"time","millisec","HOUR_CLS_CODE","ASKP1","ASKP2","ASKP3","ASKP4","ASKP5","ASKP6","ASKP7","ASKP8","ASKP9","ASKP10","BIDP1","BIDP2","BIDP3","BIDP4","BIDP5","BIDP6","BIDP7","BIDP8","BIDP9","BIDP10","ASKP_RSQN1","ASKP_RSQN2","ASKP_RSQN3","ASKP_RSQN4","ASKP_RSQN5","ASKP_RSQN6","ASKP_RSQN7","ASKP_RSQN8","ASKP_RSQN9","ASKP_RSQN10","BIDP_RSQN1","BIDP_RSQN2","BIDP_RSQN3","BIDP_RSQN4","BIDP_RSQN5","BIDP_RSQN6","BIDP_RSQN7","BIDP_RSQN8","BIDP_RSQN9","BIDP_RSQN10","TOTAL_ASKP_RSQN","TOTAL_BIDP_RSQN","OVTM_TOTAL_ASKP_RSQN","OVTM_TOTAL_BIDP_RSQN","ANTC_CNPR","ANTC_CNQN","ANTC_VOL","ANTC_CNTG_VRSS","ANTC_CNTG_VRSS_SIGN","ANTC_CNTG_PRDY_CTRT","ACML_VOL","TOTAL_ASKP_RSQN_ICDC","TOTAL_BIDP_RSQN_ICDC","OVTM_TOTAL_ASKP_ICDC","OVTM_TOTAL_BIDP_ICDC","STCK_DEAL_CLS_CODE","KMID_PRC","KMID_TOTAL_RSQN","KMID_CLS_CODE","NMID_PRC","NMID_TOTAL_RSQN","NMID_CLS_CODE"
"080000","0000","0","440000","448000","480000","489500","499500","0","0","0","0","0","429500","425000","415000","414000","413500","410500","387000","350000","310000","0","1","30","1","3","11","0","0","0","0","0","2","1","10","15","120","4","5","270","48","0","46","475","0","0","0","0","0","-432000","5","-100.00","0","0","0","0","0","","0","0","0","","",""
"080000","0001","0","437000","440000","445000","445500","446000","446500","447000","447500","448000","448500","429500","425000","420000","417000","415000","414000","413500","412000","410500","410000","15","1","1","1","1","1","1","1","31","1","2","1","1","3","11","15","120","1","4","50","54","208","0","0","0","0","0","-432000","5","-100.00","0","8","-267","0","0","","0","0","0","","",""
"080001","0000","0","432000","437000","440000","442000","445000","445500","446000","446500","447000","447500","429500","426500","425000","420000","418000","417000","415000","414000","413500","413000","59","15","1","1","1","1","101","1","1","1","2","3","2","1","40","3","11","15","120","1","182","198","0","0","0","0","0","-432000","5","-100.00","0","128","-10","0","0","","0","0","0","","",""
"080001","0001","0","430000","432000","437000","439500","440000","442000","444500","445000","445500","446000","429500","426500","425000","420500","420000","418000","417000","415500","415000","414000","30","57","15","10","1","1","10","1","1","101","1","3","7","40","1","40","3","10","11","15","227","131","0","0","0","0","0","-432000","5","-100.00","3","45","-67","0","0","","0","0","0","","",""
"080002","0000","0","430000","432000","435500","437000","439500","440000","442000","444500","445000","445500","429500","426500","425000","420500","420000","418000","417000","415500","415000","414000","26","57","25","15","10","1","1","10","1","1","13","3","7","40","1","40","3","10","11","15","147","143","0","0","0","0","0","-432000","5","-100.00","7","-80","12","0","0","","0","0","0","","",""
"080003","0000","0","427000","430000","432000","435500","436000","437000","439500","440000","442000","444500","426500","425000","420500","420000","418000","417000","415500","415000","414000","413500","17","26","57","25","15","15","10","1","1","10","3","7","40","1","40","3","10","11","15","120","177","250","0","0","0","0","0","-432000","5","-100.00","20","30","107","0","0","","0","0","0","","",""
"080003","0001","0","427000","430000","432000","435500","436000","437000","438500","439500","440000","442000","426500","425000","420500","420000","418000","417000","415500","415000","414000","413500","17","26","57","25","15","15","1","10","1","1","3","8","40","1","40","3","10","11","15","120","168","251","0","0","0","0","0","-432000","5","-100.00","20","-9","1","0","0","","0","0","0","","",""
"080003","0002","0","427000","430000","432000","435500","436000","437000","438500","439500","440000","442000","426500","425000","420500","420000","418000","417000","415500","415000","414000","413500","17","43","57","25","15","15","1","10","1","1","3","8","40","1","40","3","10","11","15","120","185","251","0","0","0","0","0","-432000","5","-100.00","20","17","0","0","0","","0","0","0","","",""
"080004","0000","0","427000","430000","432000","434000","435500","436000","437000","438500","439500","440000","426500","425000","424000","420500","420000","418000","417000","415500","415000","414000","17","17","57","26","25","15","15","1","10","18","3","8","1","40","1","40","3","10","11","15","201","132","0","0","0","0","0","-432000","5","-100.00","20","16","-119","0","0","","0","0","0","","",""
"080004","0001","0","432000","434000","435500","436000","437000","438500","439500","440000","442000","444500","430500","426500","425000","424000","422000","420500","420000","418000","417000","415500","57","26","25","15","15","1","10","18","1","10","2431","3","8","1","1","40","21","40","3","10","178","2558","0","0","0","0","0","-432000","5","-100.00","89","-23","2406","0","0","","0","0","0","","",""
"080004","0002","0","432000","433500","434000","435500","436000","437000","438500","439500","440000","442000","430500","426500","425000","424000","422000","420500","420000","418000","417000","415500","61","4","26","25","15","15","1","10","18","1","2426","3","8","1","1","40","21","40","3","10","176","2553","0","0","0","0","0","-432000","5","-100.00","94","-2","-5","0","0","","0","0","0","","",""
"080005","0000","0","432000","433500","434000","435500","436000","437000","438500","439500","440000","442000","430500","426500","425000","424000","422000","420500","420000","418000","417000","416000","63","4","26","25","15","15","1","10","18","1","2415","3","8","1","1","40","21","40","3","22","178","2554","0","0","0","0","0","-432000","5","-100.00","105","0","6","0","0","","0","0","0","","",""
"080005","0001","0","432000","433500","434000","435500","436000","437000","438500","439500","440000","442000","430500","426500","425000","424000","422000","421000","420500","420000","418000","417000","63","4","26","25","15","15","1","10","18","1","2415","3","8","1","1","1","40","21","40","3","178","2533","0","0","0","0","0","-432000","5","-100.00","105","0","-21","0","0","","0","0","0","","",""
"080005","0002","0","432000","433500","434000","435500","436000","437000","438500","439500","440000","442000","430500","426500","425000","424000","423500","422000","421000","420500","420000","418000","63","4","26","25","15","15","1","10","18","1","2415","3","8","1","2","1","1","40","21","40","178","2532","0","0","0","0","0","-432000","5","-100.00","105","0","-1","0","0","","0","0","0","","",""
"080005","0003","0","432000","433500","434000","435500","436000","437000","438500","439500","440000","442000","430500","426500","425000","424000","423500","422000","421000","420500","420000","418000","63","4","26","25","15","15","1","10","39","1","2415","3","8","1","2","1","1","40","21","40","199","2532","0","0","0","0","0","-432000","5","-100.00","105","21","0","0","0","","0","0","0","","",""
"080005","0004","0","432000","433500","434000","435500","436000","437000","438500","439500","440000","442000","430500","426500","425000","424000","423500","422000","421000","420500","420000","418000","63","4","26","25","15","15","1","10","39","1","2415","3","8","1","2","1","1","40","32","40","199","2543","0","0","0","0","0","-432000","5","-100.00","105","0","10","0","0","","0","0","0","","",""
"080006","0000","0","432000","433500","434000","435500","436000","437000","438500","439500","440000","442000","430500","426500","425000","424000","423500","422500","422000","421000","420500","420000","63","4","26","25","15","15","1","10","39","1","2415","3","8","1","2","1","1","1","40","32","199","2504","0","0","0","0","0","-432000","5","-100.00","105","0","-39","0","0","","0","0","0","","",""
"080007","0000","0","432000","433500","434000","435000","435500","436000","437000","438500","439500","440000","430500","426500","425000","424000","423500","422500","422000","421000","420500","420000","63","4","26","10","25","15","15","1","10","39","2415","3","9","1","2","1","1","1","40","32","208","2505","0","0","0","0","0","-432000","5","-100.00","105","9","1","0","0","","0","0","0","","",""
"080007","0001","0","432000","433500","434000","435000","435500","436000","437000","438500","439500","440000","430500","426500","425000","424000","423500","422500","422000","421000","420500","420000","63","4","26","10","25","15","15","1","10","39","2415","3","9","1","2","1","1","1","40","32","208","2505","0","0","0","0","0","-432000","5","-100.00","105","0","0","0","0","","0","0","0","","",""
"080007","0002","0","432000","433500","434000","435000","435500","436000","437000","438500","439500","440000","431500","430500","426500","425000","424000","423500","422500","422000","421000","420500","63","4","26","10","25","15","15","1","10","39","22","2415","3","9","1","2","1","1","1","40","208","2495","0","0","0","0","0","-432000","5","-100.00","105","0","-10","0","0","","0","0","0","","",""
"080008","0000","0","432000","433500","434000","435000","435500","436000","437000","438500","439500","440000","431500","430500","429500","426500","425000","424000","423500","422500","422000","421000","61","4","26","10","25","15","15","1","10","39","22","2415","1","3","9","1","2","1","1","1","206","2456","0","0","0","0","0","-432000","5","-100.00","107","-2","-39","0","0","","0","0","0","","",""
"080008","0001","0","432000","433500","434000","435000","435500","436000","437000","438500","439500","440000","431500","430500","429500","426500","425000","424000","423500","422500","422000","421000","60","4","26","10","25","15","15","1","10","39","22","2415","1","3","9","1","2","1","1","1","205","2456","0","0","0","0","0","-432000","5","-100.00","108","-1","0","0","0","","0","0","0","","",""
"080009","0000","0","432000","433500","434000","435000","435500","436000","437000","438500","439500","440000","431500","430500","429500","426500","425000","424000","423500","422500","422000","421000","60","4","26","10","25","15","15","1","10","39","22","2415","1","4","9","1","2","1","1","1","205","2457","0","0","0","0","0","-432000","5","-100.00","108","0","1","0","0","","0","0","0","","",""
"080009","0001","0","432000","433500","434000","435000","435500","436000","437000","438500","439500","440000","431500","430500","429500","426500","425000","424000","423500","422500","422000","421000","60","4","26","10","25","15","15","1","10","54","22","2415","2","4","9","1","2","1","1","1","220","2458","0","0","0","0","0","-432000","5","-100.00","108","15","0","0","0","","0","0","0","","",""
"080010","0000","0","432000","433500","434000","435000","435500","436000","437000","438500","439500","440000","431500","430500","429500","426500","425000","424500","424000","423500","422500","422000","70","4","26","10","25","15","15","1","10","54","22","2415","2","4","9","5","1","2","1","1","230","2462","0","0","0","0","0","-432000","5","-100.00","113","10","4","0","0","","0","0","0","","",""
"080010","0001","0","432000","433500","434000","435000","435500","436000","437000","438500","439500","440000","431500","430500","429500","426500","425000","424500","424000","423500","422500","422000","70","14","26","10","25","15","15","1","10","54","22","2415","2","4","9","5","1","2","1","1","240","2462","0","0","0","0","0","-432000","5","-100.00","113","10","0","0","0","","0","0","0","","",""
"080010","0002","0","432000","433500","434000","435000","435500","436000","437000","438000","438500","439500","431500","430500","429500","426500","425000","424500","424000","423500","422500","422000","70","14","26","10","25","15","15","1","1","10","22","2415","2","4","9","5","1","2","1","1","187","2462","0","0","0","0","0","-432000","5","-100.00","113","-53","0","0","0","","0","0","0","","",""
"080011","0000","0","432000","433500","434000","435000","435500","436000","437000","438000","438500","439500","431500","430500","429500","426500","425000","424500","424000","423500","422500","422000","73","14","26","10","25","15","15","1","1","10","22","2415","2","4","9","5","1","2","1","1","190","2462","0","0","0","0","0","-432000","5","-100.00","117","-7","0","0","0","","0","0","0","","",""
"080012","0000","0","432000","433500","434000","435000","435500","436000","437000","438000","438500","439500","431500","430500","429500","426500","425000","424500","424000","423500","422500","422000","73","15","26","10","25","15","15","1","1","10","22","2415","2","4","9","5","1","2","1","1","191","2462","0","0","0","0","0","-432000","5","-100.00","117","1","0","0","0","","0","0","0","","",""
"080012","0001","0","432000","433500","434000","435000","435500","436000","437000","438000","438500","439500","431500","430500","429500","426500","425000","424500","424000","423500","422500","422000","70","15","26","10","25","25","15","1","1","10","22","2415","2","4","9","5","1","2","1","1","198","2462","0","0","0","0","0","-432000","5","-100.00","120","10","0","0","0","","0","0","0","","",""
"080012","0002","0","432000","433500","434000","435000","435500","436000","437000","438000","438500","439500","431500","430500","429500","426500","425000","424500","424000","423500","422500","422000","73","15","26","10","25","25","15","1","1","10","22","2415","2","4","9","5","1","2","1","1","201","2462","0","0","0","0","0","-432000","5","-100.00","120","3","0","0","0","","0","0","0","","",""
"080013","0000","0","432000","433500","434000","435000","435500","436000","437000","438000","438500","439500","431500","430500","429500","426500","425000","424500","424000","423500","422500","422000","73","15","26","10","25","25","15","1","1","10","17","2415","2","4","9","5","1","2","1","1","201","2457","0","0","0","0","0","-432000","5","-100.00","125","0","-5","0","0","","0","0","0","","",""
"080014","0000","0","432000","433500","434000","435000","435500","436000","437000","438000","438500","439500","431500","430500","429500","426500","425000","424500","424000","423500","422500","422000","83","15","26","10","25","25","15","1","1","10","17","2415","2","4","9","5","1","2","1","1","211","2457","0","0","0","0","0","-432000","5","-100.00","125","10","0","0","0","","0","0","0","","",""
"080014","0001","0","432000","433500","434000","435000","435500","436000","437000","438000","438500","439500","431500","430500","429500","426500","425000","424500","424000","423500","422500","422000","94","15","26","10","25","25","15","1","1","10","17","2415","2","4","9","5","1","2","1","1","222","2457","0","0","0","0","0","-432000","5","-100.00","125","11","0","0","0","","0","0","0","","",""
"080015","0000","0","432000","433500","434000","435000","435500","436000","437000","438000","438500","439500","431500","430500","429500","426500","425000","424500","424000","423500","422500","422000","90","15","26","10","25","25","15","1","1","10","17","2415","2","4","10","5","1","2","1","1","218","2458","0","0","0","0","0","-432000","5","-100.00","125","0","1","0","0","","0","0","0","","",""
"080015","0001","0","432000","433500","434000","435000","435500","436000","437000","438000","438500","439500","431500","430500","429500","428000","427500","426500","425000","424500","424000","423500","90","15","26","10","25","25","15","1","1","10","17","2415","2","1","1","4","10","5","1","2","218","2458","0","0","0","0","0","-432000","5","-100.00","125","0","0","0","0","","0","0","0","","",""
"080015","0002","0","432000","433500","434000","435000","435500","436000","437000","438000","438500","439500","431500","430500","429500","428000","427500","426500","425000","424500","424000","423500","90","15","26","35","25","25","15","1","1","10","17","2415","2","1","1","4","10","5","1","2","243","2458","0","0","0","0","0","-432000","5","-100.00","125","25","0","0","0","","0","0","0","","",""
"080016","0000","0","432000","433500","434000","435000","435500","436000","437000","437500","438000","438500","431500","430500","429500","428000","427500","426500","425000","424500","424000","423500","848","15","26","35","25","25","15","1","1","1","17","2415","2","1","1","4","10","5","1","2","992","2458","0","0","0","0","0","-432000","5","-100.00","125","758","0","0","0","","0","0","0","","",""
"080016","0001","0","432000","433500","434000","435000","435500","436000","437000","437500","438000","438500","431500","430500","429500","428000","427500","426500","425000","424500","424000","423500","848","15","38","35","25","25","15","1","1","1","17","2415","2","1","1","4","10","5","1","2","1004","2458","0","0","0","0","0","-432000","5","-100.00","125","12","0","0","0","","0","0","0","","",""
"080017","0000","0","432000","433500","434000","435000","435500","436000","437000","437500","438000","438500","431500","430500","429500","428000","427500","426500","425000","424500","424000","423500","848","15","38","35","25","25","15","1","1","1","17","2415","2","1","11","4","10","5","1","2","1004","2468","0","0","0","0","0","-432000","5","-100.00","125","0","10","0","0","","0","0","0","","",""
"080017","0001","0","432000","433500","434000","435000","435500","436000","437000","437500","438000","438500","431500","430500","429500","428000","427500","426500","425000","424500","424000","423500","848","15","38","35","25","25","15","1","1","1","17","2415","2","1","11","4","10","6","1","2","1004","2469","0","0","0","0","0","-432000","5","-100.00","125","0","1","0","0","","0","0","0","","",""
"080017","0002","0","432000","433500","434000","435000","435500","436000","437000","437500","438000","438500","431500","430500","429500","428000","427500","426500","425000","424500","424000","423500","848","15","38","35","25","25","15","1","1","1","19","2415","2","1","11","4","10","6","1","2","1004","2471","0","0","0","0","0","-432000","5","-100.00","125","0","2","0","0","","0","0","0","","",""
"080017","0003","0","432000","432500","433500","434000","435000","435500","436000","437000","437500","438000","431500","430500","429500","428000","427500","426500","425000","424500","424000","423500","848","50","15","39","35","25","25","15","1","1","18","2415","2","1","11","4","10","6","1","2","1054","2470","0","0","0","0","0","-432000","5","-100.00","126","50","-1","0","0","","0","0","0","","",""
"080017","0004","0","432000","432500","433500","434000","435000","435500","436000","437000","437500","438000","431500","430500","429500","428000","427500","426500","425000","424500","424000","423500","848","50","15","39","35","25","25","15","1","1","17","2420","2","1","11","4","10","6","1","2","1054","2474","0","0","0","0","0","-432000","5","-100.00","127","0","5","0","0","","0","0","0","","",""
"080018","0000","0","432000","432500","433500","434000","435000","435500","436000","437000","437500","438000","431500","430500","429500","428000","427500","426500","425000","424500","424000","423500","858","50","15","39","35","25","25","15","1","1","17","2420","2","1","11","4","10","6","1","2","1064","2474","0","0","0","0","0","-432000","5","-100.00","127","10","0","0","0","","0","0","0","","",""
"080018","0001","0","432000","432500","433500","434000","435000","435500","436000","437000","437500","438000","431500","430500","429500","428000","427500","426500","425000","424500","424000","423500","868","50","15","39","35","25","25","15","1","1","17","2420","2","1","11","4","10","6","1","2","1074","2474","0","0","0","0","0","-432000","5","-100.00","127","10","0","0","0","","0","0","0","","",""
"080019","0000","0","432000","432500","433500","434000","435000","435500","436000","437000","437500","438000","431500","430500","429500","428000","427500","426500","425000","424500","424000","423500","870","50","5","39","35","25","25","15","1","1","17","2420","2","1","11","4","10","6","1","2","1066","2474","0","0","0","0","0","-432000","5","-100.00","127","2","0","0","0","","0","0","0","","",""
"080019","0001","0","432000","432500","433500","434000","435000","435500","436000","437000","437500","438000","431500","430500","429500","428000","427500","426500","425000","424500","424000","423500","860","50","5","39","35","25","25","15","1","1","7","2420","2","1","11","4","10","6","1","2","1056","2464","0","0","0","0","0","-432000","5","-100.00","137","0","-10","0","0","","0","0","0","","",""
"080019","0002","0","431500","432000","432500","433500","434000","435000","435500","436000","437000","437500","430500","429500","428000","427500","426500","425000","424500","424000","423500","423000","11","860","50","5","39","35","25","25","15","1","2420","2","1","11","4","10","6","1","2","1","1066","2458","0","0","0","0","0","-432000","5","-100.00","144","10","-6","0","0","","0","0","0","","",""
"080020","0000","0","431500","432000","432500","433500","434000","435000","435500","436000","437000","437500","430500","429500","428000","427500","426500","425000","424500","424000","423500","423000","8","860","50","5","39","35","25","25","15","1","2420","2","1","11","4","10","6","1","2","1","1063","2458","0","0","0","0","0","-432000","5","-100.00","147","-3","0","0","0","","0","0","0","","",""
"080020","0001","0","431500","432000","432500","433500","434000","435000","435500","436000","437000","437500","430500","429500","428000","427500","426500","425500","425000","424500","424000","423500","8","860","50","5","39","35","25","25","15","1","2420","2","1","11","4","1","10","6","1","2","1063","2458","0","0","0","0","0","-432000","5","-100.00","147","0","0","0","0","","0","0","0","","",""
"080021","0000","0","431500","432000","432500","433500","434000","435000","435500","436000","437000","437500","430500","429500","428000","427500","426500","425500","425000","424500","424000","423500","8","860","50","5","39","35","25","25","15","1","2420","2","1","11","5","1","10","6","1","2","1063","2459","0","0","0","0","0","-432000","5","-100.00","147","0","1","0","0","","0","0","0","","",""
"080021","0001","0","431500","432000","432500","433500","434000","435000","435500","436000","437000","437500","430500","429500","428000","427500","426500","425500","425000","424500","424000","423500","18","860","50","5","39","35","25","25","15","1","2420","2","1","11","5","1","10","6","1","2","1073","2459","0","0","0","0","0","-432000","5","-100.00","147","10","0","0","0","","0","0","0","","",""
"080022","0000","0","431500","432000","432500","433500","434000","435000","435500","436000","437000","437500","430500","429500","428000","427500","426500","425500","425000","424500","424000","423500","18","860","50","5","39","35","25","25","15","1","2420","2","1","11","5","1","10","6","1","3","1073","2460","0","0","0","0","0","-432000","5","-100.00","147","0","1","0","0","","0","0","0","","",""
"080022","0001","0","431500","432000","432500","433500","434000","435000","435500","436000","437000","437500","430500","429500","428000","427500","426500","425500","425000","424500","424000","423500","19","860","50","5","39","35","25","25","15","1","2420","2","1","11","5","1","10","6","1","3","1074","2460","0","0","0","0","0","-432000","5","-100.00","147","1","0","0","0","","0","0","0","","",""
"080023","0000","0","431500","432000","432500","433500","434000","435000","435500","436000","437000","437500","430500","429500","428000","427500","426500","425500","425000","424500","424000","423500","19","860","50","5","39","35","25","25","15","1","2335","2","1","11","5","1","10","6","1","3","1074","2375","0","0","0","0","0","-432000","5","-100.00","232","0","-85","0","0","","0","0","0","","",""
"080023","0001","0","431500","432000","432500","433500","434000","435000","435500","436000","437000","437500","430500","429500","428000","427500","426500","425500","425000","424500","424000","423500","18","860","50","5","39","35","25","25","15","1","2335","2","1","11","5","1","10","6","1","3","1073","2375","0","0","0","0","0","-432000","5","-100.00","233","-1","0","0","0","","0","0","0","","",""
"080023","0002","0","431500","432000","432500","433500","434000","435000","435500","436000","437000","437500","430500","429500","428000","427500","426500","425500","425000","424500","424000","423500","18","860","50","5","39","35","25","25","15","1","2335","2","3","11","5","1","10","6","1","3","1073","2377","0","0","0","0","0","-432000","5","-100.00","233","0","2","0","0","","0","0","0","","",""
"080024","0000","0","431500","432000","432500","433500","434000","435000","435500","436000","437000","437500","430500","429500","428000","427500","426500","425500","425000","424500","424000","423500","23","860","50","5","39","35","25","25","15","1","2335","2","3","11","5","1","10","6","1","3","1078","2377","0","0","0","0","0","-432000","5","-100.00","233","5","0","0","0","","0","0","0","","",""
"080024","0001","0","431500","432000","432500","433500","434000","435000","435500","436000","437000","437500","430500","429500","428000","427500","426500","425500","425000","424500","424000","423500","23","860","50","5","39","35","25","25","15","1","2335","2","3","11","5","1","11","6","1","3","1078","2378","0","0","0","0","0","-432000","5","-100.00","233","0","1","0","0","","0","0","0","","",""
"080025","0000","0","431500","432000","432500","433500","434000","435000","435500","436000","437000","437500","430500","429500","428000","427500","426500","425500","425000","424500","424000","423500","51","861","50","5","39","35","25","25","15","1","2335","2","3","11","5","1","11","6","1","3","1107","2378","0","0","0","0","0","-432000","5","-100.00","234","0","0","0","0","","0","0","0","","",""
"080025","0001","0","431500","432000","432500","433500","434000","435000","435500","436000","437000","437500","430500","429500","428000","427500","426500","425500","425000","424500","424000","423500","50","861","50","5","39","35","25","25","15","1","2313","2","3","11","5","1","11","6","1","3","1106","2356","0","0","0","0","0","-432000","5","-100.00","257","0","-22","0","0","","0","0","0","","",""
"080025","0002","0","431500","432000","432500","433500","434000","435000","435500","436000","437000","437500","430500","429500","428000","427500","426500","425500","425000","424500","424000","423500","53","861","50","5","39","35","25","25","15","1","2313","2","3","11","5","1","11","6","1","3","1109","2356","0","0","0","0","0","-432000","5","-100.00","257","3","0","0","0","","0","0","0","","",""
"080026","0000","0","431500","432000","432500","433500","434000","435000","435500","436000","437000","437500","430500","429500","428000","427500","426500","425500","425000","424500","424000","423500","54","861","50","5","39","35","25","25","15","1","2313","2","3","11","5","1","11","6","1","3","1110","2356","0","0","0","0","0","-432000","5","-100.00","257","1","0","0","0","","0","0","0","","",""
"080026","0001","0","431500","432000","432500","433500","434000","435000","435500","436000","437000","437500","430500","429500","428000","427500","426500","425500","425000","424500","424000","423500","54","861","50","5","39","35","25","25","15","1","2314","2","3","11","5","1","11","6","1","3","1110","2357","0","0","0","0","0","-432000","5","-100.00","257","0","1","0","0","","0","0","0","","",""
"080027","0000","0","431500","432000","432500","433500","434000","435000","435500","436000","437000","437500","430500","429500","428000","427500","426500","425500","425000","424500","424000","423500","65","861","50","5","39","35","25","25","15","1","2309","2","3","11","5","1","11","6","1","3","1121","2352","0","0","0","0","0","-432000","5","-100.00","262","11","-5","0","0","","0","0","0","","",""
"080027","0001","0","431500","432000","432500","433500","434000","435000","435500","436000","437000","437500","430500","429500","428000","427500","426500","425500","425000","424500","424000","423500","69","861","50","5","39","35","25","25","15","1","2309","2","3","11","5","1","12","6","1","3","1125","2353","0","0","0","0","0","-432000","5","-100.00","263","-1","0","0","0","","0","0","0","","",""
"080027","0002","0","431500","432000","432500","433500","434000","435000","435500","436000","437000","437500","430500","429500","428000","427500","426500","425500","425000","424500","424000","423500","69","861","50","5","39","35","25","25","15","1","2299","2","3","11","5","1","12","6","1","3","1125","2343","0","0","0","0","0","-432000","5","-100.00","273","0","-10","0","0","","0","0","0","","",""
"080028","0000","0","431500","432000","432500","433500","434000","435000","435500","436000","437000","437500","431000","430500","429500","428000","427500","426500","425500","425000","424500","424000","66","861","50","5","39","35","25","25","15","1","1","2299","2","3","11","5","1","12","6","1","1122","2341","0","0","0","0","0","-432000","5","-100.00","276","-3","0","0","0","","0","0","0","","",""
"080028","0001","0","431500","432000","432500","433500","434000","435000","435500","436000","437000","437500","431000","430500","429500","428000","427500","426500","425500","425000","424500","424000","68","861","50","5","39","35","25","25","15","1","1","2299","2","3","11","5","1","12","6","1","1124","2341","0","0","0","0","0","-432000","5","-100.00","276","2","0","0","0","","0","0","0","","",""
"080029","0000","0","431500","432000","432500","433500","434000","435000","435500","436000","437000","437500","430500","429500","428000","427500","426500","425500","425000","424500","424000","423500","68","851","50","5","39","35","25","25","15","1","2290","2","3","11","5","1","12","6","1","3","1114","2334","0","0","0","0","0","-432000","5","-100.00","286","-10","-7","0","0","","0","0","0","","",""
"080029","0001","0","431500","432000","432500","433500","434000","435000","435500","436000","437000","437500","430500","429500","428000","427500","426500","425500","425000","424500","424000","423500","68","851","50","5","39","35","25","25","15","1","2282","2","3","11","5","1","12","6","1","3","1114","2326","0","0","0","0","0","-432000","5","-100.00","294","0","-8","0","0","","0","0","0","","",""
"080029","0002","0","431500","432000","432500","433500","434000","435000","435500","436000","437000","437500","430500","429500","428000","427500","426500","425500","425000","424500","424000","423500","68","851","50","5","39","35","25","25","15","1","2281","2","3","11","5","1","12","6","1","3","1114","2325","0","0","0","0","0","-432000","5","-100.00","295","0","-1","0","0","","0","0","0","","",""
"080029","0003","0","431500","432000","432500","433500","434000","435000","435500","436000","437000","437500","430500","429500","428000","427500","426500","425500","425000","424500","424000","423500","72","851","50","5","39","35","25","25","15","1","2281","2","3","11","5","1","12","6","1","3","1118","2325","0","0","0","0","0","-432000","5","-100.00","295","4","0","0","0","","0","0","0","","",""
"080030","0000","0","431500","432000","432500","433500","434000","435000","435500","436000","437000","437500","430500","429500","429000","428000","427500","426500","425500","425000","424500","424000","71","851","50","5","39","35","25","25","15","1","2281","2","1","3","11","5","1","12","6","1","1117","2323","0","0","0","0","0","-432000","5","-100.00","296","-1","0","0","0","","0","0","0","","",""
"080030","0001","0","431500","432000","432500","433500","434000","435000","435500","436000","437000","437500","430500","429500","429000","428000","427500","426500","425500","425000","424500","424000","75","818","50","5","39","35","25","26","15","1","2281","2","1","3","11","5","1","12","6","1","1089","2323","0","0","0","0","0","-432000","5","-100.00","296","1","0","0","0","","0","0","0","","",""
"080030","0002","0","431500","432000","432500","433500","434000","435000","435500","436000","437000","437500","430500","429500","429000","428000","427500","426500","425500","425000","424500","424000","75","893","50","5","39","35","25","26","15","1","2281","2","1","3","11","5","1","12","6","1","1164","2323","0","0","0","0","0","-432000","5","-100.00","296","75","0","0","0","","0","0","0","","",""
"080031","0000","0","431500","432000","432500","433500","434000","435000","435500","436000","437000","437500","430500","429500","429000","428000","427500","426500","425500","425000","424500","424000","71","893","50","5","39","35","25","26","15","1","2278","2","1","3","11","5","1","12","6","1","1160","2320","0","0","0","0","0","-432000","5","-100.00","303","-4","-3","0","0","","0","0","0","","",""
"080031","0001","0","431500","432000","432500","433500","434000","435000","435500","436000","437000","437500","430500","429500","429000","428000","427500","426500","425500","425000","424500","424000","72","893","50","5","39","35","25","26","15","1","2278","2","1","3","11","5","1","12","6","1","1161","2320","0","0","0","0","0","-432000","5","-100.00","303","1","0","0","0","","0","0","0","","",""
"080032","0000","0","431500","432000","432500","433500","434000","435000","435500","436000","437000","437500","430500","429500","429000","428000","427500","426500","425500","425000","424500","424000","69","893","50","5","39","35","25","26","15","1","2278","2","1","3","11","5","1","12","6","1","1158","2320","0","0","0","0","0","-432000","5","-100.00","306","-3","0","0","0","","0","0","0","","",""
"080032","0001","0","431500","432000","432500","433500","434000","435000","435500","436000","437000","437500","430500","429500","429000","428000","427500","426500","425500","425000","424500","424000","69","893","50","5","39","35","25","26","15","1","2278","4","1","3","11","5","1","12","6","1","1158","2322","0","0","0","0","0","-432000","5","-100.00","306","0","2","0","0","","0","0","0","","",""
"080032","0002","0","431500","432000","432500","433500","434000","435000","435500","436000","437000","437500","430500","429500","429000","428000","427500","426500","425500","425000","424500","424000","94","893","50","8","39","35","25","26","15","1","2278","4","1","3","11","5","1","12","6","1","1186","2322","0","0","0","0","0","-432000","5","-100.00","306","25","0","0","0","","0","0","0","","",""
"080032","0003","0","431500","432000","432500","433500","434000","435000","435500","436000","437000","437500","430500","429500","429000","428000","427500","426500","425500","425000","424500","424000","93","893","50","8","39","35","25","26","15","1","2278","4","1","3","11","5","1","12","8","1","1185","2324","0","0","0","0","0","-432000","5","-100.00","307","-1","2","0","0","","0","0","0","","",""
"080033","0000","0","431500","432000","432500","433500","434000","435000","435500","436000","437000","437500","430500","429500","429000","428000","427500","426500","425500","425000","424500","424000","93","893","50","18","39","35","25","26","15","1","2278","4","1","3","11","5","1","22","8","1","1195","2334","0","0","0","0","0","-432000","5","-100.00","307","10","10","0","0","","0","0","0","","",""
"080034","0000","0","431500","432000","432500","433500","434000","435000","435500","436000","437000","437500","430500","429500","429000","428000","427500","426500","425500","425000","424500","424000","93","893","50","18","39","35","25","26","15","1","2273","4","1","3","11","5","1","22","8","1","1195","2329","0","0","0","0","0","-432000","5","-100.00","312","0","-5","0","0","","0","0","0","","",""
"080034","0001","0","431500","432000","432500","433500","434000","435000","435500","436000","437000","437500","430500","429500","429000","428000","427500","426500","425500","425000","424500","424000","86","893","50","18","39","35","25","26","15","1","2243","4","1","3","11","5","1","22","9","1","1188","2300","0","0","0","0","0","-432000","5","-100.00","352","0","1","0","0","","0","0","0","","",""
"080034","0002","0","431500","432000","432500","433500","434000","435000","435500","436000","437000","437500","430500","429500","429000","428000","427500","426500","425500","425000","424500","424000","97","882","50","18","39","35","25","26","15","1","2243","4","1","3","11","5","1","22","9","1","1188","2300","0","0","0","0","0","-432000","5","-100.00","352","11","0","0","0","","0","0","0","","",""
"080034","0003","0","431500","432000","432500","433500","434000","435000","435500","436000","437000","437500","430500","429500","429000","428000","427500","426500","425500","425000","424500","424000","52","882","50","18","39","35","25","26","15","1","2243","4","1","3","11","5","1","22","9","1","1143","2300","0","0","0","0","0","-432000","5","-100.00","397","-45","0","0","0","","0","0","0","","",""
"080035","0000","0","431500","432000","432500","433500","434000","435000","435500","436000","437000","437500","430500","429500","429000","428000","427500","426500","425500","425000","424500","424000","54","882","50","18","39","35","25","26","15","1","2243","4","1","3","11","5","1","22","9","1","1145","2300","0","0","0","0","0","-432000","5","-100.00","397","2","0","0","0","","0","0","0","","",""
"080035","0001","0","431500","432000","432500","433500","434000","435000","435500","436000","437000","437500","431000","430500","429500","429000","428000","427500","426500","425500","425000","424500","54","872","50","18","39","35","25","26","15","1","3","2243","4","1","3","11","5","1","22","9","1135","2302","0","0","0","0","0","-432000","5","-100.00","397","0","2","0","0","","0","0","0","","",""
"080035","0002","0","431500","432000","432500","433500","434000","435000","435500","436000","437000","437500","431000","430500","429500","429000","428000","427500","426500","425500","425000","424500","54","872","50","18","39","35","25","26","15","8","3","2243","4","1","3","11","5","1","22","9","1142","2302","0","0","0","0","0","-432000","5","-100.00","397","7","0","0","0","","0","0","0","","",""
"080036","0000","0","431500","432000","432500","433500","434000","435000","435500","436000","437000","437500","430500","429500","429000","428000","427500","426500","425500","425000","424500","424000","53","872","50","18","39","35","25","26","15","8","2228","4","1","3","11","5","1","22","9","1","1141","2285","0","0","0","0","0","-432000","5","-100.00","417","-1","0","0","0","","0","0","0","","",""
"080036","0001","0","431500","432000","432500","433500","434000","435000","435500","436000","437000","437500","430500","429500","429000","428000","427500","426500","425500","425000","424500","424000","68","872","50","18","39","35","25","26","15","8","2228","4","1","3","11","5","1","22","9","1","1156","2285","0","0","0","0","0","-432000","5","-100.00","417","15","0","0","0","","0","0","0","","",""
"080037","0000","0","431500","432000","432500","433000","433500","434000","435000","435500","436000","437000","430500","429500","429000","428000","427500","426500","425500","425000","424500","424000","68","872","50","21","18","39","35","25","26","15","2228","4","1","3","11","5","1","22","9","1","1169","2285","0","0","0","0","0","-432000","5","-100.00","417","13","0","0","0","","0","0","0","","",""
"080037","0001","0","431500","432000","432500","433000","433500","434000","435000","435500","436000","437000","430500","429500","429000","428000","427500","426500","425500","425000","424500","424000","69","872","50","21","18","39","35","25","26","15","2228","4","1","3","11","5","1","22","9","1","1170","2285","0","0","0","0","0","-432000","5","-100.00","417","1","0","0","0","","0","0","0","","",""
"080037","0002","0","431500","432000","432500","433000","433500","434000","435000","435500","436000","437000","430500","429500","429000","428000","427500","426500","425500","425000","424500","424000","69","870","50","21","18","39","37","25","26","15","2228","4","1","3","11","5","1","22","9","1","1170","2285","0","0","0","0","0","-432000","5","-100.00","417","0","0","0","0","","0","0","0","","",""
"080038","0000","0","431500","432000","432500","433000","433500","434000","435000","435500","436000","437000","430500","429500","429000","428000","427500","426500","425500","425000","424500","424000","69","870","50","21","18","39","37","25","26","15","2221","4","1","3","11","5","1","22","9","1","1170","2278","0","0","0","0","0","-432000","5","-100.00","424","0","-7","0","0","","0","0","0","","",""
"080038","0001","0","431500","432000","432500","433000","433500","434000","435000","435500","436000","437000","430500","429500","429000","428000","427500","426500","425500","425000","424500","424000","69","870","50","21","19","39","37","25","26","15","2221","4","1","3","11","5","1","22","9","1","1171","2278","0","0","0","0","0","-432000","5","-100.00","424","1","0","0","0","","0","0","0","","",""
"080039","0000","0","431500","432000","432500","433000","433500","434000","435000","435500","436000","437000","430500","429500","429000","428000","427500","426500","425500","425000","424500","424000","119","870","50","21","19","39","37","25","26","15","2221","4","1","3","11","5","1","22","9","1","1221","2278","0","0","0","0","0","-432000","5","-100.00","424","50","0","0","0","","0","0","0","","",""
"080039","0001","0","431500","432000","432500","433000","433500","434000","435000","435500","436000","437000","430500","429500","429000","428000","427500","426500","425500","425000","424500","424000","125","870","50","21","19","39","37","25","26","15","2221","4","1","3","11","5","1","22","9","1","1227","2278","0","0","0","0","0","-432000","5","-100.00","424","5","0","0","0","","0","0","0","","",""
"080039","0002","0","431500","432000","432500","433000","433500","434000","435000","435500","436000","437000","430500","429500","429000","428000","427500","426500","425500","425000","424500","424000","208","870","50","21","19","39","37","25","26","15","2221","4","1","3","11","5","1","22","9","1","1310","2278","0","0","0","0","0","-432000","5","-100.00","424","83","0","0","0","","0","0","0","","",""
"080040","0000","0","431500","432000","432500","433000","433500","434000","435000","435500","436000","437000","430500","429500","429000","428000","427500","426500","425500","425000","424500","424000","208","870","50","21","19","39","37","25","26","15","2222","4","1","3","11","5","1","22","9","1","1310","2279","0","0","0","0","0","-432000","5","-100.00","424","0","1","0","0","","0","0","0","","",""
"080040","0001","0","431500","432000","432500","433000","433500","434000","435000","435500","436000","437000","430500","429500","429000","428000","427500","426500","425500","425000","424500","424000","209","870","50","21","19","39","37","25","26","15","2223","4","1","3","11","5","1","22","9","1","1311","2280","0","0","0","0","0","-432000","5","-100.00","424","1","1","0","0","","0","0","0","","",""
"080040","0002","0","431500","432000","432500","433000","433500","434000","435000","435500","436000","437000","430500","429500","429000","428000","427500","426500","425500","425000","424500","424000","207","870","50","21","19","39","37","25","26","15","2223","4","1","3","11","5","1","22","9","1","1309","2280","0","0","0","0","0","-432000","5","-100.00","426","-2","0","0","0","","0","0","0","","",""
"080041","0000","0","431500","432000","432500","433000","433500","434000","435000","435500","436000","437000","431000","430500","429500","429000","428000","427500","426500","425500","425000","424500","207","870","50","21","19","39","37","25","26","15","10","2223","4","1","3","11","5","1","22","9","1309","2289","0","0","0","0","0","-432000","5","-100.00","426","0","9","0","0","","0","0","0","","",""
"080041","0001","0","431500","432000","432500","433000","433500","434000","435000","435500","436000","437000","431000","430500","429500","429000","428000","427500","426500","425500","425000","424500","207","870","50","21","19","39","37","25","26","15","10","2225","4","1","3","11","5","1","22","9","1309","2291","0","0","0","0","0","-432000","5","-100.00","426","0","2","0","0","","0","0","0","","",""
"080041","0002","0","431500","432000","432500","433000","433500","434000","435000","435500","436000","437000","431000","430500","429500","429000","428000","427500","426500","425500","425000","424500","192","870","50","21","19","39","37","25","26","15","10","2226","4","1","3","11","5","1","22","9","1294","2292","0","0","0","0","0","-432000","5","-100.00","426","-15","0","0","0","","0","0","0","","",""
"080042","0000","0","431500","432000","432500","433000","433500","434000","435000","435500","436000","437000","431000","430500","429500","429000","428000","427500","426500","425500","425000","424500","192","870","50","21","19","39","37","25","26","15","10","2227","4","1","3","11","5","1","22","9","1294","2293","0","0","0","0","0","-432000","5","-100.00","426","0","1","0","0","","0","0","0","","",""
"080042","0001","0","431500","432000","432500","433000","433500","434000","435000","435500","436000","437000","431000","430500","429500","429000","428000","427500","426500","425500","425000","424500","222","870","50","21","19","39","37","25","26","15","10","2227","4","1","5","11","5","1","22","9","1324","2295","0","0","0","0","0","-432000","5","-100.00","426","30","0","0","0","","0","0","0","","",""
"080042","0002","0","431500","432000","432500","433000","433500","434000","435000","435500","436000","437000","431000","430500","429500","429000","428000","427500","426500","425500","425000","424500","222","870","50","21","19","39","37","25","26","15","10","2247","4","1","5","11","5","1","22","9","1324","2315","0","0","0","0","0","-432000","5","-100.00","426","0","20","0","0","","0","0","0","","",""
"080042","0003","0","431500","432000","432500","433000","433500","434000","435000","435500","436000","437000","431000","430500","429500","429000","428000","427500","426500","425500","425000","424500","220","870","50","21","19","39","37","25","26","15","10","2247","4","1","5","11","5","1","22","9","1322","2315","0","0","0","0","0","-432000","5","-100.00","428","-2","0","0","0","","0","0","0","","",""
"080043","0000","0","431500","432000","432500","433000","433500","434000","435000","435500","436000","437000","431000","430500","429500","429000","428000","427500","426500","425500","425000","424500","230","870","50","21","19","39","37","25","26","15","10","2247","4","1","5","11","5","1","22","9","1332","2315","0","0","0","0","0","-432000","5","-100.00","428","10","0","0","0","","0","0","0","","",""
"080044","0000","0","431500","432000","432500","433000","433500","434000","435000","435500","436000","437000","431000","430500","430000","429500","429000","428000","427500","426500","425500","425000","230","870","50","21","19","39","37","25","26","15","10","2247","1","4","1","5","11","5","1","22","1332","2307","0","0","0","0","0","-432000","5","-100.00","428","0","-8","0","0","","0","0","0","","",""
"080044","0001","0","431500","432000","432500","433000","433500","434000","435000","435500","436000","437000","431000","430500","430000","429500","429000","428000","427500","426500","425500","425000","260","870","50","21","19","39","37","25","26","15","10","2247","1","4","1","5","11","5","1","22","1362","2307","0","0","0","0","0","-432000","5","-100.00","428","30","0","0","0","","0","0","0","","",""
"080045","0000","0","431500","432000","432500","433000","433500","434000","435000","435500","436000","437000","431000","430500","430000","429500","429000","428000","427500","426500","425500","425000","256","870","50","21","19","39","37","25","26","15","10","2247","1","4","1","5","16","5","1","22","1358","2312","0","0","0","0","0","-432000","5","-100.00","432","0","5","0","0","","0","0","0","","",""
"080045","0001","0","431500","432000","432500","433000","433500","434000","435000","435500","436000","437000","431000","430500","430000","429500","429000","428000","427500","426500","425500","425000","257","870","50","21","19","39","37","25","26","15","10","2247","1","4","1","5","16","5","1","23","1359","2313","0","0","0","0","0","-432000","5","-100.00","432","1","1","0","0","","0","0","0","","",""
"080045","0002","0","431500","432000","432500","433000","433500","434000","435000","435500","436000","437000","431000","430500","430000","429500","429000","428000","427500","426500","425500","425000","257","870","50","21","19","39","37","25","26","15","10","2247","1","4","1","5","16","5","2","23","1359","2314","0","0","0","0","0","-432000","5","-100.00","432","0","1","0","0","","0","0","0","","",""
"080045","0003","0","431500","432000","432500","433000","433500","434000","435000","435500","436000","437000","431000","430500","430000","429500","429000","428000","427500","426500","425500","425000","279","870","50","21","19","39","37","25","26","15","10","2247","1","4","1","5","17","5","2","23","1381","2315","0","0","0","0","0","-432000","5","-100.00","432","0","1","0","0","","0","0","0","","",""
"080045","0004","0","431500","432000","432500","433000","433500","434000","435000","435500","436000","437000","431000","430500","430000","429500","429000","428000","427500","426500","425500","425000","279","870","50","21","19","39","37","25","26","15","10","2247","1","4","1","7","17","5","2","23","1381","2317","0","0","0","0","0","-432000","5","-100.00","432","0","2","0","0","","0","0","0","","",""
"080046","0000","0","431500","432000","432500","433000","433500","434000","435000","435500","436000","437000","431000","430500","430000","429500","429000","428000","427500","426500","425500","425000","279","870","50","21","19","39","37","25","26","15","10","2248","1","4","1","7","17","5","2","23","1381","2318","0","0","0","0","0","-432000","5","-100.00","432","0","1","0","0","","0","0","0","","",""
"080047","0000","0","431500","432000","432500","433000","433500","434000","435000","435500","436000","437000","431000","430500","430000","429500","429000","428000","427500","426500","425500","425000","279","870","50","21","19","39","37","25","26","15","10","2248","1","4","1","20","17","5","2","23","1381","2331","0","0","0","0","0","-432000","5","-100.00","432","0","13","0","0","","0","0","0","","",""
"080047","0001","0","431500","432000","432500","433000","433500","434000","435000","435500","436000","437000","431000","430500","430000","429500","429000","428000","427500","426500","425500","425000","309","870","50","21","19","39","37","25","26","15","10","2248","1","4","1","20","17","5","2","23","1411","2331","0","0","0","0","0","-432000","5","-100.00","432","30","0","0","0","","0","0","0","","",""
"080047","0002","0","431500","432000","432500","433000","433500","434000","435000","435500","436000","437000","431000","430500","430000","429500","429000","428000","427500","426500","425500","425000","310","870","50","21","19","39","37","25","26","15","10","2248","1","4","1","20","17","5","2","23","1412","2331","0","0","0","0","0","-432000","5","-100.00","432","1","0","0","0","","0","0","0","","",""
"080047","0003","0","431500","432000","432500","433000","433500","434000","435000","435500","436000","437000","431000","430500","430000","429500","429000","428000","427500","426500","425500","425000","290","870","50","21","19","39","37","25","26","15","10","2248","1","4","1","20","17","5","2","23","1392","2331","0","0","0","0","0","-432000","5","-100.00","452","-20","0","0","0","","0","0","0","","",""
"080047","0004","0","431500","432000","432500","433000","433500","434000","435000","435500","436000","437000","431000","430500","430000","429500","429000","428000","427500","426500","425500","425000","290","871","50","21","19","39","37","25","26","15","10","2248","1","4","1","20","17","5","2","23","1393","2331","0","0","0","0","0","-432000","5","-100.00","452","1","0","0","0","","0","0","0","","",""
"080048","0000","0","431500","432000","432500","433000","433500","434000","435000","435500","436000","437000","431000","430500","430000","429500","429000","428000","427500","426500","425500","425000","290","871","50","21","19","39","37","25","26","15","10","2249","1","4","1","20","17","5","2","23","1393","2332","0","0","0","0","0","-432000","5","-100.00","452","0","1","0","0","","0","0","0","","",""
"080048","0001","0","431500","432000","432500","433000","433500","434000","435000","435500","436000","437000","431000","430500","430000","429500","429000","428000","427500","426500","425500","425000","290","871","50","21","19","39","37","25","26","15","20","2249","1","4","1","20","17","5","2","23","1393","2342","0","0","0","0","0","-432000","5","-100.00","452","0","10","0","0","","0","0","0","","",""
"080048","0002","0","431500","432000","432500","433000","433500","434000","435000","435500","436000","437000","431000","430500","430000","429500","429000","428000","427500","426500","425500","425000","293","871","50","21","19","39","37","25","26","15","20","2249","11","4","1","20","17","5","2","23","1396","2352","0","0","0","0","0","-432000","5","-100.00","452","0","10","0","0","","0","0","0","","",""
"080049","0000","0","431500","432000","432500","433000","433500","434000","435000","435500","436000","437000","431000","430500","430000","429500","429000","428000","427500","426500","425500","425000","263","871","50","21","19","39","37","25","26","16","10","2249","11","4","1","20","17","5","2","23","1367","2342","0","0","0","0","0","-432000","5","-100.00","452","0","-10","0","0","","0","0","0","","",""
"080049","0001","0","431500","432000","432500","433000","433500","434000","435000","435500","436000","437000","431000","430500","430000","429500","429000","428000","427500","426500","425500","425000","263","871","50","21","19","39","37","25","26","16","35","2249","11","4","1","20","17","5","2","23","1367","2367","0","0","0","0","0","-432000","5","-100.00","452","0","25","0","0","","0","0","0","","",""
"080049","0002","0","431500","432000","432500","433000","433500","434000","435000","435500","436000","437000","431000","430500","430000","429500","429000","428000","427500","426500","425500","425000","263","871","50","21","19","39","37","25","26","16","35","2249","11","4","1","20","22","5","2","23","1367","2372","0","0","0","0","0","-432000","5","-100.00","452","0","5","0","0","","0","0","0","","",""
"080050","0000","0","431500","432000","432500","433000","433500","434000","435000","435500","436000","437000","431000","430500","430000","429500","429000","428000","427500","426500","425500","425000","263","871","50","21","19","39","38","25","26","16","30","2260","11","4","1","20","22","5","2","23","1368","2378","0","0","0","0","0","-432000","5","-100.00","457","1","-5","0","0","","0","0","0","","",""
"080050","0001","0","431500","432000","432500","433000","433500","434000","435000","435500","436000","437000","431000","430500","430000","429500","429000","428000","427500","426500","425500","425000","303","871","50","21","19","39","38","25","26","16","30","2260","11","4","1","20","22","5","2","23","1408","2378","0","0","0","0","0","-432000","5","-100.00","457","40","0","0","0","","0","0","0","","",""
"080051","0000","0","431500","432000","432500","433000","433500","434000","435000","435500","436000","437000","431000","430500","430000","429500","429000","428000","427500","426500","425500","425000","303","871","50","21","19","39","38","25","26","16","32","2260","11","4","1","20","22","5","3","23","1408","2381","0","0","0","0","0","-432000","5","-100.00","457","0","3","0","0","","0","0","0","","",""
"080051","0001","0","431500","432000","432500","433000","433500","434000","435000","435500","436000","437000","431000","430500","430000","429500","429000","428000","427500","426500","425500","425000","303","871","50","21","19","39","38","25","26","16","32","2260","11","4","1","20","22","5","3","23","1408","2381","0","0","0","0","0","-432000","5","-100.00","457","0","0","0","0","","0","0","0","","",""
"080051","0002","0","431500","432000","432500","433000","433500","434000","435000","435500","436000","437000","431000","430500","430000","429500","429000","428000","427500","426500","425500","425000","304","871","50","21","19","39","38","25","26","16","32","2260","11","4","1","20","22","5","3","23","1409","2381","0","0","0","0","0","-432000","5","-100.00","457","1","0","0","0","","0","0","0","","",""
"080052","0000","0","431500","432000","432500","433000","433500","434000","435000","435500","436000","437000","431000","430500","430000","429500","429000","428000","427500","426500","425500","425000","304","871","50","21","19","39","38","25","26","16","32","2260","11","4","1","20","22","5","13","23","1409","2391","0","0","0","0","0","-432000","5","-100.00","457","0","0","0","0","","0","0","0","","",""
"080052","0001","0","431500","432000","432500","433000","433500","434000","435000","435500","436000","437000","431000","430500","430000","429500","429000","428000","427500","426500","425500","425000","304","871","50","21","19","39","38","25","26","16","31","2260","11","4","1","20","22","5","13","23","1409","2390","0","0","0","0","0","-432000","5","-100.00","458","0","-1","0","0","","0","0","0","","",""
"080052","0002","0","431500","432000","432500","433000","433500","434000","435000","435500","436000","437000","431000","430500","430000","429500","429000","428000","427500","426500","425500","425000","304","871","50","21","19","39","38","25","26","16","20","2260","11","4","1","20","22","5","13","23","1409","2379","0","0","0","0","0","-432000","5","-100.00","469","0","-11","0","0","","0","0","0","","",""
"080053","0000","0","431500","432000","432500","433000","433500","434000","435000","435500","436000","437000","431000","430500","430000","429500","429000","428000","427500","426500","425500","425000","304","871","50","21","19","39","38","32","26","16","20","2260","11","4","1","20","22","5","13","23","1416","2379","0","0","0","0","0","-432000","5","-100.00","469","7","0","0","0","","0","0","0","","",""
"080053","0001","0","431500","432000","432500","433000","433500","434000","435000","435500","436000","437000","431000","430500","430000","429500","429000","428000","427500","426500","425500","425000","299","871","50","21","19","39","38","32","26","16","20","2260","11","4","1","20","22","5","13","23","1411","2379","0","0","0","0","0","-432000","5","-100.00","479","-10","0","0","0","","0","0","0","","",""
"080054","0000","0","431500","432000","432500","433000","433500","434000","435000","435500","436000","437000","431000","430500","430000","429500","429000","428000","427500","426500","425500","425000","299","871","50","21","19","39","39","32","26","16","20","2260","11","4","1","20","22","5","13","23","1412","2379","0","0","0","0","0","-432000","5","-100.00","479","1","0","0","0","","0","0","0","","",""
"080054","0001","0","431500","432000","432500","433000","433500","434000","435000","435500","436000","437000","431000","430500","430000","429500","429000","428000","427500","426500","425500","425000","299","871","50","21","19","39","39","32","26","16","25","2260","11","4","1","20","22","5","13","23","1412","2384","0","0","0","0","0","-432000","5","-100.00","479","0","5","0","0","","0","0","0","","",""
"080054","0002","0","431500","432000","432500","433000","433500","434000","435000","435500","436000","437000","430500","430000","429500","429000","428000","427500","426500","425500","425000","424500","299","872","50","21","19","39","39","32","26","16","2260","11","4","1","20","22","5","13","23","9","1413","2368","0","0","0","0","0","-432000","5","-100.00","509","1","0","0","0","","0","0","0","","",""
"080054","0003","0","431500","432000","432500","433000","433500","434000","435000","435500","436000","437000","430500","430000","429500","429000","428000","427500","426500","425500","425000","424500","302","872","50","21","19","39","39","32","26","16","2260","11","4","1","20","22","5","13","23","9","1416","2368","0","0","0","0","0","-432000","5","-100.00","509","3","0","0","0","","0","0","0","","",""
"080055","0000","0","431500","432000","432500","433000","433500","434000","435000","435500","436000","437000","430500","430000","429500","429000","428000","427500","426500","425500","425000","424500","302","872","50","21","19","39","39","32","26","16","2260","11","4","1","20","22","5","13","23","9","1416","2368","0","0","0","0","0","-432000","5","-100.00","512","0","0","0","0","","0","0","0","","",""
"080055","0001","0","431500","432000","432500","433000","433500","434000","435000","435500","436000","437000","430500","430000","429500","429000","428000","427500","426500","425500","425000","424500","301","872","50","21","19","39","39","32","26","16","2260","11","4","1","21","22","5","13","23","9","1415","2369","0","0","0","0","0","-432000","5","-100.00","513","-1","1","0","0","","0","0","0","","",""
"080056","0000","0","431500","432000","432500","433000","433500","434000","435000","435500","436000","437000","430500","430000","429500","429000","428000","427500","426500","425500","425000","424500","261","872","50","21","19","39","39","32","26","16","2260","11","4","1","21","22","5","13","23","9","1375","2369","0","0","0","0","0","-432000","5","-100.00","513","-40","0","0","0","","0","0","0","","",""
"080056","0001","0","431500","432000","432500","433000","433500","434000","435000","435500","436000","437000","430500","430000","429500","429000","428000","427500","426500","425500","425000","424500","270","872","50","21","19","39","39","32","26","16","2260","11","4","1","21","22","5","13","23","9","1384","2369","0","0","0","0","0","-432000","5","-100.00","514","9","0","0","0","","0","0","0","","",""
"080057","0000","0","431500","432000","432500","433000","433500","434000","435000","435500","436000","437000","430500","430000","429500","429000","428000","427500","426500","425500","425000","424500","270","872","50","21","19","39","39","32","26","16","2257","11","4","1","21","22","5","13","23","9","1384","2366","0","0","0","0","0","-432000","5","-100.00","517","0","-3","0","0","","0","0","0","","",""
"080058","0000","0","431500","432000","432500","433000","433500","434000","435000","435500","436000","437000","430500","430000","429500","429000","428000","427500","426500","425500","425000","424500","270","872","50","21","19","39","39","32","26","16","2260","11","4","1","21","22","5","13","23","9","1384","2369","0","0","0","0","0","-432000","5","-100.00","517","0","3","0","0","","0","0","0","","",""
"080058","0001","0","431500","432000","432500","433000","433500","434000","435000","435500","436000","437000","430500","430000","429500","429000","428000","427500","426500","425500","425000","424500","270","797","50","21","19","39","114","32","26","16","2251","11","4","1","21","22","5","13","23","9","1384","2360","0","0","0","0","0","-432000","5","-100.00","526","0","0","0","0","","0","0","0","","",""
"080058","0002","0","431500","432000","432500","433000","433500","434000","435000","435500","436000","437000","431000","430500","430000","429500","429000","428000","427500","426500","425500","425000","270","797","50","21","19","39","114","32","26","16","2","2251","11","4","1","21","22","5","13","23","1384","2353","0","0","0","0","0","-432000","5","-100.00","526","0","-7","0","0","","0","0","0","","",""
"080059","0000","0","431500","432000","432500","433000","433500","434000","435000","435500","436000","437000","431000","430500","430000","429500","429000","428000","427500","426500","425500","425000","261","797","50","21","19","39","114","32","26","16","2","2251","11","4","1","21","22","5","13","23","1375","2353","0","0","0","0","0","-432000","5","-100.00","526","1","0","0","0","","0","0","0","","",""
"080059","0001","0","431500","432000","432500","433000","433500","434000","435000","435500","436000","437000","430500","430000","429500","429000","428000","427500","426500","425500","425000","424500","261","797","50","21","19","39","114","32","26","16","2250","11","4","1","21","22","5","13","23","9","1375","2359","0","0","0","0","0","-432000","5","-100.00","529","0","6","0","0","","0","0","0","","",""
"080059","0002","0","431500","432000","432500","433000","433500","434000","435000","435500","436000","437000","430500","430000","429500","429000","428000","427500","426500","425500","425000","424500","265","797","50","21","19","39","114","32","26","16","2250","11","4","1","21","22","5","13","23","9","1379","2359","0","0","0","0","0","-432000","5","-100.00","529","4","0","0","0","","0","0","0","","",""
"080059","0003","0","431500","432000","432500","433000","433500","434000","435000","435500","436000","437000","430500","430000","429500","429000","428000","427500","426500","425500","425000","424500","265","797","50","21","19","39","114","32","26","16","2250","12","4","1","21","22","5","13","23","9","1379","2360","0","0","0","0","0","-432000","5","-100.00","529","0","1","0","0","","0","0","0","","",""
"080100","0000","0","431500","432000","432500","433000","433500","434000","435000","435500","436000","437000","430500","430000","429500","429000","428000","427500","426500","425500","425000","424500","265","797","50","21","19","39","114","32","26","16","2250","12","4","1","21","22","5","13","23","9","1379","2360","0","0","0","0","0","-432000","5","-100.00","529","0","0","0","0","","0","0","0","","",""
"080100","0001","0","431500","432000","432500","433000","433500","434000","435000","435500","436000","437000","430500","430000","429500","429000","428000","427500","426500","425500","425000","424500","265","797","50","21","19","39","114","32","26","16","2250","12","4","1","21","22","5","13","23","9","1379","2360","0","0","0","0","0","-432000","5","-100.00","529","0","0","0","0","","0","0","0","","",""
"080100","0002","0","431500","432000","432500","433000","433500","434000","435000","435500","436000","437000","430500","430000","429500","429000","428000","427500","426500","425500","425000","424500","265","796","50","21","34","39","114","32","26","17","2250","12","4","1","21","22","5","13","23","9","1394","2360","0","0","0","0","0","-432000","5","-100.00","529","0","0","0","0","","0","0","0","","",""
"080101","0000","0","431500","432000","432500","433000","433500","434000","435000","435500","436000","437000","430500","430000","429500","429000","428000","427500","426500","425500","425000","424500","265","796","50","21","34","39","114","32","26","17","2252","12","4","1","21","22","5","13","23","9","1394","2362","0","0","0","0","0","-432000","5","-100.00","529","0","2","0","0","","0","0","0","","",""
"080101","0001","0","431500","432000","432500","433000","433500","434000","435000","435500","436000","437000","430500","430000","429500","429000","428000","427500","426500","425500","425000","424500","265","796","50","21","34","39","114","32","26","17","2247","12","4","1","21","22","5","13","23","9","1394","2357","0","0","0","0","0","-432000","5","-100.00","534","0","-5","0","0","","0","0","0","","",""
"080101","0002","0","431500","432000","432500","433000","433500","434000","435000","435500","436000","437000","430500","430000","429500","429000","428000","427500","426500","425500","425000","424500","264","796","50","21","34","39","114","32","26","17","2247","12","4","1","21","22","5","13","23","9","1393","2357","0","0","0","0","0","-432000","5","-100.00","535","-1","0","0","0","","0","0","0","","",""
"080102","0000","0","431500","432000","432500","433000","433500","434000","435000","435500","436000","437000","430500","430000","429500","429000","428000","427500","426500","425500","425000","424500","264","797","50","21","34","39","114","32","26","17","2246","12","4","1","21","22","5","13","23","9","1394","2356","0","0","0","0","0","-432000","5","-100.00","536","0","-1","0","0","","0","0","0","","",""
"080102","0001","0","431500","432000","432500","433000","433500","434000","435000","435500","436000","437000","430500","430000","429500","429000","428000","427500","426500","425500","425000","424500","261","797","50","21","34","39","114","32","26","17","2243","12","4","1","21","22","5","13","23","9","1391","2353","0","0","0","0","0","-432000","5","-100.00","539","-3","-3","0","0","","0","0","0","","",""
"080102","0002","0","431500","432000","432500","433000","433500","434000","435000","435500","436000","437000","430500","430000","429500","429000","428000","427500","426500","425500","425000","424500","261","797","50","21","34","39","114","32","26","17","2242","12","4","1","21","22","5","13","23","9","1391","2352","0","0","0","0","0","-432000","5","-100.00","540","0","-1","0","0","","0","0","0","","",""
"080103","0000","0","431000","431500","432000","432500","433000","433500","434000","435000","435500","436000","430500","430000","429500","429000","428000","427500","426500","425500","425000","424500","1","260","797","50","21","34","39","114","32","26","2242","12","4","1","21","22","5","13","23","9","1374","2352","0","0","0","0","0","-432000","5","-100.00","540","-17","0","0","0","","0","0","0","","",""
"080103","0001","0","431000","431500","432000","432500","433000","433500","434000","435000","435500","436000","430500","430000","429500","429000","428000","427500","426500","425500","425000","424500","2","280","797","50","21","34","39","114","32","26","2242","12","4","1","21","22","5","13","23","9","1395","2352","0","0","0","0","0","-432000","5","-100.00","540","20","0","0","0","","0","0","0","","",""
"080103","0002","0","431500","432000","432500","433000","433500","434000","435000","435500","436000","437000","430500","430000","429500","429000","428000","427500","426500","425500","425000","424500","277","797","50","21","34","39","114","32","26","17","2242","12","4","1","21","22","5","13","23","9","1407","2352","0","0","0","0","0","-432000","5","-100.00","545","12","0","0","0","","0","0","0","","",""
"080104","0000","0","431500","432000","432500","433000","433500","434000","435000","435500","436000","437000","430500","430000","429500","429000","428000","427500","426500","425500","425000","424500","277","797","50","21","34","39","114","32","26","17","2192","12","4","1","21","22","5","13","23","9","1407","2302","0","0","0","0","0","-432000","5","-100.00","595","0","-50","0","0","","0","0","0","","",""
"080104","0001","0","431500","432000","432500","433000","433500","434000","435000","435500","436000","437000","430500","430000","429500","429000","428000","427500","426500","425500","425000","424500","277","797","50","21","34","39","114","32","26","17","2192","12","4","1","21","22","5","13","23","9","1407","2302","0","0","0","0","0","-432000","5","-100.00","595","0","0","0","0","","0","0","0","","",""
"080105","0000","0","431500","432000","432500","433000","433500","434000","435000","435500","436000","437000","430500","430000","429500","429000","428000","427500","426500","425500","425000","424500","277","797","50","21","34","39","114","32","26","17","2192","12","4","1","21","22","5","13","23","14","1407","2307","0","0","0","0","0","-432000","5","-100.00","595","0","5","0","0","","0","0","0","","",""
"080105","0001","0","431500","432000","432500","433000","433500","434000","435000","435500","436000","437000","430500","430000","429500","429000","428000","427500","426500","425500","425000","424500","277","797","50","21","34","39","114","32","26","17","2192","12","4","1","21","22","5","13","23","14","1407","2307","0","0","0","0","0","-432000","5","-100.00","596","0","0","0","0","","0","0","0","","",""
"080105","0002","0","431000","431500","432000","432500","433000","433500","434000","435000","435500","436000","430500","430000","429500","429000","428000","427500","426500","425500","425000","424500","1","277","797","50","21","34","39","114","32","26","2192","12","4","1","21","22","5","13","23","15","1391","2308","0","0","0","0","0","-432000","5","-100.00","601","-16","0","0","0","","0","0","0","","",""
"080106","0000","0","431000","431500","432000","432500","433000","433500","434000","435000","435500","436000","430500","430000","429500","429000","428000","427500","426500","425500","425000","424500","1","277","797","50","21","34","39","114","32","26","2192","12","4","1","21","22","5","13","25","15","1391","2310","0","0","0","0","0","-432000","5","-100.00","601","0","2","0","0","","0","0","0","","",""
"080106","0001","0","431000","431500","432000","432500","433000","433500","434000","435000","435500","436000","430500","430000","429500","429000","428000","427500","426500","425500","425000","424500","1","277","797","50","21","34","39","114","32","26","2192","12","4","1","21","22","5","13","25","17","1391","2312","0","0","0","0","0","-432000","5","-100.00","601","0","2","0","0","","0","0","0","","",""
"080106","0002","0","431000","431500","432000","432500","433000","433500","434000","435000","435500","436000","430500","430000","429500","429000","428000","427500","426500","425500","425000","424500","1","334","797","50","21","34","39","114","32","26","2192","12","4","1","21","22","5","13","25","17","1448","2312","0","0","0","0","0","-432000","5","-100.00","601","57","0","0","0","","0","0","0","","",""
"080106","0003","0","431000","431500","432000","432500","433000","433500","434000","435000","435500","436000","430500","430000","429500","429000","428000","427500","426500","425500","425000","424500","1","334","797","50","21","34","39","114","32","26","2192","14","4","1","21","22","5","13","25","17","1448","2314","0","0","0","0","0","-432000","5","-100.00","601","0","2","0","0","","0","0","0","","",""
"080107","0000","0","431000","431500","432000","432500","433000","433500","434000","435000","435500","436000","430500","430000","429500","429000","428000","427500","426500","425500","425000","424500","1","334","802","50","21","34","39","114","32","26","2192","14","4","1","21","22","5","13","25","17","1453","2314","0","0","0","0","0","-432000","5","-100.00","601","5","0","0","0","","0","0","0","","",""
"080107","0001","0","431000","431500","432000","432500","433000","433500","434000","435000","435500","436000","430500","430000","429500","429000","428000","427500","426500","425500","425000","424500","1","334","802","50","21","34","39","114","32","26","2193","14","4","1","21","22","5","13","25","17","1453","2315","0","0","0","0","0","-432000","5","-100.00","601","0","1","0","0","","0","0","0","","",""
"080108","0000","0","431000","431500","432000","432500","433000","433500","434000","435000","435500","436000","430500","430000","429500","429000","428000","427500","426500","425500","425000","424500","1","334","802","50","21","34","39","114","32","26","2193","14","3","1","22","22","5","13","25","17","1453","2315","0","0","0","0","0","-432000","5","-100.00","601","0","0","0","0","","0","0","0","","",""
"080109","0000","0","431000","431500","432000","432500","433000","433500","434000","435000","435500","436000","430500","430000","429500","429000","428000","427500","426500","425500","425000","424500","1","330","802","50","21","34","27","114","32","26","2193","14","3","1","22","22","5","13","25","17","1437","2315","0","0","0","0","0","-432000","5","-100.00","617","-28","0","0","0","","0","0","0","","",""
"080109","0001","0","431000","431500","432000","432500","433000","433500","434000","435000","435500","436000","430500","430000","429500","429000","428000","427500","426500","425500","425000","424500","38","330","802","50","21","34","27","114","32","26","2193","14","3","1","22","22","5","13","25","17","1474","2315","0","0","0","0","0","-432000","5","-100.00","617","37","0","0","0","","0","0","0","","",""
"080109","0002","0","431000","431500","432000","432500","433000","433500","434000","435000","435500","436000","430500","430000","429500","429000","428000","427500","426500","425500","425000","424500","37","330","802","50","21","34","27","114","32","26","2193","14","3","1","22","22","5","13","25","17","1473","2315","0","0","0","0","0","-432000","5","-100.00","618","-1","0","0","0","","0","0","0","","",""
"080109","0003","0","431000","431500","432000","432500","433000","433500","434000","435000","435500","436000","430500","430000","429500","429000","428000","427500","426500","425500","425000","424500","38","329","802","50","21","34","27","114","32","26","2193","14","4","1","9","22","5","13","25","17","1473","2303","0","0","0","0","0","-432000","5","-100.00","618","0","-13","0","0","","0","0","0","","",""
"080110","0000","0","431000","431500","432000","432500","433000","433500","434000","435000","435500","436000","430500","430000","429500","429000","428000","427500","426500","425500","425000","424500","38","329","802","50","21","34","27","115","32","26","2193","14","4","1","9","22","5","13","25","17","1474","2303","0","0","0","0","0","-432000","5","-100.00","618","1","0","0","0","","0","0","0","","",""
"080110","0001","0","431000","431500","432000","432500","433000","433500","434000","435000","435500","436000","430500","430000","429500","429000","428000","427500","427000","426500","425500","425000","38","329","802","50","21","34","27","115","32","26","2200","14","4","1","9","22","17","5","13","25","1474","2310","0","0","0","0","0","-432000","5","-100.00","618","0","0","0","0","","0","0","0","","",""
"080110","0002","0","431000","431500","432000","432500","433000","433500","434000","435000","435500","436000","430500","430000","429500","429000","428000","427500","427000","426500","425500","425000","38","329","802","50","21","34","27","115","32","26","2201","14","4","1","9","22","17","5","13","26","1474","2312","0","0","0","0","0","-432000","5","-100.00","618","0","1","0","0","","0","0","0","","",""
"080111","0000","0","431000","431500","432000","432500","433000","433500","434000","435000","435500","436000","430500","430000","429500","429000","428000","427500","427000","426500","425500","425000","38","329","802","50","21","34","27","115","32","26","2205","14","4","1","9","22","17","5","13","26","1474","2316","0","0","0","0","0","-432000","5","-100.00","618","0","4","0","0","","0","0","0","","",""
"080111","0001","0","431000","431500","432000","432500","433000","433500","434000","435000","435500","436000","430500","430000","429500","429000","428000","427500","427000","426500","425500","425000","25","329","802","50","21","34","27","115","32","26","2205","14","4","1","9","17","17","5","13","26","1461","2311","0","0","0","0","0","-432000","5","-100.00","631","-13","-5","0","0","","0","0","0","","",""
"080112","0000","0","431000","431500","432000","432500","433000","433500","434000","435000","435500","436000","430500","430000","429500","429000","428000","427500","427000","426500","425500","425000","29","329","802","50","21","34","27","115","32","26","2205","14","4","1","9","17","17","5","13","26","1465","2311","0","0","0","0","0","-432000","5","-100.00","631","4","0","0","0","","0","0","0","","",""
"080112","0001","0","431000","431500","432000","432500","433000","433500","434000","435000","435500","436000","430500","430000","429500","429000","428000","427500","427000","426500","425500","425000","29","329","802","50","21","34","27","115","32","26","2206","14","4","1","9","17","17","5","13","26","1465","2312","0","0","0","0","0","-432000","5","-100.00","631","0","1","0","0","","0","0","0","","",""
"080112","0002","0","431000","431500","432000","432500","433000","433500","434000","435000","435500","436000","430500","430000","429500","429000","428000","427500","427000","426500","425500","425000","29","329","802","50","21","34","27","115","32","26","2207","14","4","1","9","17","17","5","13","26","1465","2313","0","0","0","0","0","-432000","5","-100.00","631","0","1","0","0","","0","0","0","","",""
"080112","0003","0","431000","431500","432000","432500","433000","433500","434000","435000","435500","436000","430500","430000","429500","429000","428000","427500","427000","426500","425500","425000","39","319","802","50","21","34","27","115","32","26","2207","14","4","1","9","47","17","5","13","26","1465","2343","0","0","0","0","0","-432000","5","-100.00","631","0","30","0","0","","0","0","0","","",""
"080113","0000","0","431000","431500","432000","432500","433000","433500","434000","435000","435500","436000","430500","430000","429500","429000","428000","427500","427000","426500","425500","425000","49","319","802","50","21","34","27","115","32","26","2207","14","4","1","9","47","17","5","13","26","1475","2343","0","0","0","0","0","-432000","5","-100.00","631","10","0","0","0","","0","0","0","","",""
"080113","0001","0","431000","431500","432000","432500","433000","433500","434000","435000","435500","436000","430500","430000","429500","429000","428000","427500","427000","426500","425500","425000","47","320","802","50","21","34","27","115","32","26","2207","14","4","1","9","47","17","5","13","26","1474","2343","0","0","0","0","0","-432000","5","-100.00","633","-1","0","0","0","","0","0","0","","",""
"080113","0002","0","431000","431500","432000","432500","433000","433500","434000","435000","435500","436000","430500","430000","429500","429000","428000","427500","427000","426500","425500","425000","47","263","802","50","21","34","27","115","32","26","2207","14","4","1","9","47","17","5","13","26","1417","2343","0","0","0","0","0","-432000","5","-100.00","633","-57","0","0","0","","0","0","0","","",""
"080113","0003","0","431000","431500","432000","432500","433000","433500","434000","435000","435500","436000","430500","430000","429500","429000","428000","427500","427000","426500","425500","425000","47","264","802","50","21","34","27","115","32","26","2207","14","4","1","9","47","17","5","13","26","1418","2343","0","0","0","0","0","-432000","5","-100.00","633","1","0","0","0","","0","0","0","","",""
"080113","0004","0","431000","431500","432000","432500","433000","433500","434000","435000","435500","436000","430500","430000","429500","429000","428000","427500","427000","426500","425500","425000","47","264","802","50","21","34","27","115","32","26","2212","14","4","1","9","47","17","5","13","26","1418","2348","0","0","0","0","0","-432000","5","-100.00","633","0","5","0","0","","0","0","0","","",""
"080114","0000","0","431000","431500","432000","432500","433000","433500","434000","435000","435500","436000","430500","430000","429500","429000","428000","427500","427000","426500","425500","425000","45","264","802","50","21","34","27","115","32","26","2211","14","4","1","9","47","17","5","13","26","1416","2347","0","0","0","0","0","-432000","5","-100.00","635","-1","0","0","0","","0","0","0","","",""
"080114","0001","0","431000","431500","432000","432500","433000","433500","434000","435000","435500","436000","430500","430000","429500","429000","428000","427500","427000","426500","425500","425000","45","244","800","50","21","34","27","115","32","26","2211","14","4","1","9","47","17","5","13","26","1394","2347","0","0","0","0","0","-432000","5","-100.00","635","-22","0","0","0","","0","0","0","","",""
"080114","0002","0","431000","431500","432000","432500","433000","433500","434000","435000","435500","436000","430500","430000","429500","429000","428000","427500","427000","426500","425500","425000","46","244","800","50","21","34","27","115","32","26","2211","14","4","1","9","47","17","5","13","26","1395","2347","0","0","0","0","0","-432000","5","-100.00","635","1","0","0","0","","0","0","0","","",""
"080115","0000","0","431000","431500","432000","432500","433000","433500","434000","435000","435500","436000","430500","430000","429500","429000","428000","427500","427000","426500","425500","425000","46","244","800","50","21","34","27","115","32","26","2210","14","4","1","9","47","17","5","13","26","1395","2346","0","0","0","0","0","-432000","5","-100.00","635","0","-1","0","0","","0","0","0","","",""
"080115","0001","0","431000","431500","432000","432500","433000","433500","434000","435000","435500","436000","430500","430000","429500","429000","428000","427500","427000","426500","425500","425000","46","249","800","50","21","34","27","115","32","26","2210","14","4","1","9","47","17","5","13","26","1400","2346","0","0","0","0","0","-432000","5","-100.00","635","5","0","0","0","","0","0","0","","",""
"080115","0002","0","431000","431500","432000","432500","433000","433500","434000","435000","435500","436000","430500","430000","429500","429000","428000","427500","427000","426500","425500","425000","26","249","800","50","21","34","27","115","32","26","2190","14","4","1","9","47","18","5","13","26","1380","2327","0","0","0","0","0","-432000","5","-100.00","655","-20","-20","0","0","","0","0","0","","",""
"080115","0003","0","431000","431500","432000","432500","433000","433500","434000","435000","435500","436000","430500","430000","429500","429000","428000","427500","427000","426500","425500","425000","25","249","800","50","21","34","27","115","32","26","2190","14","4","1","9","47","18","5","13","26","1379","2327","0","0","0","0","0","-432000","5","-100.00","656","-1","0","0","0","","0","0","0","","",""
"080116","0000","0","431000","431500","432000","432500","433000","433500","434000","435000","435500","436000","430500","430000","429500","429000","428000","427500","427000","426500","425500","425000","25","249","802","50","21","34","27","115","32","26","2190","14","4","1","9","47","18","5","13","26","1381","2327","0","0","0","0","0","-432000","5","-100.00","656","2","0","0","0","","0","0","0","","",""
"080116","0001","0","431000","431500","432000","432500","433000","433500","434000","435000","435500","436000","430500","430000","429500","429000","428000","427500","427000","426500","425500","425000","25","249","802","50","21","35","27","115","32","26","2190","14","4","1","9","47","18","5","13","26","1382","2327","0","0","0","0","0","-432000","5","-100.00","656","1","0","0","0","","0","0","0","","",""
"080116","0002","0","431000","431500","432000","432500","433000","433500","434000","435000","435500","436000","430500","430000","429500","429000","428000","427500","427000","426500","425500","425000","82","249","801","50","21","35","27","115","32","26","2190","14","4","1","9","47","18","5","13","26","1438","2327","0","0","0","0","0","-432000","5","-100.00","656","56","0","0","0","","0","0","0","","",""
"080117","0000","0","431000","431500","432000","432500","433000","433500","434000","435000","435500","436000","430500","430000","429500","429000","428000","427500","427000","426500","425500","425000","75","249","801","50","21","35","27","115","32","26","2190","14","4","1","9","47","18","5","13","26","1431","2327","0","0","0","0","0","-432000","5","-100.00","663","-7","0","0","0","","0","0","0","","",""
"080117","0001","0","431000","431500","432000","432500","433000","433500","434000","435000","435500","436000","430500","430000","429500","429000","428000","427500","427000","426500","425500","425000","74","249","801","50","21","35","27","115","32","26","2190","14","4","1","9","47","18","5","13","26","1430","2327","0","0","0","0","0","-432000","5","-100.00","664","-1","0","0","0","","0","0","0","","",""
"080118","0000","0","431000","431500","432000","432500","433000","433500","434000","435000","435500","436000","430500","430000","429500","429000","428000","427500","427000","426500","425500","425000","74","249","801","50","21","35","27","115","32","26","2190","15","4","1","9","47","18","5","13","26","1430","2328","0","0","0","0","0","-432000","5","-100.00","664","0","1","0","0","","0","0","0","","",""
"080118","0001","0","431500","432000","432500","433000","433500","434000","435000","435500","436000","437000","431000","430500","430000","429500","429000","428000","427500","427000","426500","425500","249","801","50","21","35","27","115","32","26","17","16","2190","15","4","1","9","47","18","5","13","1373","2318","0","0","0","0","0","-432000","5","-100.00","738","-57","-10","0","0","","0","0","0","","",""
"080118","0002","0","431000","431500","432000","432500","433000","433500","434000","435000","435500","436000","430500","430000","429500","429000","428000","427500","427000","426500","425500","425000","24","249","801","50","21","35","27","115","32","26","2190","15","4","1","9","47","18","5","13","26","1380","2328","0","0","0","0","0","-432000","5","-100.00","770","7","10","0","0","","0","0","0","","",""
"080119","0000","0","431000","431500","432000","432500","433000","433500","434000","435000","435500","436000","430500","430000","429500","429000","428000","427500","427000","426500","425500","425000","186","249","801","50","21","35","27","115","32","26","2190","15","4","1","9","47","18","5","13","26","1542","2328","0","0","0","0","0","-432000","5","-100.00","770","141","0","0","0","","0","0","0","","",""
"080119","0001","0","431000","431500","432000","432500","433000","433500","434000","435000","435500","436000","430500","430000","429500","429000","428000","427500","427000","426500","425500","425000","156","249","801","50","21","35","27","115","32","26","2190","15","4","1","9","47","18","5","13","26","1512","2328","0","0","0","0","0","-432000","5","-100.00","800","-30","0","0","0","","0","0","0","","",""
"080119","0002","0","431000","431500","432000","432500","433000","433500","434000","435000","435500","436000","430500","430000","429500","429000","428000","427500","427000","426500","425500","425000","157","249","801","50","21","35","27","115","32","26","2190","15","4","1","9","47","20","5","13","26","1513","2330","0","0","0","0","0","-432000","5","-100.00","800","0","2","0","0","","0","0","0","","",""
"080120","0000","0","431000","431500","432000","432500","433000","433500","434000","435000","435500","436000","430500","430000","429500","429000","428000","427500","427000","426500","425500","425000","160","249","801","50","21","35","27","115","32","26","2190","15","4","1","9","47","20","5","13","26","1516","2330","0","0","0","0","0","-432000","5","-100.00","800","3","0","0","0","","0","0","0","","",""
"080120","0001","0","431000","431500","432000","432500","433000","433500","434000","435000","435500","436000","430500","430000","429500","429000","428000","427500","427000","426500","425500","425000","160","249","801","50","21","35","27","115","32","26","2190","15","4","1","12","47","20","5","13","26","1516","2333","0","0","0","0","0","-432000","5","-100.00","800","0","3","0","0","","0","0","0","","",""
"080120","0002","0","431000","431500","432000","432500","433000","433500","434000","435000","435500","436000","430500","430000","429500","429000","428000","427500","427000","426500","425500","425000","160","256","801","50","21","35","27","115","32","26","2190","15","4","1","12","47","20","5","13","26","1523","2333","0","0","0","0","0","-432000","5","-100.00","800","7","0","0","0","","0","0","0","","",""
"080121","0000","0","431000","431500","432000","432500","433000","433500","434000","435000","435500","436000","430500","430000","429500","429000","428000","427500","427000","426500","425500","425000","160","256","801","50","21","35","27","115","32","26","2191","15","4","1","12","47","20","5","13","26","1523","2334","0","0","0","0","0","-432000","5","-100.00","800","0","1","0","0","","0","0","0","","",""
"080121","0001","0","431000","431500","432000","432500","433000","433500","434000","435000","435500","436000","430500","430000","429500","429000","428000","427500","427000","426500","425500","425000","160","256","801","50","21","35","27","115","32","26","2176","15","4","1","12","47","20","5","13","26","1523","2319","0","0","0","0","0","-432000","5","-100.00","815","0","-15","0","0","","0","0","0","","",""
"080121","0002","0","431000","431500","432000","432500","433000","433500","434000","435000","435500","436000","430500","430000","429500","429000","428000","427500","427000","426500","425500","425000","155","256","801","50","21","35","27","115","32","26","2176","15","4","1","12","47","20","5","13","26","1518","2319","0","0","0","0","0","-432000","5","-100.00","820","-3","0","0","0","","0","0","0","","",""
"080121","0003","0","431000","431500","432000","432500","433000","433500","434000","435000","435500","436000","430500","430000","429500","429000","428000","427500","427000","426500","425500","425000","155","256","801","50","21","35","27","115","32","26","2176","15","4","2","12","47","20","7","13","26","1518","2322","0","0","0","0","0","-432000","5","-100.00","820","0","1","0","0","","0","0","0","","",""
"080122","0000","0","431000","431500","432000","432500","433000","433500","434000","435000","435500","436000","430500","430000","429500","429000","428000","427500","427000","426500","425500","425000","155","256","801","50","21","35","27","115","32","26","2176","15","4","2","12","47","40","7","13","26","1518","2342","0","0","0","0","0","-432000","5","-100.00","820","0","20","0","0","","0","0","0","","",""
"080123","0000","0","431000","431500","432000","432500","433000","433500","434000","435000","435500","436000","430500","430000","429500","429000","428000","427500","427000","426500","425500","425000","155","256","801","50","21","35","27","115","32","26","2151","15","4","2","12","47","40","7","13","26","1518","2317","0","0","0","0","0","-432000","5","-100.00","860","0","15","0","0","","0","0","0","","",""
"080123","0001","0","431000","431500","432000","432500","433000","433500","434000","435000","435500","436000","430500","430000","429500","429000","428000","427500","427000","426500","425500","425000","139","256","801","50","21","35","27","115","32","26","2151","15","4","2","12","47","40","7","13","26","1502","2317","0","0","0","0","0","-432000","5","-100.00","876","-16","0","0","0","","0","0","0","","",""
"080123","0002","0","431000","431500","432000","432500","433000","433500","434000","435000","435500","436000","430500","430000","429500","429000","428000","427500","427000","426500","425500","425000","154","256","801","50","21","35","27","115","32","26","2151","15","4","2","12","47","40","7","13","26","1517","2317","0","0","0","0","0","-432000","5","-100.00","877","15","0","0","0","","0","0","0","","",""
"080124","0000","0","431000","431500","432000","432500","433000","433500","434000","435000","435500","436000","430500","430000","429500","429000","428000","427500","427000","426500","425500","425000","174","256","801","50","21","35","27","115","32","26","2151","15","4","2","12","47","40","7","13","26","1537","2317","0","0","0","0","0","-432000","5","-100.00","877","20","0","0","0","","0","0","0","","",""
"080124","0001","0","431000","431500","432000","432500","433000","433500","434000","435000","435500","436000","430500","430000","429500","429000","428000","427500","427000","426500","425500","425000","178","257","801","50","21","35","27","115","32","26","2151","15","4","2","12","47","40","7","13","27","1542","2318","0","0","0","0","0","-432000","5","-100.00","877","0","1","0","0","","0","0","0","","",""
"080124","0002","0","431000","431500","432000","432500","433000","433500","434000","435000","435500","436000","430500","430000","429500","429000","428000","427500","427000","426500","425500","425000","178","257","801","50","21","35","27","115","32","26","2151","15","4","2","12","47","41","7","13","27","1542","2319","0","0","0","0","0","-432000","5","-100.00","877","0","1","0","0","","0","0","0","","",""
"080125","0000","0","431000","431500","432000","432500","433000","433500","434000","435000","435500","436000","430500","430000","429500","429000","428000","427500","427000","426500","425500","425000","238","257","801","50","21","35","1","115","32","26","2151","15","4","2","12","47","41","7","13","27","1576","2319","0","0","0","0","0","-432000","5","-100.00","877","34","0","0","0","","0","0","0","","",""
"080125","0001","0","431000","431500","432000","432500","433000","433500","434000","435000","435500","436000","430500","430000","429500","429000","428000","427500","427000","426500","425500","425000","238","257","801","50","21","35","1","115","32","26","2152","15","4","2","12","47","41","7","13","27","1576","2320","0","0","0","0","0","-432000","5","-100.00","877","0","1","0","0","","0","0","0","","",""
"080125","0002","0","431000","431500","432000","432500","433000","433500","434000","435000","435500","436000","430500","430000","429500","429000","428000","427500","427000","426500","425500","425000","238","257","801","50","21","35","1","115","32","26","2151","15","4","2","12","47","41","7","13","27","1576","2319","0","0","0","0","0","-432000","5","-100.00","878","0","-1","0","0","","0","0","0","","",""
"080125","0003","0","431000","431500","432000","432500","433000","433500","434000","435000","435500","436000","430500","430000","429500","429000","428000","427500","427000","426500","425500","425000","243","257","801","50","21","35","1","115","32","26","2152","15","4","2","12","47","41","7","13","27","1581","2320","0","0","0","0","0","-432000","5","-100.00","878","5","1","0","0","","0","0","0","","",""
"080126","0000","0","431000","431500","432000","432500","433000","433500","434000","435000","435500","436000","430500","430000","429500","429000","428000","427500","427000","426500","425500","425000","259","257","799","50","21","35","1","115","32","26","2152","15","4","2","12","47","41","7","13","27","1595","2320","0","0","0","0","0","-432000","5","-100.00","878","14","0","0","0","","0","0","0","","",""
"080126","0001","0","431000","431500","432000","432500","433000","433500","434000","435000","435500","436000","430500","430000","429500","429000","428000","427500","427000","426500","425500","425000","259","257","799","50","21","35","1","115","32","26","2152","15","5","2","12","47","42","7","13","27","1595","2322","0","0","0","0","0","-432000","5","-100.00","878","0","1","0","0","","0","0","0","","",""
"080126","0002","0","431000","431500","432000","432500","433000","433500","434000","435000","435500","436000","430500","430000","429500","429000","428000","427500","427000","426500","425500","425000","348","257","799","50","21","35","1","115","32","26","2152","15","5","2","12","47","42","7","13","27","1684","2322","0","0","0","0","0","-432000","5","-100.00","878","87","0","0","0","","0","0","0","","",""
"080127","0000","0","431000","431500","432000","432500","433000","433500","434000","435000","435500","436000","430500","430000","429500","429000","428000","427500","427000","426500","425500","425000","348","259","799","50","21","35","1","115","32","26","2152","15","5","2","12","47","42","7","13","27","1686","2322","0","0","0","0","0","-432000","5","-100.00","878","2","0","0","0","","0","0","0","","",""
"080127","0001","0","431000","431500","432000","432500","433000","433500","434000","435000","435500","436000","430500","430000","429500","429000","428000","427500","427000","426500","425500","425000","349","258","799","50","21","35","1","115","32","26","2152","15","5","2","12","47","42","7","13","27","1686","2322","0","0","0","0","0","-432000","5","-100.00","878","0","0","0","0","","0","0","0","","",""
"080127","0002","0","431000","431500","432000","432500","433000","433500","434000","435000","435500","436000","430500","430000","429500","429000","428000","427500","427000","426500","425500","425000","379","258","799","50","21","35","1","115","32","26","2102","15","5","2","12","47","42","7","13","27","1716","2272","0","0","0","0","0","-432000","5","-100.00","928","30","0","0","0","","0","0","0","","",""
"080128","0000","0","431000","431500","432000","432500","433000","433500","434000","435000","435500","436000","430500","430000","429500","429000","428000","427500","427000","426500","425500","425000","369","258","799","50","21","35","1","115","32","26","2102","5","5","2","12","47","42","7","13","27","1706","2262","0","0","0","0","0","-432000","5","-100.00","938","-10","-10","0","0","","0","0","0","","",""
"080128","0001","0","431000","431500","432000","432500","433000","433500","434000","435000","435500","436000","430500","430000","429500","429000","428000","427500","427000","426500","425500","425000","369","258","799","50","21","35","1","115","32","26","2017","5","5","2","12","47","42","7","13","27","1706","2177","0","0","0","0","0","-432000","5","-100.00","1023","0","-85","0","0","","0","0","0","","",""
"080128","0002","0","431000","431500","432000","432500","433000","433500","434000","435000","435500","436000","430500","430000","429500","429000","428000","427500","427000","426500","425500","425000","376","258","799","50","21","35","1","115","32","26","2017","5","5","2","12","47","42","7","13","27","1713","2177","0","0","0","0","0","-432000","5","-100.00","1023","7","0","0","0","","0","0","0","","",""
"080129","0000","0","431000","431500","432000","432500","433000","433500","434000","435000","435500","436000","430500","430000","429500","429000","428000","427500","427000","426500","425500","425000","376","258","799","50","21","35","1","115","32","26","2016","5","5","2","12","47","42","7","13","27","1713","2176","0","0","0","0","0","-432000","5","-100.00","1024","0","-1","0","0","","0","0","0","","",""
