"time","millisec","HOUR_CLS_CODE","ASKP1","ASKP2","ASKP3","ASKP4","ASKP5","ASKP6","ASKP7","ASKP8","ASKP9","ASKP10","BIDP1","BIDP2","BIDP3","BIDP4","BIDP5","BIDP6","BIDP7","BIDP8","BIDP9","BIDP10","ASKP_RSQN1","ASKP_RSQN2","ASKP_RSQN3","ASKP_RSQN4","ASKP_RSQN5","ASKP_RSQN6","ASKP_RSQN7","ASKP_RSQN8","ASKP_RSQN9","ASKP_RSQN10","BIDP_RSQN1","BIDP_RSQN2","BIDP_RSQN3","BIDP_RSQN4","BIDP_RSQN5","BIDP_RSQN6","BIDP_RSQN7","BIDP_RSQN8","BIDP_RSQN9","BIDP_RSQN10","TOTAL_ASKP_RSQN","TOTAL_BIDP_RSQN","OVTM_TOTAL_ASKP_RSQN","OVTM_TOTAL_BIDP_RSQN","ANTC_CNPR","ANTC_CNQN","ANTC_VOL","ANTC_CNTG_VRSS","ANTC_CNTG_VRSS_SIGN","ANTC_CNTG_PRDY_CTRT","ACML_VOL","TOTAL_ASKP_RSQN_ICDC","TOTAL_BIDP_RSQN_ICDC","OVTM_TOTAL_ASKP_ICDC","OVTM_TOTAL_BIDP_ICDC","STCK_DEAL_CLS_CODE","KMID_PRC","KMID_TOTAL_RSQN","KMID_CLS_CODE","NMID_PRC","NMID_TOTAL_RSQN","NMID_CLS_CODE"
"080000","0000","0","1410000","1420000","1421000","1425000","1700000","0","0","0","0","0","1350000","988000","0","0","0","0","0","0","0","0","10","1","1","1","1","0","0","0","0","0","1","18","0","0","0","0","0","0","0","0","14","19","0","0","0","0","0","-1395000","5","-100.00","0","0","0","0","0","","0","0","0","","",""
"080000","0001","0","1410000","1413000","1419000","1420000","1421000","1425000","1427000","1450000","1459000","1460000","1374000","1350000","1303000","990000","988000","982000","0","0","0","0","10","80","1","1","1","1","7","14","18","5","5","11","1","5","18","1000","0","0","0","0","138","1040","0","0","0","0","0","-1395000","5","-100.00","0","124","1021","0","0","","0","0","0","","",""
"080001","0000","0","1410000","1413000","1418000","1419000","1420000","1421000","1425000","1427000","1450000","1459000","1395000","1393000","1386000","1374000","1350000","1303000","990000","988000","982000","979000","16","80","15","1","1","1","51","7","14","18","5","1","1","5","11","1","5","18","1000","220","204","1267","0","0","0","0","0","-1395000","5","-100.00","0","66","227","0","0","","0","0","0","","",""
"080002","0000","0","1410000","1413000","1418000","1419000","1420000","1421000","1425000","1427000","1438000","1450000","1400000","1395000","1393000","1390000","1386000","1380000","1374000","1370000","1360000","1351000","16","80","15","1","1","1","51","7","100","14","65","5","1","2","1","1","5","1","1","4","286","86","0","0","0","0","0","-1395000","5","-100.00","0","82","-1181","0","0","","0","0","0","","",""
"080002","0001","0","1409000","1410000","1413000","1418000","1419000","1420000","1421000","1422000","1425000","1427000","1400000","1396000","1395000","1393000","1390000","1386000","1385000","1380000","1374000","1370000","10","15","80","15","1","2","1","1","51","8","65","1","15","1","2","1","1","1","5","1","184","93","0","0","0","0","0","-1395000","5","-100.00","1","-102","7","0","0","","0","0","0","","",""
"080003","0000","0","1409000","1410000","1413000","1418000","1419000","1420000","1421000","1422000","1425000","1427000","1400000","1396000","1395000","1393000","1390000","1386000","1385000","1380000","1374000","1370000","10","15","80","15","1","2","1","151","51","8","65","1","192","1","2","8","1","1","5","1","334","277","0","0","0","0","0","-1395000","5","-100.00","1","150","184","0","0","","0","0","0","","",""
"080003","0001","0","1409000","1410000","1413000","1415000","1418000","1419000","1420000","1421000","1422000","1425000","1400000","1396000","1395000","1393000","1390000","1386000","1385000","1380000","1374000","1370000","10","15","80","5","15","1","2","1","151","51","66","1","192","1","2","8","1","1","5","1","331","278","0","0","0","0","0","-1395000","5","-100.00","2","-3","1","0","0","","0","0","0","","",""
"080004","0000","0","1409000","1410000","1413000","1415000","1418000","1419000","1420000","1421000","1422000","1425000","1400000","1396000","1395000","1393000","1390000","1386000","1385000","1380000","1374000","1370000","9","15","80","5","15","1","2","1","151","51","67","1","192","1","3","8","1","1","5","1","330","280","0","0","0","0","0","-1395000","5","-100.00","3","-1","2","0","0","","0","0","0","","",""
"080004","0001","0","1409000","1410000","1413000","1415000","1418000","1419000","1420000","1421000","1422000","1425000","1400000","1396000","1395000","1393000","1390000","1386000","1385000","1380000","1374000","1370000","8","15","80","5","15","1","2","1","151","51","67","1","192","1","3","8","1","1","5","1","329","280","0","0","0","0","0","-1395000","5","-100.00","4","-1","0","0","0","","0","0","0","","",""
"080005","0000","0","1409000","1410000","1413000","1415000","1418000","1419000","1420000","1421000","1422000","1425000","1400000","1396000","1395000","1393000","1390000","1386000","1385000","1380000","1374000","1370000","7","15","80","5","15","1","2","1","151","51","67","1","192","1","4","8","1","1","5","3","328","283","0","0","0","0","0","-1395000","5","-100.00","5","-1","3","0","0","","0","0","0","","",""
"080005","0001","0","1409000","1410000","1413000","1415000","1418000","1419000","1420000","1421000","1422000","1425000","1400000","1396000","1395000","1393000","1390000","1386000","1385000","1380000","1374000","1370000","7","15","80","6","15","1","2","1","151","51","67","1","192","1","4","8","1","1","5","3","329","283","0","0","0","0","0","-1395000","5","-100.00","5","1","0","0","0","","0","0","0","","",""
"080006","0000","0","1409000","1410000","1413000","1415000","1418000","1419000","1420000","1421000","1422000","1425000","1400000","1396000","1395000","1393000","1390000","1386000","1385000","1380000","1374000","1370000","7","15","80","6","15","1","2","1","151","51","67","2","192","1","4","8","1","1","5","3","329","284","0","0","0","0","0","-1395000","5","-100.00","5","0","1","0","0","","0","0","0","","",""
"080006","0001","0","1409000","1410000","1413000","1415000","1418000","1419000","1420000","1421000","1422000","1425000","1400000","1396000","1395000","1393000","1390000","1386000","1385000","1380000","1374000","1370000","7","17","82","9","15","1","4","1","151","51","67","2","192","1","4","8","1","1","5","3","338","284","0","0","0","0","0","-1395000","5","-100.00","5","9","0","0","0","","0","0","0","","",""
"080007","0000","0","1409000","1410000","1413000","1415000","1418000","1419000","1420000","1421000","1422000","1425000","1400000","1396000","1395000","1393000","1390000","1386000","1385000","1380000","1374000","1370000","10","23","82","9","15","1","4","1","151","51","67","2","192","1","4","8","1","1","5","3","347","284","0","0","0","0","0","-1395000","5","-100.00","5","9","0","0","0","","0","0","0","","",""
"080007","0001","0","1409000","1410000","1413000","1415000","1418000","1419000","1420000","1421000","1422000","1425000","1400000","1396000","1395000","1393000","1390000","1386000","1385000","1380000","1374000","1370000","10","23","82","9","15","1","4","1","151","51","69","2","192","1","4","8","1","1","5","3","347","286","0","0","0","0","0","-1395000","5","-100.00","5","0","2","0","0","","0","0","0","","",""
"080007","0002","0","1409000","1410000","1413000","1415000","1416000","1418000","1419000","1420000","1421000","1422000","1400000","1396000","1395000","1393000","1390000","1386000","1385000","1380000","1376000","1374000","10","23","82","9","200","15","1","4","1","151","69","2","192","1","4","8","1","1","2","5","496","285","0","0","0","0","0","-1395000","5","-100.00","5","149","-1","0","0","","0","0","0","","",""
"080008","0000","0","1409000","1410000","1413000","1415000","1416000","1418000","1419000","1420000","1421000","1422000","1400000","1396000","1395000","1393000","1390000","1386000","1385000","1380000","1376000","1374000","9","23","82","9","200","15","1","4","1","151","69","2","192","1","4","8","1","1","2","5","495","285","0","0","0","0","0","-1395000","5","-100.00","6","-1","0","0","0","","0","0","0","","",""
"080008","0001","0","1409000","1410000","1413000","1415000","1416000","1418000","1419000","1420000","1421000","1422000","1400000","1396000","1395000","1393000","1390000","1386000","1385000","1380000","1376000","1374000","9","23","82","9","200","15","1","4","1","151","69","2","193","1","4","8","1","1","2","5","495","286","0","0","0","0","0","-1395000","5","-100.00","6","0","1","0","0","","0","0","0","","",""
"080009","0000","0","1409000","1410000","1413000","1415000","1416000","1418000","1419000","1420000","1421000","1422000","1401000","1400000","1396000","1395000","1393000","1390000","1386000","1385000","1380000","1376000","8","23","82","9","200","15","1","4","1","151","7","69","2","198","1","4","1","1","1","2","494","286","0","0","0","0","0","-1395000","5","-100.00","7","-1","0","0","0","","0","0","0","","",""
"080009","0001","0","1409000","1410000","1413000","1415000","1416000","1418000","1419000","1420000","1421000","1422000","1401000","1400000","1396000","1395000","1393000","1390000","1386000","1385000","1380000","1376000","9","23","82","9","200","15","1","4","1","151","7","69","2","198","1","4","1","1","1","2","495","286","0","0","0","0","0","-1395000","5","-100.00","7","1","0","0","0","","0","0","0","","",""
"080009","0002","0","1409000","1410000","1413000","1415000","1416000","1418000","1419000","1420000","1421000","1422000","1401000","1400000","1396000","1395000","1393000","1390000","1386000","1385000","1380000","1376000","9","23","82","9","200","15","1","4","1","151","7","69","2","198","1","4","1","2","1","2","495","287","0","0","0","0","0","-1395000","5","-100.00","7","0","1","0","0","","0","0","0","","",""
"080010","0000","0","1409000","1410000","1413000","1415000","1416000","1418000","1419000","1420000","1421000","1422000","1405000","1401000","1400000","1396000","1395000","1393000","1390000","1386000","1385000","1380000","9","23","82","9","200","15","1","4","1","151","1","7","69","2","198","1","4","1","2","1","495","286","0","0","0","0","0","-1395000","5","-100.00","8","0","-1","0","0","","0","0","0","","",""
"080010","0001","0","1409000","1410000","1413000","1415000","1416000","1418000","1419000","1420000","1421000","1422000","1405000","1401000","1400000","1396000","1395000","1393000","1390000","1386000","1385000","1380000","9","23","82","9","200","15","1","5","1","151","1","7","69","2","198","1","4","1","2","1","496","286","0","0","0","0","0","-1395000","5","-100.00","8","1","0","0","0","","0","0","0","","",""
"080011","0000","0","1409000","1410000","1411000","1413000","1415000","1416000","1418000","1419000","1420000","1421000","1405000","1401000","1400000","1396000","1395000","1393000","1390000","1386000","1385000","1380000","10","24","30","82","10","200","16","2","6","1","1","7","69","2","198","1","4","1","2","1","381","286","0","0","0","0","0","-1395000","5","-100.00","8","-115","0","0","0","","0","0","0","","",""
"080012","0000","0","1405000","1409000","1410000","1411000","1413000","1415000","1416000","1418000","1419000","1420000","1401000","1400000","1396000","1395000","1393000","1390000","1386000","1385000","1380000","1376000","89","14","24","30","82","10","200","16","2","6","7","69","2","198","1","4","1","2","1","2","473","287","0","0","0","0","0","-1395000","5","-100.00","10","92","1","0","0","","0","0","0","","",""
"080013","0000","0","1405000","1409000","1410000","1411000","1413000","1415000","1416000","1418000","1419000","1420000","1401000","1400000","1396000","1395000","1393000","1390000","1386000","1385000","1380000","1376000","89","14","24","30","82","10","200","16","2","6","7","69","2","198","1","4","1","2","1","2","473","287","0","0","0","0","0","-1395000","5","-100.00","10","0","0","0","0","","0","0","0","","",""
"080013","0001","0","1405000","1409000","1410000","1411000","1413000","1415000","1416000","1418000","1419000","1420000","1401000","1400000","1396000","1395000","1393000","1390000","1386000","1385000","1380000","1376000","87","14","24","30","82","10","200","16","2","6","7","69","2","198","1","4","1","2","1","2","471","287","0","0","0","0","0","-1395000","5","-100.00","12","-2","0","0","0","","0","0","0","","",""
"080014","0000","0","1405000","1409000","1410000","1411000","1413000","1415000","1416000","1418000","1419000","1420000","1401000","1400000","1396000","1395000","1393000","1390000","1386000","1385000","1380000","1376000","87","14","24","30","82","10","200","16","2","6","7","69","2","198","1","4","1","2","1","2","471","287","0","0","0","0","0","-1395000","5","-100.00","13","0","0","0","0","","0","0","0","","",""
"080014","0001","0","1405000","1409000","1410000","1411000","1413000","1415000","1416000","1418000","1419000","1420000","1401000","1400000","1396000","1395000","1393000","1390000","1387000","1386000","1385000","1380000","87","14","24","30","82","10","200","16","2","6","7","69","2","198","1","4","10","1","2","1","471","295","0","0","0","0","0","-1395000","5","-100.00","13","0","8","0","0","","0","0","0","","",""
"080015","0000","0","1405000","1409000","1410000","1411000","1413000","1415000","1416000","1418000","1419000","1420000","1401000","1400000","1396000","1395000","1393000","1390000","1387000","1386000","1385000","1380000","87","14","24","30","82","10","200","16","2","6","7","69","2","193","1","4","10","1","2","1","471","290","0","0","0","0","0","-1395000","5","-100.00","13","0","-5","0","0","","0","0","0","","",""
"080016","0000","0","1409000","1410000","1411000","1413000","1415000","1416000","1418000","1419000","1420000","1421000","1401000","1400000","1396000","1395000","1393000","1390000","1387000","1386000","1385000","1380000","14","24","30","82","10","200","16","2","6","1","7","69","2","213","1","4","10","1","2","1","385","310","0","0","0","0","0","-1395000","5","-100.00","101","-86","20","0","0","","0","0","0","","",""
"080016","0001","0","1409000","1410000","1411000","1413000","1415000","1416000","1418000","1419000","1420000","1421000","1401000","1400000","1396000","1395000","1393000","1390000","1387000","1386000","1385000","1380000","14","24","30","82","10","200","16","2","6","1","8","69","2","213","1","4","10","1","2","1","385","311","0","0","0","0","0","-1395000","5","-100.00","101","0","1","0","0","","0","0","0","","",""
"080017","0000","0","1409000","1410000","1411000","1413000","1414000","1415000","1416000","1418000","1419000","1420000","1405000","1401000","1400000","1396000","1395000","1393000","1390000","1387000","1386000","1385000","14","24","30","82","1","10","200","16","2","6","1","8","69","2","213","1","8","10","1","2","385","315","0","0","0","0","0","-1395000","5","-100.00","101","0","4","0","0","","0","0","0","","",""
"080017","0001","0","1409000","1410000","1411000","1413000","1414000","1415000","1416000","1418000","1419000","1420000","1401000","1400000","1396000","1395000","1393000","1390000","1387000","1386000","1385000","1380000","12","24","30","82","1","10","200","16","2","6","8","69","2","213","1","8","10","1","2","4","383","318","0","0","0","0","0","-1395000","5","-100.00","108","-2","3","0","0","","0","0","0","","",""
"080017","0002","0","1405000","1409000","1410000","1411000","1413000","1414000","1415000","1416000","1418000","1419000","1401000","1400000","1396000","1395000","1393000","1390000","1387000","1386000","1385000","1380000","1","15","24","30","82","1","10","200","16","2","8","78","2","213","1","8","10","1","2","4","381","327","0","0","0","0","0","-1395000","5","-100.00","108","-2","9","0","0","","0","0","0","","",""
"080018","0000","0","1409000","1410000","1411000","1413000","1414000","1415000","1416000","1418000","1419000","1420000","1405000","1401000","1400000","1396000","1395000","1393000","1390000","1387000","1386000","1385000","15","24","30","82","1","10","200","16","2","6","1","8","78","2","213","1","8","10","1","2","386","324","0","0","0","0","0","-1395000","5","-100.00","112","5","-3","0","0","","0","0","0","","",""
"080018","0001","0","1409000","1410000","1411000","1413000","1414000","1415000","1416000","1418000","1419000","1420000","1405000","1401000","1400000","1396000","1395000","1393000","1390000","1387000","1386000","1385000","15","24","30","82","1","10","200","16","2","6","1","8","78","2","223","1","8","10","1","2","386","334","0","0","0","0","0","-1395000","5","-100.00","112","0","10","0","0","","0","0","0","","",""
"080019","0000","0","1409000","1410000","1411000","1413000","1414000","1415000","1416000","1418000","1419000","1420000","1405000","1401000","1400000","1396000","1395000","1393000","1390000","1387000","1386000","1385000","15","24","30","82","1","10","200","21","2","8","1","8","78","2","223","1","8","10","1","2","393","334","0","0","0","0","0","-1395000","5","-100.00","112","7","0","0","0","","0","0","0","","",""
"080019","0001","0","1409000","1410000","1411000","1413000","1414000","1415000","1416000","1418000","1419000","1420000","1405000","1401000","1400000","1396000","1395000","1393000","1390000","1387000","1386000","1385000","15","24","30","82","1","10","200","21","2","8","8","8","78","2","223","1","8","10","1","2","393","341","0","0","0","0","0","-1395000","5","-100.00","112","0","7","0","0","","0","0","0","","",""
"080019","0002","0","1409000","1410000","1411000","1413000","1414000","1415000","1416000","1418000","1419000","1420000","1405000","1401000","1400000","1396000","1395000","1393000","1390000","1387000","1386000","1385000","13","24","30","82","1","10","200","21","2","8","8","8","78","2","223","1","8","10","1","2","391","341","0","0","0","0","0","-1395000","5","-100.00","114","-2","0","0","0","","0","0","0","","",""
"080020","0000","0","1409000","1410000","1411000","1413000","1414000","1415000","1416000","1418000","1419000","1420000","1405000","1401000","1400000","1396000","1395000","1393000","1390000","1387000","1386000","1385000","13","24","31","82","1","10","200","21","2","8","8","8","88","2","223","1","8","10","1","2","392","351","0","0","0","0","0","-1395000","5","-100.00","114","1","10","0","0","","0","0","0","","",""
"080021","0000","0","1409000","1410000","1411000","1413000","1414000","1415000","1416000","1418000","1419000","1420000","1405000","1401000","1400000","1396000","1395000","1393000","1390000","1387000","1386000","1385000","12","24","31","82","1","10","200","21","2","8","8","8","88","2","223","1","8","10","1","2","391","351","0","0","0","0","0","-1395000","5","-100.00","115","-1","0","0","0","","0","0","0","","",""
"080021","0001","0","1409000","1410000","1411000","1413000","1414000","1415000","1416000","1418000","1419000","1420000","1405000","1401000","1400000","1396000","1395000","1393000","1390000","1387000","1386000","1385000","15","24","31","82","1","10","200","21","2","8","8","8","88","2","223","1","8","10","1","2","394","351","0","0","0","0","0","-1395000","5","-100.00","115","3","0","0","0","","0","0","0","","",""
"080021","0002","0","1409000","1410000","1411000","1413000","1414000","1415000","1416000","1418000","1419000","1420000","1405000","1401000","1400000","1396000","1395000","1393000","1390000","1387000","1386000","1385000","15","24","31","82","1","10","200","21","2","8","8","8","88","2","223","1","9","10","1","2","394","352","0","0","0","0","0","-1395000","5","-100.00","115","0","1","0","0","","0","0","0","","",""
"080022","0000","0","1405000","1409000","1410000","1411000","1413000","1414000","1415000","1416000","1418000","1419000","1401000","1400000","1396000","1395000","1393000","1390000","1387000","1386000","1385000","1380000","5","15","24","31","82","1","10","200","21","2","8","88","2","223","1","9","10","1","2","4","391","348","0","0","0","0","0","-1395000","5","-100.00","124","-3","-4","0","0","","0","0","0","","",""
"080023","0000","0","1405000","1409000","1410000","1411000","1413000","1414000","1415000","1416000","1418000","1419000","1401000","1400000","1396000","1395000","1393000","1390000","1387000","1386000","1385000","1380000","5","15","24","31","82","1","10","201","21","2","8","88","2","223","1","9","10","1","2","4","392","348","0","0","0","0","0","-1395000","5","-100.00","124","1","0","0","0","","0","0","0","","",""
"080023","0001","0","1405000","1409000","1410000","1411000","1413000","1414000","1415000","1416000","1418000","1419000","1401000","1400000","1396000","1395000","1393000","1390000","1387000","1386000","1385000","1380000","4","15","24","31","314","1","10","201","21","2","8","88","2","223","1","9","10","1","2","4","623","348","0","0","0","0","0","-1395000","5","-100.00","125","231","0","0","0","","0","0","0","","",""
"080023","0002","0","1405000","1409000","1410000","1411000","1413000","1414000","1415000","1416000","1418000","1419000","1401000","1400000","1396000","1395000","1393000","1390000","1387000","1386000","1385000","1380000","3","15","24","31","314","1","10","201","21","2","8","88","2","223","1","9","10","1","2","4","622","348","0","0","0","0","0","-1395000","5","-100.00","126","-1","0","0","0","","0","0","0","","",""
"080024","0000","0","1405000","1409000","1410000","1411000","1413000","1414000","1415000","1416000","1418000","1419000","1401000","1400000","1396000","1395000","1394000","1393000","1390000","1387000","1386000","1385000","2","15","24","31","314","1","10","201","21","2","8","88","2","223","1","1","9","10","1","2","621","345","0","0","0","0","0","-1395000","5","-100.00","127","-1","-3","0","0","","0","0","0","","",""
"080024","0001","0","1405000","1409000","1410000","1411000","1413000","1414000","1415000","1416000","1418000","1419000","1401000","1400000","1396000","1395000","1394000","1393000","1390000","1387000","1386000","1385000","1","15","24","31","314","1","10","201","21","2","8","88","2","223","1","1","9","10","1","2","620","345","0","0","0","0","0","-1395000","5","-100.00","128","-1","0","0","0","","0","0","0","","",""
"080024","0002","0","1405000","1409000","1410000","1411000","1413000","1414000","1415000","1416000","1418000","1419000","1401000","1400000","1396000","1395000","1394000","1393000","1390000","1387000","1386000","1385000","1","20","24","31","314","1","10","201","21","2","8","88","2","223","1","1","9","10","1","2","625","345","0","0","0","0","0","-1395000","5","-100.00","128","5","0","0","0","","0","0","0","","",""
"080025","0000","0","1405000","1409000","1410000","1411000","1413000","1414000","1415000","1416000","1418000","1419000","1401000","1400000","1396000","1395000","1394000","1393000","1390000","1387000","1386000","1385000","1","20","24","31","314","1","20","201","21","2","8","88","2","223","1","1","9","10","1","2","635","345","0","0","0","0","0","-1395000","5","-100.00","128","10","0","0","0","","0","0","0","","",""
"080026","0000","0","1409000","1410000","1411000","1413000","1414000","1415000","1416000","1418000","1419000","1420000","1405000","1401000","1400000","1396000","1395000","1394000","1393000","1390000","1387000","1386000","20","24","31","314","1","20","201","21","2","8","4","1","88","2","223","1","1","9","10","1","642","340","0","0","0","0","0","-1395000","5","-100.00","131","7","-5","0","0","","0","0","0","","",""
"080026","0001","0","1409000","1410000","1411000","1413000","1414000","1415000","1416000","1418000","1419000","1420000","1405000","1401000","1400000","1396000","1395000","1394000","1393000","1390000","1387000","1386000","20","24","31","314","1","20","201","21","2","8","181","1","88","2","46","1","1","9","10","1","642","340","0","0","0","0","0","-1395000","5","-100.00","131","0","0","0","0","","0","0","0","","",""
"080027","0000","0","1409000","1410000","1411000","1413000","1414000","1415000","1416000","1418000","1419000","1420000","1405000","1401000","1400000","1396000","1395000","1394000","1393000","1390000","1387000","1386000","20","24","31","314","1","20","201","21","2","8","181","1","88","2","47","1","1","9","10","1","642","341","0","0","0","0","0","-1395000","5","-100.00","131","0","1","0","0","","0","0","0","","",""
"080027","0001","0","1409000","1410000","1411000","1413000","1414000","1415000","1416000","1418000","1419000","1420000","1405000","1401000","1400000","1396000","1395000","1394000","1393000","1390000","1387000","1386000","20","24","31","314","1","20","201","21","2","8","181","11","88","2","47","1","1","10","10","1","642","352","0","0","0","0","0","-1395000","5","-100.00","131","0","11","0","0","","0","0","0","","",""
"080028","0000","0","1409000","1410000","1411000","1413000","1414000","1415000","1416000","1418000","1419000","1420000","1405000","1401000","1400000","1396000","1395000","1394000","1393000","1390000","1387000","1386000","20","24","31","314","1","20","201","21","2","8","181","11","88","3","48","1","1","10","10","1","642","354","0","0","0","0","0","-1395000","5","-100.00","131","0","2","0","0","","0","0","0","","",""
"080028","0001","0","1409000","1410000","1411000","1413000","1414000","1415000","1416000","1418000","1419000","1420000","1405000","1401000","1400000","1396000","1395000","1394000","1393000","1390000","1387000","1386000","17","24","31","314","1","20","201","21","2","8","182","11","88","3","48","1","1","10","10","1","639","355","0","0","0","0","0","-1395000","5","-100.00","134","-3","1","0","0","","0","0","0","","",""
"080028","0002","0","1409000","1410000","1411000","1413000","1414000","1415000","1416000","1418000","1419000","1420000","1405000","1401000","1400000","1399000","1396000","1395000","1394000","1393000","1390000","1387000","17","24","31","314","1","20","201","21","2","8","182","11","88","1","3","48","1","1","10","10","639","355","0","0","0","0","0","-1395000","5","-100.00","134","0","0","0","0","","0","0","0","","",""
"080028","0003","0","1409000","1410000","1411000","1413000","1414000","1415000","1416000","1418000","1419000","1420000","1405000","1401000","1400000","1399000","1396000","1395000","1394000","1393000","1390000","1387000","28","24","31","314","1","20","201","21","2","8","182","11","88","1","3","48","1","1","10","10","650","355","0","0","0","0","0","-1395000","5","-100.00","134","11","0","0","0","","0","0","0","","",""
"080029","0000","0","1409000","1410000","1411000","1413000","1414000","1415000","1416000","1418000","1419000","1420000","1405000","1401000","1400000","1399000","1396000","1395000","1394000","1393000","1390000","1388000","38","24","31","314","1","20","201","21","2","8","182","10","88","1","3","48","1","1","10","1","660","345","0","0","0","0","0","-1395000","5","-100.00","134","10","-10","0","0","","0","0","0","","",""
"080029","0001","0","1409000","1410000","1411000","1413000","1414000","1415000","1416000","1418000","1419000","1420000","1405000","1401000","1400000","1399000","1396000","1395000","1394000","1393000","1390000","1388000","38","24","31","314","1","20","201","21","2","8","262","10","88","1","3","48","1","1","10","1","660","425","0","0","0","0","0","-1395000","5","-100.00","134","0","80","0","0","","0","0","0","","",""
"080030","0000","0","1409000","1410000","1411000","1413000","1414000","1415000","1416000","1418000","1419000","1420000","1405000","1403000","1401000","1400000","1399000","1396000","1395000","1394000","1393000","1390000","38","24","31","314","1","20","201","21","2","8","262","1","10","88","1","3","48","1","1","10","660","425","0","0","0","0","0","-1395000","5","-100.00","134","0","0","0","0","","0","0","0","","",""
"080030","0001","0","1409000","1410000","1411000","1413000","1414000","1415000","1416000","1418000","1419000","1420000","1405000","1403000","1401000","1400000","1399000","1396000","1395000","1394000","1393000","1390000","39","24","31","314","1","20","201","21","2","8","264","1","10","88","1","3","48","1","1","10","661","427","0","0","0","0","0","-1395000","5","-100.00","134","1","2","0","0","","0","0","0","","",""
"080030","0002","0","1409000","1410000","1411000","1413000","1414000","1415000","1416000","1418000","1419000","1420000","1405000","1403000","1401000","1400000","1399000","1396000","1395000","1394000","1393000","1390000","39","24","31","314","1","20","201","21","2","9","264","1","10","88","1","3","28","1","1","10","662","407","0","0","0","0","0","-1395000","5","-100.00","134","1","-20","0","0","","0","0","0","","",""
"080030","0003","0","1409000","1410000","1411000","1413000","1414000","1415000","1416000","1418000","1419000","1420000","1405000","1403000","1401000","1400000","1399000","1396000","1395000","1394000","1393000","1390000","39","25","31","314","1","20","201","21","2","9","266","1","10","88","1","3","28","1","1","10","663","409","0","0","0","0","0","-1395000","5","-100.00","134","1","2","0","0","","0","0","0","","",""
"080031","0000","0","1409000","1410000","1411000","1413000","1414000","1415000","1416000","1418000","1419000","1420000","1405000","1403000","1401000","1400000","1399000","1396000","1395000","1394000","1393000","1390000","39","25","31","314","1","20","211","21","2","9","267","1","10","88","1","3","28","1","1","10","673","410","0","0","0","0","0","-1395000","5","-100.00","134","10","1","0","0","","0","0","0","","",""
"080031","0001","0","1409000","1410000","1411000","1413000","1414000","1415000","1416000","1418000","1419000","1420000","1405000","1403000","1401000","1400000","1399000","1396000","1395000","1394000","1393000","1390000","19","25","31","314","1","20","211","21","2","9","267","1","10","88","1","3","28","1","1","10","653","410","0","0","0","0","0","-1395000","5","-100.00","154","-20","0","0","0","","0","0","0","","",""
"080031","0002","0","1409000","1410000","1411000","1413000","1414000","1415000","1416000","1418000","1419000","1420000","1405000","1403000","1401000","1400000","1399000","1396000","1395000","1394000","1393000","1390000","19","25","31","314","1","20","211","21","2","9","268","1","10","88","1","3","28","1","1","10","653","411","0","0","0","0","0","-1395000","5","-100.00","156","0","1","0","0","","0","0","0","","",""
"080032","0000","0","1409000","1410000","1411000","1413000","1414000","1415000","1416000","1418000","1419000","1420000","1405000","1403000","1401000","1400000","1399000","1396000","1395000","1394000","1393000","1390000","19","25","31","314","1","20","211","21","2","9","268","1","10","88","1","4","28","1","1","10","653","412","0","0","0","0","0","-1395000","5","-100.00","156","0","1","0","0","","0","0","0","","",""
"080032","0001","0","1409000","1410000","1411000","1413000","1414000","1415000","1416000","1418000","1419000","1420000","1405000","1403000","1401000","1400000","1399000","1396000","1395000","1394000","1393000","1390000","16","25","36","314","1","20","211","21","2","9","268","1","10","88","1","4","28","1","1","10","655","412","0","0","0","0","0","-1395000","5","-100.00","159","2","0","0","0","","0","0","0","","",""
"080033","0000","0","1409000","1410000","1411000","1413000","1414000","1415000","1416000","1418000","1419000","1420000","1405000","1403000","1401000","1400000","1399000","1396000","1395000","1394000","1393000","1390000","17","25","37","314","1","20","211","21","2","9","268","1","10","88","1","4","32","1","1","10","657","416","0","0","0","0","0","-1395000","5","-100.00","159","2","4","0","0","","0","0","0","","",""
"080033","0001","0","1409000","1410000","1411000","1413000","1414000","1415000","1416000","1418000","1419000","1420000","1405000","1403000","1401000","1400000","1399000","1396000","1395000","1394000","1393000","1390000","17","40","37","314","1","20","211","21","2","9","268","1","10","88","1","4","32","1","1","10","672","416","0","0","0","0","0","-1395000","5","-100.00","159","15","0","0","0","","0","0","0","","",""
"080034","0000","0","1409000","1410000","1411000","1413000","1414000","1415000","1416000","1418000","1419000","1420000","1405000","1403000","1401000","1400000","1399000","1396000","1395000","1394000","1393000","1390000","17","40","37","314","1","20","211","21","2","9","269","1","10","88","1","4","32","1","1","10","672","417","0","0","0","0","0","-1395000","5","-100.00","159","0","1","0","0","","0","0","0","","",""
"080035","0000","0","1409000","1410000","1411000","1413000","1414000","1415000","1416000","1418000","1419000","1420000","1405000","1403000","1401000","1400000","1399000","1396000","1395000","1394000","1393000","1390000","17","40","37","314","1","20","211","21","2","9","270","1","10","88","1","4","32","1","1","10","672","418","0","0","0","0","0","-1395000","5","-100.00","159","0","1","0","0","","0","0","0","","",""
"080036","0000","0","1408000","1409000","1410000","1411000","1413000","1414000","1415000","1416000","1418000","1419000","1405000","1403000","1401000","1400000","1399000","1396000","1395000","1394000","1393000","1390000","2","16","38","37","314","1","20","211","21","2","270","1","10","88","1","4","32","1","1","10","662","418","0","0","0","0","0","-1395000","5","-100.00","160","-10","0","0","0","","0","0","0","","",""
"080036","0001","0","1408000","1409000","1410000","1411000","1413000","1414000","1415000","1416000","1418000","1419000","1405000","1403000","1401000","1400000","1399000","1396000","1395000","1394000","1393000","1390000","2","16","38","37","314","1","20","211","21","2","270","1","30","88","1","4","32","1","1","10","662","438","0","0","0","0","0","-1395000","5","-100.00","160","0","20","0","0","","0","0","0","","",""
"080036","0002","0","1408000","1409000","1410000","1411000","1413000","1414000","1415000","1416000","1418000","1419000","1405000","1403000","1401000","1400000","1399000","1396000","1395000","1394000","1393000","1390000","2","26","38","37","314","1","20","211","21","2","270","1","30","88","1","6","32","1","1","10","672","440","0","0","0","0","0","-1395000","5","-100.00","160","10","2","0","0","","0","0","0","","",""
"080036","0003","0","1409000","1410000","1411000","1412000","1413000","1414000","1415000","1416000","1418000","1419000","1405000","1403000","1401000","1400000","1399000","1396000","1395000","1394000","1393000","1390000","14","38","64","1","314","1","20","211","21","2","270","1","30","88","1","6","32","1","1","10","686","440","0","0","0","0","0","-1395000","5","-100.00","174","14","0","0","0","","0","0","0","","",""
"080037","0000","0","1409000","1410000","1411000","1412000","1413000","1414000","1415000","1416000","1418000","1419000","1405000","1403000","1401000","1400000","1399000","1396000","1395000","1394000","1393000","1390000","12","38","64","1","314","1","20","211","21","2","270","1","30","88","1","6","32","1","1","10","684","440","0","0","0","0","0","-1395000","5","-100.00","176","-2","0","0","0","","0","0","0","","",""
"080037","0001","0","1409000","1410000","1411000","1412000","1413000","1414000","1415000","1416000","1418000","1419000","1405000","1403000","1401000","1400000","1399000","1396000","1395000","1394000","1393000","1390000","10","38","64","1","314","1","20","211","21","2","276","1","30","88","1","6","32","1","1","10","682","446","0","0","0","0","0","-1395000","5","-100.00","178","-2","6","0","0","","0","0","0","","",""
"080038","0000","0","1409000","1410000","1411000","1412000","1413000","1414000","1415000","1416000","1418000","1419000","1405000","1404000","1403000","1402000","1401000","1400000","1399000","1396000","1395000","1394000","10","38","64","1","314","1","20","211","21","2","277","4","4","1","30","88","1","6","32","1","682","444","0","0","0","0","0","-1395000","5","-100.00","178","0","-2","0","0","","0","0","0","","",""
"080038","0001","0","1409000","1410000","1411000","1412000","1413000","1414000","1415000","1416000","1418000","1419000","1405000","1404000","1403000","1402000","1401000","1400000","1399000","1396000","1395000","1394000","10","38","65","1","314","2","20","211","21","2","277","4","4","1","30","88","1","6","32","1","684","444","0","0","0","0","0","-1395000","5","-100.00","178","2","0","0","0","","0","0","0","","",""
"080038","0002","0","1409000","1410000","1411000","1412000","1413000","1414000","1415000","1416000","1418000","1419000","1405000","1404000","1403000","1402000","1401000","1400000","1399000","1396000","1395000","1394000","8","38","65","1","314","2","20","211","21","2","277","4","4","1","30","88","1","6","32","1","682","444","0","0","0","0","0","-1395000","5","-100.00","180","-2","0","0","0","","0","0","0","","",""
"080039","0000","0","1409000","1410000","1411000","1412000","1413000","1414000","1415000","1416000","1418000","1419000","1405000","1404000","1403000","1402000","1401000","1400000","1399000","1396000","1395000","1394000","9","38","65","1","314","2","20","211","21","2","277","4","4","1","30","88","1","6","32","1","683","444","0","0","0","0","0","-1395000","5","-100.00","180","1","0","0","0","","0","0","0","","",""
"080040","0000","0","1409000","1410000","1411000","1412000","1413000","1414000","1415000","1416000","1418000","1419000","1405000","1404000","1403000","1402000","1401000","1400000","1399000","1396000","1395000","1394000","5","38","65","1","314","2","20","211","21","2","277","4","4","1","30","88","1","6","32","1","679","444","0","0","0","0","0","-1395000","5","-100.00","184","-4","0","0","0","","0","0","0","","",""
"080040","0001","0","1409000","1410000","1411000","1412000","1413000","1414000","1415000","1416000","1418000","1419000","1405000","1404000","1403000","1402000","1401000","1400000","1399000","1397000","1396000","1395000","5","38","65","1","314","2","20","211","21","2","277","4","4","1","30","88","1","1","6","33","679","445","0","0","0","0","0","-1395000","5","-100.00","184","0","1","0","0","","0","0","0","","",""
"080040","0002","0","1410000","1411000","1412000","1413000","1414000","1415000","1416000","1418000","1419000","1420000","1409000","1405000","1404000","1403000","1402000","1401000","1400000","1399000","1397000","1396000","38","65","1","314","2","20","211","21","2","9","80","197","4","4","1","30","88","1","1","6","683","412","0","0","0","0","0","-1395000","5","-100.00","189","4","-33","0","0","","0","0","0","","",""
"080040","0003","0","1410000","1411000","1412000","1413000","1414000","1415000","1416000","1418000","1419000","1420000","1409000","1405000","1404000","1403000","1402000","1401000","1400000","1399000","1397000","1396000","29","65","1","314","2","20","211","21","2","9","88","197","4","4","1","30","88","1","1","6","674","420","0","0","0","0","0","-1395000","5","-100.00","198","-9","8","0","0","","0","0","0","","",""
"080041","0000","0","1410000","1411000","1412000","1413000","1414000","1415000","1416000","1418000","1419000","1420000","1409000","1405000","1404000","1403000","1402000","1401000","1400000","1399000","1397000","1396000","29","65","7","314","2","20","211","21","2","10","84","197","4","4","1","30","88","1","1","6","681","416","0","0","0","0","0","-1395000","5","-100.00","203","7","-4","0","0","","0","0","0","","",""
"080041","0001","0","1410000","1411000","1412000","1413000","1414000","1415000","1416000","1418000","1419000","1420000","1409000","1405000","1404000","1403000","1402000","1401000","1400000","1399000","1397000","1396000","29","65","7","314","3","20","211","21","2","10","84","197","4","4","1","30","88","1","1","6","682","416","0","0","0","0","0","-1395000","5","-100.00","203","1","0","0","0","","0","0","0","","",""
"080041","0002","0","1410000","1411000","1412000","1413000","1414000","1415000","1416000","1418000","1419000","1420000","1409000","1406000","1405000","1404000","1403000","1402000","1401000","1400000","1399000","1397000","29","65","7","314","3","20","211","21","2","10","84","1","197","4","3","1","30","88","1","1","682","410","0","0","0","0","0","-1395000","5","-100.00","203","0","-6","0","0","","0","0","0","","",""
"080042","0000","0","1410000","1411000","1412000","1413000","1414000","1415000","1416000","1418000","1419000","1420000","1409000","1406000","1405000","1404000","1403000","1402000","1401000","1400000","1399000","1397000","29","65","7","314","3","20","211","21","2","10","82","1","197","4","3","1","30","88","1","1","682","408","0","0","0","0","0","-1395000","5","-100.00","205","0","-2","0","0","","0","0","0","","",""
"080042","0001","0","1410000","1411000","1412000","1413000","1414000","1415000","1416000","1418000","1419000","1420000","1409000","1406000","1405000","1404000","1403000","1402000","1401000","1400000","1399000","1397000","29","65","7","314","13","20","211","21","2","10","102","1","197","4","3","1","30","88","1","1","692","428","0","0","0","0","0","-1395000","5","-100.00","205","10","20","0","0","","0","0","0","","",""
"080042","0002","0","1410000","1411000","1412000","1413000","1414000","1415000","1416000","1418000","1419000","1420000","1409000","1406000","1405000","1404000","1403000","1402000","1401000","1400000","1399000","1397000","29","65","7","314","13","20","211","21","2","10","103","1","205","4","3","1","30","88","1","1","692","437","0","0","0","0","0","-1395000","5","-100.00","205","0","9","0","0","","0","0","0","","",""
"080042","0003","0","1410000","1411000","1412000","1413000","1414000","1415000","1416000","1418000","1419000","1420000","1409000","1408000","1406000","1405000","1404000","1403000","1402000","1401000","1400000","1399000","29","65","7","314","13","20","211","21","2","10","104","1","1","205","4","3","1","30","88","1","692","438","0","0","0","0","0","-1395000","5","-100.00","205","0","1","0","0","","0","0","0","","",""
"080042","0004","0","1410000","1411000","1412000","1413000","1414000","1415000","1416000","1418000","1419000","1420000","1409000","1408000","1406000","1405000","1404000","1403000","1402000","1401000","1400000","1399000","28","65","7","314","13","20","211","21","2","10","104","1","3","205","4","3","1","30","88","1","691","440","0","0","0","0","0","-1395000","5","-100.00","206","-1","2","0","0","","0","0","0","","",""
"080043","0000","0","1410000","1411000","1412000","1413000","1414000","1415000","1416000","1418000","1419000","1420000","1409000","1408000","1406000","1405000","1404000","1403000","1402000","1401000","1400000","1399000","28","65","7","314","13","20","211","21","22","10","104","1","3","205","4","3","1","30","88","1","711","440","0","0","0","0","0","-1395000","5","-100.00","206","20","0","0","0","","0","0","0","","",""
"080044","0000","0","1410000","1411000","1412000","1413000","1414000","1415000","1416000","1418000","1419000","1420000","1409000","1408000","1406000","1405000","1404000","1403000","1402000","1401000","1400000","1399000","28","65","7","314","13","20","211","21","22","10","98","1","3","355","4","3","1","30","88","1","711","584","0","0","0","0","0","-1395000","5","-100.00","212","0","144","0","0","","0","0","0","","",""
"080044","0001","0","1410000","1411000","1412000","1413000","1414000","1415000","1416000","1418000","1419000","1420000","1409000","1408000","1406000","1405000","1404000","1403000","1402000","1401000","1400000","1399000","18","65","7","314","13","20","211","21","22","10","98","1","3","355","4","3","1","30","88","1","701","584","0","0","0","0","0","-1395000","5","-100.00","222","-10","0","0","0","","0","0","0","","",""
"080044","0002","0","1411000","1412000","1413000","1414000","1415000","1416000","1418000","1419000","1420000","1421000","1409000","1408000","1406000","1405000","1404000","1403000","1402000","1401000","1400000","1399000","64","7","314","13","20","211","21","22","10","2","98","1","3","365","4","3","1","30","88","1","684","594","0","0","0","0","0","-1395000","5","-100.00","241","-17","10","0","0","","0","0","0","","",""
"080044","0003","0","1411000","1412000","1413000","1414000","1415000","1416000","1418000","1419000","1420000","1421000","1409000","1408000","1406000","1405000","1404000","1403000","1402000","1401000","1400000","1399000","64","7","314","13","20","211","21","22","10","2","98","1","6","365","4","3","1","30","88","1","684","597","0","0","0","0","0","-1395000","5","-100.00","241","0","3","0","0","","0","0","0","","",""
"080044","0004","0","1411000","1412000","1413000","1414000","1415000","1416000","1418000","1419000","1420000","1421000","1409000","1408000","1406000","1405000","1404000","1403000","1402000","1401000","1400000","1399000","64","7","314","13","20","211","21","22","10","2","105","1","6","365","4","3","1","30","88","1","684","604","0","0","0","0","0","-1395000","5","-100.00","241","0","7","0","0","","0","0","0","","",""
"080045","0000","0","1411000","1412000","1413000","1414000","1415000","1416000","1418000","1419000","1420000","1421000","1409000","1408000","1406000","1405000","1404000","1403000","1402000","1401000","1400000","1399000","63","7","314","13","20","211","21","22","10","2","86","1","6","365","4","3","1","30","88","1","683","585","0","0","0","0","0","-1395000","5","-100.00","262","-1","-19","0","0","","0","0","0","","",""
"080045","0001","0","1411000","1412000","1413000","1414000","1415000","1416000","1418000","1419000","1420000","1421000","1410000","1409000","1408000","1406000","1405000","1404000","1403000","1402000","1401000","1400000","63","7","314","13","20","211","21","22","10","2","1","86","1","10","364","4","3","1","30","88","683","588","0","0","0","0","0","-1395000","5","-100.00","263","0","3","0","0","","0","0","0","","",""
"080045","0002","0","1411000","1412000","1413000","1414000","1415000","1416000","1418000","1419000","1420000","1421000","1409000","1408000","1406000","1405000","1404000","1403000","1402000","1401000","1400000","1399000","63","7","314","13","20","211","21","22","10","2","86","1","10","365","4","3","1","30","88","1","683","589","0","0","0","0","0","-1395000","5","-100.00","265","0","1","0","0","","0","0","0","","",""
"080046","0000","0","1411000","1412000","1413000","1414000","1415000","1416000","1418000","1419000","1420000","1421000","1409000","1408000","1406000","1405000","1404000","1403000","1402000","1401000","1400000","1399000","63","7","314","13","20","211","21","22","10","2","87","1","10","365","4","3","1","30","88","1","683","590","0","0","0","0","0","-1395000","5","-100.00","265","0","1","0","0","","0","0","0","","",""
"080047","0000","0","1411000","1412000","1413000","1414000","1415000","1416000","1418000","1419000","1420000","1421000","1409000","1408000","1406000","1405000","1404000","1403000","1402000","1401000","1400000","1399000","63","7","314","13","20","211","21","22","10","2","88","1","10","365","4","3","1","30","88","1","683","591","0","0","0","0","0","-1395000","5","-100.00","265","0","1","0","0","","0","0","0","","",""
"080047","0001","0","1411000","1412000","1413000","1414000","1415000","1416000","1418000","1419000","1420000","1421000","1409000","1408000","1406000","1405000","1404000","1403000","1402000","1401000","1400000","1399000","63","7","314","13","20","211","21","32","10","2","89","1","10","365","4","3","1","30","89","1","693","593","0","0","0","0","0","-1395000","5","-100.00","265","10","2","0","0","","0","0","0","","",""
"080048","0000","0","1411000","1412000","1413000","1414000","1415000","1416000","1418000","1419000","1420000","1421000","1409000","1408000","1406000","1405000","1404000","1403000","1402000","1401000","1400000","1399000","63","7","314","13","20","211","21","32","10","2","90","1","9","365","4","3","1","30","89","1","693","593","0","0","0","0","0","-1395000","5","-100.00","265","0","0","0","0","","0","0","0","","",""
"080048","0001","0","1411000","1412000","1413000","1414000","1415000","1416000","1418000","1419000","1420000","1421000","1409000","1408000","1406000","1405000","1404000","1403000","1402000","1401000","1400000","1399000","63","8","314","13","20","211","21","32","10","2","90","1","9","365","5","3","1","30","89","1","694","594","0","0","0","0","0","-1395000","5","-100.00","265","1","1","0","0","","0","0","0","","",""
"080048","0002","0","1411000","1412000","1413000","1414000","1415000","1416000","1418000","1419000","1420000","1421000","1409000","1408000","1406000","1405000","1404000","1403000","1402000","1401000","1400000","1399000","63","8","314","13","20","211","21","32","10","2","103","1","9","365","5","3","1","30","89","1","694","607","0","0","0","0","0","-1395000","5","-100.00","265","0","13","0","0","","0","0","0","","",""
"080048","0003","0","1411000","1412000","1413000","1414000","1415000","1416000","1418000","1419000","1420000","1421000","1409000","1408000","1406000","1405000","1404000","1403000","1402000","1401000","1400000","1399000","61","8","314","13","20","211","21","32","10","2","107","2","9","365","5","3","1","30","89","1","692","612","0","0","0","0","0","-1395000","5","-100.00","268","-2","5","0","0","","0","0","0","","",""
"080049","0000","0","1411000","1412000","1413000","1414000","1415000","1416000","1418000","1419000","1420000","1421000","1409000","1408000","1406000","1405000","1404000","1403000","1402000","1401000","1400000","1399000","61","8","315","13","20","211","21","32","10","2","107","2","9","365","5","3","1","30","89","1","693","612","0","0","0","0","0","-1395000","5","-100.00","268","1","0","0","0","","0","0","0","","",""
"080049","0001","0","1411000","1412000","1413000","1414000","1415000","1416000","1418000","1419000","1420000","1421000","1409000","1408000","1406000","1405000","1404000","1403000","1402000","1401000","1400000","1399000","61","11","315","13","20","211","21","32","10","2","107","2","9","365","5","3","1","30","89","1","696","612","0","0","0","0","0","-1395000","5","-100.00","268","3","0","0","0","","0","0","0","","",""
"080049","0002","0","1411000","1412000","1413000","1414000","1415000","1416000","1418000","1419000","1420000","1421000","1409000","1408000","1406000","1405000","1404000","1403000","1402000","1401000","1400000","1399000","61","11","315","13","20","211","21","32","10","2","107","3","9","365","5","3","1","30","89","1","696","613","0","0","0","0","0","-1395000","5","-100.00","268","0","1","0","0","","0","0","0","","",""
"080050","0000","0","1411000","1412000","1413000","1414000","1415000","1416000","1418000","1419000","1420000","1421000","1410000","1409000","1408000","1406000","1405000","1404000","1403000","1402000","1401000","1400000","62","11","315","13","20","211","21","32","10","2","1","107","3","9","365","5","3","1","30","89","697","613","0","0","0","0","0","-1395000","5","-100.00","268","1","0","0","0","","0","0","0","","",""
"080050","0001","0","1411000","1412000","1413000","1414000","1415000","1416000","1418000","1419000","1420000","1421000","1410000","1409000","1408000","1406000","1405000","1404000","1403000","1402000","1401000","1400000","62","11","315","13","20","211","21","32","10","2","1","107","3","9","366","5","3","1","30","89","697","614","0","0","0","0","0","-1395000","5","-100.00","268","0","1","0","0","","0","0","0","","",""
"080050","0002","0","1411000","1412000","1413000","1414000","1415000","1416000","1418000","1419000","1420000","1421000","1410000","1409000","1408000","1406000","1405000","1404000","1403000","1402000","1401000","1400000","63","11","315","13","20","211","21","32","10","2","2","106","3","9","367","5","3","1","30","89","698","615","0","0","0","0","0","-1395000","5","-100.00","268","1","1","0","0","","0","0","0","","",""
"080051","0000","0","1411000","1412000","1413000","1414000","1415000","1416000","1418000","1419000","1420000","1421000","1410000","1409000","1408000","1406000","1405000","1404000","1403000","1402000","1401000","1400000","58","11","315","13","20","211","21","32","10","2","3","106","3","9","367","5","3","1","30","89","693","616","0","0","0","0","0","-1395000","5","-100.00","273","-5","1","0","0","","0","0","0","","",""
"080051","0001","0","1411000","1412000","1413000","1414000","1415000","1416000","1418000","1419000","1420000","1421000","1410000","1409000","1408000","1406000","1405000","1404000","1403000","1402000","1401000","1400000","57","18","315","13","20","211","21","32","10","2","4","105","3","9","367","5","3","1","30","89","699","616","0","0","0","0","0","-1395000","5","-100.00","274","6","0","0","0","","0","0","0","","",""
"080052","0000","0","1411000","1412000","1413000","1414000","1415000","1416000","1418000","1419000","1420000","1421000","1410000","1409000","1408000","1406000","1405000","1404000","1403000","1402000","1401000","1400000","55","18","315","13","20","211","21","32","10","2","4","105","3","9","367","5","3","1","30","89","697","616","0","0","0","0","0","-1395000","5","-100.00","276","-2","0","0","0","","0","0","0","","",""
"080052","0001","0","1411000","1412000","1413000","1414000","1415000","1416000","1418000","1419000","1420000","1421000","1410000","1409000","1408000","1406000","1405000","1404000","1403000","1402000","1401000","1400000","55","43","315","13","20","211","21","32","10","2","4","105","3","9","367","5","3","1","30","89","722","616","0","0","0","0","0","-1395000","5","-100.00","276","25","0","0","0","","0","0","0","","",""
"080052","0002","0","1411000","1412000","1413000","1414000","1415000","1416000","1418000","1419000","1420000","1421000","1410000","1409000","1408000","1406000","1405000","1404000","1403000","1402000","1401000","1400000","54","43","315","13","20","211","21","32","10","2","3","85","3","9","367","5","3","1","30","89","721","595","0","0","0","0","0","-1395000","5","-100.00","278","-1","-21","0","0","","0","0","0","","",""
"080053","0000","0","1411000","1412000","1413000","1414000","1415000","1416000","1418000","1419000","1420000","1421000","1410000","1409000","1408000","1406000","1405000","1404000","1403000","1402000","1401000","1400000","54","43","315","13","20","211","21","32","10","2","4","86","3","9","367","5","3","1","30","89","721","597","0","0","0","0","0","-1395000","5","-100.00","278","0","2","0","0","","0","0","0","","",""
"080053","0001","0","1411000","1412000","1413000","1414000","1415000","1416000","1418000","1419000","1420000","1421000","1410000","1409000","1408000","1406000","1405000","1404000","1403000","1402000","1401000","1400000","54","43","315","13","20","211","21","32","10","2","4","86","3","9","368","5","3","1","30","89","721","598","0","0","0","0","0","-1395000","5","-100.00","278","0","1","0","0","","0","0","0","","",""
"080053","0002","0","1411000","1412000","1413000","1414000","1415000","1416000","1418000","1419000","1420000","1421000","1410000","1409000","1408000","1406000","1405000","1404000","1403000","1402000","1401000","1400000","53","43","315","13","20","211","21","32","10","2","8","86","3","9","367","5","3","1","30","89","720","601","0","0","0","0","0","-1395000","5","-100.00","278","-1","3","0","0","","0","0","0","","",""
"080053","0003","0","1411000","1412000","1413000","1414000","1415000","1416000","1418000","1419000","1420000","1421000","1410000","1409000","1408000","1406000","1405000","1404000","1403000","1402000","1401000","1400000","53","43","315","13","20","211","21","32","10","2","8","88","3","9","367","5","3","1","30","89","720","603","0","0","0","0","0","-1395000","5","-100.00","278","0","2","0","0","","0","0","0","","",""
"080054","0000","0","1410000","1411000","1412000","1413000","1414000","1415000","1416000","1418000","1419000","1420000","1409000","1408000","1406000","1405000","1404000","1403000","1402000","1401000","1400000","1399000","71","53","43","235","13","20","211","21","32","10","88","3","9","367","5","3","1","30","89","1","709","596","0","0","0","0","0","-1395000","5","-100.00","287","-11","-7","0","0","","0","0","0","","",""
"080054","0001","0","1410000","1411000","1412000","1413000","1414000","1415000","1416000","1418000","1419000","1420000","1409000","1408000","1406000","1405000","1404000","1403000","1402000","1401000","1400000","1399000","70","53","43","235","13","20","211","21","32","10","88","3","9","366","5","3","1","30","89","1","708","595","0","0","0","0","0","-1395000","5","-100.00","288","-1","-1","0","0","","0","0","0","","",""
"080054","0002","0","1410000","1411000","1412000","1413000","1414000","1415000","1416000","1418000","1419000","1420000","1409000","1408000","1406000","1405000","1404000","1403000","1402000","1401000","1400000","1399000","70","53","43","235","13","20","211","21","32","10","96","3","9","366","5","3","1","30","89","1","708","603","0","0","0","0","0","-1395000","5","-100.00","288","0","8","0","0","","0","0","0","","",""
"080054","0003","0","1410000","1411000","1412000","1413000","1414000","1415000","1416000","1418000","1419000","1420000","1409000","1408000","1406000","1405000","1404000","1403000","1402000","1401000","1400000","1399000","69","53","48","235","13","20","211","21","38","10","97","3","9","365","5","3","1","30","89","1","718","603","0","0","0","0","0","-1395000","5","-100.00","289","10","0","0","0","","0","0","0","","",""
"080055","0000","0","1410000","1411000","1412000","1413000","1414000","1415000","1416000","1418000","1419000","1420000","1409000","1408000","1406000","1405000","1404000","1403000","1402000","1401000","1400000","1399000","69","53","48","235","13","20","211","21","38","10","98","3","9","363","5","3","1","30","89","1","718","602","0","0","0","0","0","-1395000","5","-100.00","289","0","-1","0","0","","0","0","0","","",""
"080055","0001","0","1410000","1411000","1412000","1413000","1414000","1415000","1416000","1417000","1418000","1419000","1409000","1408000","1406000","1405000","1404000","1403000","1402000","1401000","1400000","1399000","69","55","48","235","13","20","211","2","21","38","98","3","9","363","5","3","1","30","89","1","712","602","0","0","0","0","0","-1395000","5","-100.00","289","-6","0","0","0","","0","0","0","","",""
"080055","0002","0","1410000","1411000","1412000","1413000","1414000","1415000","1416000","1417000","1418000","1419000","1409000","1408000","1406000","1405000","1404000","1403000","1402000","1401000","1400000","1399000","69","56","48","235","13","20","211","2","21","38","98","3","9","363","5","3","1","30","89","1","713","602","0","0","0","0","0","-1395000","5","-100.00","289","1","0","0","0","","0","0","0","","",""
"080056","0000","0","1410000","1411000","1412000","1413000","1414000","1415000","1416000","1417000","1418000","1419000","1409000","1408000","1406000","1405000","1404000","1403000","1402000","1401000","1400000","1399000","69","56","48","235","13","20","211","2","21","38","98","3","9","363","5","3","1","30","89","1","713","602","0","0","0","0","0","-1395000","5","-100.00","289","0","0","0","0","","0","0","0","","",""
"080056","0001","0","1410000","1411000","1412000","1413000","1414000","1415000","1416000","1417000","1418000","1419000","1409000","1408000","1406000","1405000","1404000","1403000","1402000","1401000","1400000","1399000","69","56","42","235","13","26","211","2","21","38","98","3","9","363","5","3","1","30","89","1","713","602","0","0","0","0","0","-1395000","5","-100.00","289","0","0","0","0","","0","0","0","","",""
"080056","0002","0","1410000","1411000","1412000","1413000","1414000","1415000","1416000","1417000","1418000","1419000","1409000","1408000","1406000","1405000","1404000","1403000","1402000","1401000","1400000","1399000","69","56","42","235","13","26","211","2","21","38","97","3","9","362","5","3","1","30","89","1","713","600","0","0","0","0","0","-1395000","5","-100.00","289","0","-2","0","0","","0","0","0","","",""
"080057","0000","0","1410000","1411000","1412000","1413000","1414000","1415000","1416000","1417000","1418000","1419000","1409000","1408000","1406000","1405000","1404000","1403000","1402000","1401000","1400000","1399000","69","56","42","235","13","26","211","2","21","38","97","3","9","362","5","3","1","30","89","1","713","600","0","0","0","0","0","-1395000","5","-100.00","289","0","0","0","0","","0","0","0","","",""
"080058","0000","0","1410000","1411000","1412000","1413000","1414000","1415000","1416000","1417000","1418000","1419000","1409000","1408000","1406000","1405000","1404000","1403000","1402000","1401000","1400000","1399000","68","56","42","235","13","26","212","2","21","38","97","3","9","362","5","3","1","30","89","1","713","600","0","0","0","0","0","-1395000","5","-100.00","290","0","0","0","0","","0","0","0","","",""
"080058","0001","0","1410000","1411000","1412000","1413000","1414000","1415000","1416000","1417000","1418000","1419000","1409000","1408000","1406000","1405000","1404000","1403000","1402000","1401000","1400000","1399000","66","56","42","235","13","26","212","2","21","38","47","3","9","362","5","3","1","30","89","1","711","550","0","0","0","0","0","-1395000","5","-100.00","342","-2","-50","0","0","","0","0","0","","",""
"080058","0002","0","1410000","1411000","1412000","1413000","1414000","1415000","1416000","1417000","1418000","1419000","1409000","1408000","1406000","1405000","1404000","1403000","1402000","1401000","1400000","1399000","96","56","42","235","13","26","212","2","21","38","47","3","9","362","5","3","1","30","89","1","741","550","0","0","0","0","0","-1395000","5","-100.00","342","30","0","0","0","","0","0","0","","",""
"080059","0000","0","1410000","1411000","1412000","1413000","1414000","1415000","1416000","1417000","1418000","1419000","1409000","1408000","1406000","1405000","1404000","1403000","1402000","1401000","1400000","1399000","97","56","42","235","13","26","212","2","21","38","49","3","9","360","5","3","1","30","89","1","742","550","0","0","0","0","0","-1395000","5","-100.00","342","1","0","0","0","","0","0","0","","",""
"080059","0001","0","1410000","1411000","1412000","1413000","1414000","1415000","1416000","1417000","1418000","1419000","1409000","1408000","1406000","1405000","1404000","1403000","1402000","1401000","1400000","1399000","94","56","42","235","13","26","212","2","21","38","49","3","9","360","5","3","1","30","89","1","739","550","0","0","0","0","0","-1395000","5","-100.00","345","-3","0","0","0","","0","0","0","","",""
"080059","0002","0","1410000","1411000","1412000","1413000","1414000","1415000","1416000","1417000","1418000","1419000","1409000","1408000","1406000","1405000","1404000","1403000","1402000","1401000","1400000","1399000","83","56","42","235","13","26","212","2","21","38","49","3","9","360","5","3","1","30","89","1","728","550","0","0","0","0","0","-1395000","5","-100.00","356","-11","0","0","0","","0","0","0","","",""
"080100","0000","0","1410000","1411000","1412000","1413000","1414000","1415000","1416000","1417000","1418000","1419000","1409000","1408000","1406000","1405000","1404000","1403000","1402000","1401000","1400000","1399000","86","56","42","235","13","26","212","2","21","38","49","3","9","360","5","3","1","30","89","1","731","550","0","0","0","0","0","-1395000","5","-100.00","356","3","0","0","0","","0","0","0","","",""
"080100","0001","0","1410000","1411000","1412000","1413000","1414000","1415000","1416000","1417000","1418000","1419000","1409000","1408000","1406000","1405000","1404000","1403000","1402000","1401000","1400000","1399000","86","56","42","3","13","26","212","234","21","38","49","3","9","360","5","3","1","30","89","1","731","550","0","0","0","0","0","-1395000","5","-100.00","356","0","0","0","0","","0","0","0","","",""
"080100","0002","0","1410000","1411000","1412000","1413000","1414000","1415000","1416000","1417000","1418000","1419000","1409000","1408000","1406000","1405000","1404000","1403000","1402000","1401000","1400000","1399000","86","56","42","3","13","26","212","234","21","38","54","3","9","360","5","3","1","30","89","1","731","555","0","0","0","0","0","-1395000","5","-100.00","356","0","5","0","0","","0","0","0","","",""
"080101","0000","0","1410000","1411000","1412000","1413000","1414000","1415000","1416000","1417000","1418000","1419000","1409000","1408000","1406000","1405000","1404000","1403000","1402000","1401000","1400000","1399000","86","56","42","3","13","27","212","234","21","38","54","3","9","360","5","3","1","30","89","1","732","555","0","0","0","0","0","-1395000","5","-100.00","356","1","0","0","0","","0","0","0","","",""
"080101","0001","0","1410000","1411000","1412000","1413000","1414000","1415000","1416000","1417000","1418000","1419000","1409000","1408000","1406000","1405000","1404000","1403000","1402000","1401000","1400000","1399000","87","56","42","3","13","27","212","234","21","38","54","3","9","360","5","3","1","30","89","1","733","555","0","0","0","0","0","-1395000","5","-100.00","356","1","0","0","0","","0","0","0","","",""
"080101","0002","0","1410000","1411000","1412000","1413000","1414000","1415000","1416000","1417000","1418000","1419000","1409000","1408000","1406000","1405000","1404000","1403000","1402000","1401000","1400000","1399000","86","56","44","3","13","27","212","234","21","38","54","3","9","360","5","3","1","30","89","1","734","555","0","0","0","0","0","-1395000","5","-100.00","357","1","0","0","0","","0","0","0","","",""
"080101","0003","0","1410000","1411000","1412000","1413000","1414000","1415000","1416000","1417000","1418000","1419000","1409000","1408000","1406000","1405000","1404000","1403000","1402000","1401000","1400000","1399000","86","56","44","3","13","27","212","234","21","38","57","3","9","362","5","3","1","30","89","1","734","560","0","0","0","0","0","-1395000","5","-100.00","357","0","5","0","0","","0","0","0","","",""
"080101","0004","0","1410000","1411000","1412000","1413000","1414000","1415000","1416000","1417000","1418000","1419000","1409000","1408000","1406000","1405000","1404000","1403000","1402000","1401000","1400000","1399000","88","57","44","3","13","27","212","234","21","38","57","3","9","362","5","3","1","30","89","1","737","560","0","0","0","0","0","-1395000","5","-100.00","357","3","0","0","0","","0","0","0","","",""
"080102","0000","0","1410000","1411000","1412000","1413000","1414000","1415000","1416000","1417000","1418000","1419000","1409000","1408000","1406000","1405000","1404000","1403000","1402000","1401000","1400000","1399000","88","57","44","3","13","27","212","234","21","38","207","3","9","212","5","3","1","30","89","1","737","560","0","0","0","0","0","-1395000","5","-100.00","357","0","0","0","0","","0","0","0","","",""
"080102","0001","0","1410000","1411000","1412000","1413000","1414000","1415000","1416000","1417000","1418000","1419000","1409000","1408000","1406000","1405000","1404000","1403000","1402000","1401000","1400000","1399000","87","57","44","4","13","26","212","234","21","38","214","3","9","212","5","3","1","30","89","1","736","567","0","0","0","0","0","-1395000","5","-100.00","358","-1","7","0","0","","0","0","0","","",""
"080102","0002","0","1410000","1411000","1412000","1413000","1414000","1415000","1416000","1417000","1418000","1419000","1409000","1408000","1406000","1405000","1404000","1403000","1402000","1401000","1400000","1399000","9","57","44","4","13","26","212","234","21","38","214","3","9","212","5","3","1","30","89","1","658","567","0","0","0","0","0","-1395000","5","-100.00","436","-78","0","0","0","","0","0","0","","",""
"080103","0000","0","1410000","1411000","1412000","1413000","1414000","1415000","1416000","1417000","1418000","1419000","1409000","1408000","1406000","1405000","1404000","1403000","1402000","1401000","1400000","1399000","9","57","44","4","13","26","212","234","21","38","214","3","9","212","5","3","1","31","89","1","658","568","0","0","0","0","0","-1395000","5","-100.00","436","0","1","0","0","","0","0","0","","",""
"080103","0001","0","1411000","1412000","1413000","1414000","1415000","1416000","1417000","1418000","1419000","1420000","1410000","1409000","1408000","1406000","1405000","1404000","1403000","1402000","1401000","1400000","54","44","4","13","26","212","234","21","38","12","24","214","3","9","212","5","3","1","31","89","658","591","0","0","0","0","0","-1395000","5","-100.00","448","0","23","0","0","","0","0","0","","",""
"080103","0002","0","1412000","1413000","1414000","1415000","1416000","1417000","1418000","1419000","1420000","1421000","1410000","1409000","1408000","1406000","1405000","1404000","1403000","1402000","1401000","1400000","42","4","13","26","212","234","21","38","12","3","22","214","3","9","212","5","3","1","31","89","605","589","0","0","0","0","0","-1395000","5","-100.00","506","-53","-2","0","0","","0","0","0","","",""
"080103","0003","0","1412000","1413000","1414000","1415000","1416000","1417000","1418000","1419000","1420000","1421000","1410000","1409000","1408000","1406000","1405000","1404000","1403000","1402000","1401000","1400000","37","4","13","26","212","234","21","38","12","3","23","214","3","9","212","5","3","1","31","89","600","590","0","0","0","0","0","-1395000","5","-100.00","506","-5","1","0","0","","0","0","0","","",""
"080104","0000","0","1412000","1413000","1414000","1415000","1416000","1417000","1418000","1419000","1420000","1421000","1410000","1409000","1408000","1406000","1405000","1404000","1403000","1402000","1401000","1400000","37","4","13","26","212","234","21","38","12","3","24","214","3","9","212","5","3","1","31","89","600","591","0","0","0","0","0","-1395000","5","-100.00","506","0","1","0","0","","0","0","0","","",""
"080104","0001","0","1412000","1413000","1414000","1415000","1416000","1417000","1418000","1419000","1420000","1421000","1410000","1409000","1408000","1406000","1405000","1404000","1403000","1402000","1401000","1400000","37","7","13","26","212","234","21","38","12","3","22","214","3","9","212","5","3","1","31","89","603","589","0","0","0","0","0","-1395000","5","-100.00","510","3","-2","0","0","","0","0","0","","",""
"080104","0002","0","1412000","1413000","1414000","1415000","1416000","1417000","1418000","1419000","1420000","1421000","1410000","1409000","1408000","1406000","1405000","1404000","1403000","1402000","1401000","1400000","37","7","13","26","212","234","21","38","12","3","24","214","3","9","212","5","3","1","31","89","603","591","0","0","0","0","0","-1395000","5","-100.00","510","0","2","0","0","","0","0","0","","",""
"080105","0000","0","1411000","1412000","1413000","1414000","1415000","1416000","1417000","1418000","1419000","1420000","1410000","1409000","1408000","1406000","1405000","1404000","1403000","1402000","1401000","1400000","1","37","7","13","26","212","234","21","38","12","27","214","3","9","212","5","3","1","31","89","601","594","0","0","0","0","0","-1395000","5","-100.00","510","-2","3","0","0","","0","0","0","","",""
"080105","0001","0","1411000","1412000","1413000","1414000","1415000","1416000","1417000","1418000","1419000","1420000","1410000","1409000","1408000","1406000","1405000","1404000","1403000","1402000","1401000","1400000","1","37","7","13","26","212","234","21","38","12","37","213","3","9","212","5","3","1","31","89","601","603","0","0","0","0","0","-1395000","5","-100.00","511","0","9","0","0","","0","0","0","","",""
"080105","0002","0","1411000","1412000","1413000","1414000","1415000","1416000","1417000","1418000","1419000","1420000","1410000","1409000","1408000","1406000","1405000","1404000","1403000","1402000","1401000","1400000","1","37","7","13","26","212","234","21","38","12","38","213","3","9","212","5","3","1","31","89","601","604","0","0","0","0","0","-1395000","5","-100.00","511","0","1","0","0","","0","0","0","","",""
"080105","0003","0","1411000","1412000","1413000","1414000","1415000","1416000","1417000","1418000","1419000","1420000","1410000","1409000","1408000","1406000","1405000","1404000","1403000","1402000","1401000","1400000","1","37","7","13","26","212","234","22","38","12","38","213","3","9","212","5","3","1","31","89","602","604","0","0","0","0","0","-1395000","5","-100.00","511","1","0","0","0","","0","0","0","","",""
"080106","0000","0","1411000","1412000","1413000","1414000","1415000","1416000","1417000","1418000","1419000","1420000","1410000","1409000","1408000","1406000","1405000","1404000","1403000","1402000","1401000","1400000","1","37","7","13","26","212","234","22","38","12","43","214","2","9","212","5","3","1","31","89","602","609","0","0","0","0","0","-1395000","5","-100.00","511","0","5","0","0","","0","0","0","","",""
"080106","0001","0","1411000","1412000","1413000","1414000","1415000","1416000","1417000","1418000","1419000","1420000","1410000","1409000","1408000","1406000","1405000","1404000","1403000","1402000","1401000","1400000","1","37","7","13","26","212","234","22","38","12","42","214","2","9","212","5","3","1","31","89","602","608","0","0","0","0","0","-1395000","5","-100.00","512","0","-1","0","0","","0","0","0","","",""
"080106","0002","0","1414000","1415000","1416000","1417000","1418000","1419000","1420000","1421000","1422000","1423000","1412000","1410000","1409000","1408000","1406000","1405000","1404000","1403000","1402000","1401000","13","26","212","234","22","38","12","3","154","6","32","49","215","5","9","212","5","3","1","31","720","562","0","0","0","0","0","-1395000","5","-100.00","557","118","-46","0","0","","0","0","0","","",""
"080106","0003","0","1414000","1415000","1416000","1417000","1418000","1419000","1420000","1421000","1422000","1423000","1412000","1410000","1409000","1408000","1406000","1405000","1404000","1403000","1402000","1401000","13","26","212","234","22","38","12","3","154","6","32","49","215","5","9","35","5","3","1","31","720","385","0","0","0","0","0","-1395000","5","-100.00","557","0","-177","0","0","","0","0","0","","",""
"080106","0004","0","1414000","1415000","1416000","1417000","1418000","1419000","1420000","1421000","1422000","1423000","1412000","1410000","1409000","1408000","1406000","1405000","1404000","1403000","1402000","1401000","13","62","212","234","22","38","12","3","154","6","32","53","215","5","9","35","5","3","1","31","756","389","0","0","0","0","0","-1395000","5","-100.00","557","36","4","0","0","","0","0","0","","",""
"080107","0000","0","1414000","1415000","1416000","1417000","1418000","1419000","1420000","1421000","1422000","1423000","1412000","1410000","1409000","1408000","1406000","1405000","1404000","1403000","1402000","1401000","13","62","212","234","22","38","12","3","154","6","32","58","210","5","9","35","5","3","1","31","756","389","0","0","0","0","0","-1395000","5","-100.00","557","0","0","0","0","","0","0","0","","",""
"080107","0001","0","1414000","1415000","1416000","1417000","1418000","1419000","1420000","1421000","1422000","1423000","1412000","1410000","1409000","1408000","1406000","1405000","1404000","1403000","1402000","1401000","13","62","227","234","22","38","12","3","154","6","37","58","211","5","9","35","5","3","1","31","771","395","0","0","0","0","0","-1395000","5","-100.00","557","15","6","0","0","","0","0","0","","",""
"080107","0002","0","1414000","1415000","1416000","1417000","1418000","1419000","1420000","1421000","1422000","1423000","1412000","1410000","1409000","1408000","1406000","1405000","1404000","1403000","1402000","1401000","13","62","227","234","22","38","12","3","154","6","37","63","211","5","9","36","5","3","1","31","771","401","0","0","0","0","0","-1395000","5","-100.00","557","0","6","0","0","","0","0","0","","",""
"080108","0000","0","1414000","1415000","1416000","1417000","1418000","1419000","1420000","1421000","1422000","1423000","1412000","1410000","1409000","1408000","1406000","1405000","1404000","1403000","1402000","1401000","13","62","227","234","22","38","12","3","154","6","37","65","211","5","9","36","5","3","1","31","771","403","0","0","0","0","0","-1395000","5","-100.00","557","0","2","0","0","","0","0","0","","",""
"080108","0001","0","1414000","1415000","1416000","1417000","1418000","1419000","1420000","1421000","1422000","1423000","1412000","1410000","1409000","1408000","1406000","1405000","1404000","1403000","1402000","1401000","13","62","227","234","22","38","12","3","154","6","37","66","211","5","9","36","5","3","1","31","771","404","0","0","0","0","0","-1395000","5","-100.00","557","0","1","0","0","","0","0","0","","",""
"080108","0002","0","1414000","1415000","1416000","1417000","1418000","1419000","1420000","1421000","1422000","1423000","1412000","1410000","1409000","1408000","1406000","1405000","1404000","1403000","1402000","1401000","13","67","227","234","22","38","12","3","154","6","37","67","210","5","9","36","5","3","1","31","776","404","0","0","0","0","0","-1395000","5","-100.00","557","5","0","0","0","","0","0","0","","",""
"080109","0000","0","1414000","1415000","1416000","1417000","1418000","1419000","1420000","1421000","1422000","1423000","1412000","1410000","1409000","1408000","1406000","1405000","1404000","1403000","1402000","1401000","13","67","227","234","22","38","12","3","154","6","37","70","210","5","9","36","5","3","1","31","776","407","0","0","0","0","0","-1395000","5","-100.00","557","0","3","0","0","","0","0","0","","",""
"080109","0001","0","1414000","1415000","1416000","1417000","1418000","1419000","1420000","1421000","1422000","1423000","1412000","1410000","1409000","1408000","1406000","1405000","1404000","1403000","1402000","1401000","13","67","227","234","22","38","12","4","154","6","37","72","210","5","9","36","5","3","1","31","777","409","0","0","0","0","0","-1395000","5","-100.00","557","1","2","0","0","","0","0","0","","",""
"080109","0002","0","1415000","1416000","1417000","1418000","1419000","1420000","1421000","1422000","1423000","1424000","1412000","1411000","1410000","1409000","1408000","1406000","1405000","1404000","1403000","1402000","62","227","234","22","38","13","4","154","6","2","57","7","72","218","5","9","36","5","3","1","762","413","0","0","0","0","0","-1395000","5","-100.00","575","-15","4","0","0","","0","0","0","","",""
"080110","0000","0","1415000","1416000","1417000","1418000","1419000","1420000","1421000","1422000","1423000","1424000","1412000","1411000","1410000","1409000","1408000","1406000","1405000","1404000","1403000","1402000","62","227","234","22","38","13","4","154","6","2","57","13","72","218","5","9","36","5","3","1","762","419","0","0","0","0","0","-1395000","5","-100.00","575","0","6","0","0","","0","0","0","","",""
"080110","0001","0","1415000","1416000","1417000","1418000","1419000","1420000","1421000","1422000","1423000","1424000","1413000","1412000","1411000","1410000","1409000","1408000","1406000","1405000","1404000","1403000","62","227","234","22","38","13","4","154","6","2","1","57","13","72","218","5","9","36","5","3","762","419","0","0","0","0","0","-1395000","5","-100.00","575","0","0","0","0","","0","0","0","","",""
"080110","0002","0","1415000","1416000","1417000","1418000","1419000","1420000","1421000","1422000","1423000","1424000","1413000","1412000","1411000","1410000","1409000","1408000","1407000","1406000","1405000","1404000","62","227","234","22","38","13","4","154","6","2","1","57","13","72","218","5","1","9","36","5","762","417","0","0","0","0","0","-1395000","5","-100.00","575","0","-2","0","0","","0","0","0","","",""
"080111","0000","0","1415000","1416000","1417000","1418000","1419000","1420000","1421000","1422000","1423000","1424000","1413000","1412000","1411000","1410000","1409000","1408000","1407000","1406000","1405000","1404000","61","227","234","22","38","13","4","154","6","2","1","57","13","72","218","5","1","9","36","5","761","417","0","0","0","0","0","-1395000","5","-100.00","576","-1","0","0","0","","0","0","0","","",""
"080111","0001","0","1415000","1416000","1417000","1418000","1419000","1420000","1421000","1422000","1423000","1424000","1413000","1412000","1411000","1410000","1409000","1408000","1407000","1406000","1405000","1404000","59","227","234","22","38","13","4","154","6","2","1","57","13","73","218","5","1","11","36","5","759","420","0","0","0","0","0","-1395000","5","-100.00","578","-2","3","0","0","","0","0","0","","",""
"080111","0002","0","1415000","1416000","1417000","1418000","1419000","1420000","1421000","1422000","1423000","1424000","1413000","1412000","1411000","1410000","1409000","1408000","1407000","1406000","1405000","1404000","59","227","234","22","38","13","4","154","6","2","1","57","13","73","218","5","1","11","36","5","759","420","0","0","0","0","0","-1395000","5","-100.00","579","0","0","0","0","","0","0","0","","",""
"080111","0003","0","1415000","1416000","1417000","1418000","1419000","1420000","1421000","1422000","1423000","1424000","1413000","1412000","1411000","1410000","1409000","1408000","1407000","1406000","1405000","1404000","59","227","234","22","38","13","4","154","6","2","36","57","13","73","219","5","1","11","36","5","759","456","0","0","0","0","0","-1395000","5","-100.00","579","0","36","0","0","","0","0","0","","",""
"080112","0000","0","1415000","1416000","1417000","1418000","1419000","1420000","1421000","1422000","1423000","1424000","1413000","1412000","1411000","1410000","1409000","1408000","1407000","1406000","1405000","1404000","58","227","234","22","38","13","4","154","6","2","36","57","13","73","219","5","1","11","36","5","758","456","0","0","0","0","0","-1395000","5","-100.00","580","-1","0","0","0","","0","0","0","","",""
"080112","0001","0","1415000","1416000","1417000","1418000","1419000","1420000","1421000","1422000","1423000","1424000","1413000","1412000","1411000","1410000","1409000","1408000","1407000","1406000","1405000","1404000","58","227","234","22","38","13","4","154","6","2","89","57","13","73","218","6","1","11","36","5","758","509","0","0","0","0","0","-1395000","5","-100.00","580","0","53","0","0","","0","0","0","","",""
"080112","0002","0","1415000","1416000","1417000","1418000","1419000","1420000","1421000","1422000","1423000","1424000","1413000","1412000","1411000","1410000","1409000","1408000","1407000","1406000","1405000","1404000","64","227","234","22","38","13","4","154","6","2","89","57","13","73","218","6","1","11","36","5","764","509","0","0","0","0","0","-1395000","5","-100.00","580","6","0","0","0","","0","0","0","","",""
"080113","0000","0","1415000","1416000","1417000","1418000","1419000","1420000","1421000","1422000","1423000","1424000","1413000","1412000","1411000","1410000","1409000","1408000","1407000","1406000","1405000","1404000","63","227","234","23","38","13","4","154","6","2","89","57","13","72","218","6","1","11","36","5","764","508","0","0","0","0","0","-1395000","5","-100.00","581","0","-1","0","0","","0","0","0","","",""
"080113","0001","0","1415000","1416000","1417000","1418000","1419000","1420000","1421000","1422000","1423000","1424000","1413000","1412000","1411000","1410000","1409000","1408000","1407000","1406000","1405000","1404000","62","227","234","23","38","13","5","154","6","2","89","57","13","71","218","6","1","11","36","5","764","507","0","0","0","0","0","-1395000","5","-100.00","582","0","-1","0","0","","0","0","0","","",""
"080113","0002","0","1415000","1416000","1417000","1418000","1419000","1420000","1421000","1422000","1423000","1424000","1413000","1412000","1411000","1410000","1409000","1408000","1407000","1406000","1405000","1404000","20","227","234","33","38","13","5","154","6","2","89","57","13","71","218","6","1","11","36","5","732","507","0","0","0","0","0","-1395000","5","-100.00","624","-32","0","0","0","","0","0","0","","",""
"080113","0003","0","1415000","1416000","1417000","1418000","1419000","1420000","1421000","1422000","1423000","1424000","1413000","1412000","1411000","1410000","1409000","1408000","1407000","1406000","1405000","1404000","20","227","234","33","38","13","5","154","6","2","89","57","13","72","218","6","1","11","36","5","732","508","0","0","0","0","0","-1395000","5","-100.00","624","0","1","0","0","","0","0","0","","",""
"080114","0000","0","1415000","1416000","1417000","1418000","1419000","1420000","1421000","1422000","1423000","1424000","1413000","1412000","1411000","1410000","1409000","1408000","1407000","1406000","1405000","1404000","9","227","234","33","38","13","5","154","6","2","89","57","13","72","218","6","1","11","36","5","721","508","0","0","0","0","0","-1395000","5","-100.00","635","-11","0","0","0","","0","0","0","","",""
"080114","0001","0","1415000","1416000","1417000","1418000","1419000","1420000","1421000","1422000","1423000","1424000","1413000","1412000","1411000","1410000","1409000","1408000","1407000","1406000","1405000","1404000","9","227","234","33","38","13","5","154","6","2","94","57","13","67","218","6","1","11","36","5","721","508","0","0","0","0","0","-1395000","5","-100.00","636","0","0","0","0","","0","0","0","","",""
"080114","0002","0","1415000","1416000","1417000","1418000","1419000","1420000","1421000","1422000","1423000","1424000","1413000","1412000","1411000","1410000","1409000","1408000","1407000","1406000","1405000","1404000","9","227","234","33","38","13","5","154","6","2","95","57","13","67","218","6","1","11","36","5","721","509","0","0","0","0","0","-1395000","5","-100.00","636","0","1","0","0","","0","0","0","","",""
"080114","0003","0","1415000","1416000","1417000","1418000","1419000","1420000","1421000","1422000","1423000","1424000","1413000","1412000","1411000","1410000","1409000","1408000","1407000","1406000","1405000","1404000","14","227","234","33","38","13","5","154","6","2","95","57","13","67","218","6","1","11","36","5","726","509","0","0","0","0","0","-1395000","5","-100.00","636","5","0","0","0","","0","0","0","","",""
"080115","0000","0","1415000","1416000","1417000","1418000","1419000","1420000","1421000","1422000","1423000","1424000","1413000","1412000","1411000","1410000","1409000","1408000","1407000","1406000","1405000","1404000","14","227","234","33","38","13","5","154","6","2","95","57","13","67","218","6","1","11","36","5","726","509","0","0","0","0","0","-1395000","5","-100.00","636","0","0","0","0","","0","0","0","","",""
"080115","0001","0","1416000","1417000","1418000","1419000","1420000","1421000","1422000","1423000","1424000","1425000","1415000","1413000","1412000","1411000","1410000","1409000","1408000","1407000","1406000","1405000","226","234","33","38","13","5","154","6","2","125","1","95","57","13","67","218","6","1","11","36","836","505","0","0","0","0","0","-1395000","5","-100.00","651","110","-4","0","0","","0","0","0","","",""
"080115","0002","0","1416000","1417000","1418000","1419000","1420000","1421000","1422000","1423000","1424000","1425000","1415000","1413000","1412000","1411000","1410000","1409000","1408000","1407000","1406000","1405000","226","234","34","38","13","5","154","6","2","125","6","95","57","13","62","218","6","1","11","36","837","505","0","0","0","0","0","-1395000","5","-100.00","651","1","0","0","0","","0","0","0","","",""
"080115","0003","0","1416000","1417000","1418000","1419000","1420000","1421000","1422000","1423000","1424000","1425000","1415000","1414000","1413000","1412000","1411000","1410000","1409000","1408000","1407000","1406000","225","234","34","38","13","5","154","6","2","125","2","2","95","57","13","62","218","6","1","11","836","467","0","0","0","0","0","-1395000","5","-100.00","657","-1","-38","0","0","","0","0","0","","",""
"080116","0000","0","1416000","1417000","1418000","1419000","1420000","1421000","1422000","1423000","1424000","1425000","1415000","1414000","1413000","1412000","1411000","1410000","1409000","1408000","1407000","1406000","225","234","34","38","13","5","154","6","2","125","12","2","95","58","13","62","218","6","1","11","836","478","0","0","0","0","0","-1395000","5","-100.00","657","0","11","0","0","","0","0","0","","",""
"080116","0001","0","1416000","1417000","1418000","1419000","1420000","1421000","1422000","1423000","1424000","1425000","1415000","1414000","1413000","1412000","1411000","1410000","1409000","1408000","1407000","1406000","225","234","34","38","13","5","154","6","2","125","13","2","95","58","13","66","218","6","1","11","836","483","0","0","0","0","0","-1395000","5","-100.00","657","0","5","0","0","","0","0","0","","",""
"080116","0002","0","1416000","1417000","1418000","1419000","1420000","1421000","1422000","1423000","1424000","1425000","1415000","1414000","1413000","1412000","1411000","1410000","1409000","1408000","1407000","1406000","220","234","34","38","13","5","154","6","2","125","13","2","95","58","13","66","218","6","1","11","831","483","0","0","0","0","0","-1395000","5","-100.00","662","-5","0","0","0","","0","0","0","","",""
"080116","0003","0","1416000","1417000","1418000","1419000","1420000","1421000","1422000","1423000","1424000","1425000","1415000","1414000","1413000","1412000","1411000","1410000","1409000","1408000","1407000","1406000","220","234","34","38","18","12","154","6","2","125","13","2","95","58","13","66","217","6","1","11","843","482","0","0","0","0","0","-1395000","5","-100.00","662","12","-1","0","0","","0","0","0","","",""
"080117","0000","0","1416000","1417000","1418000","1419000","1420000","1421000","1422000","1423000","1424000","1425000","1415000","1414000","1413000","1412000","1411000","1410000","1409000","1408000","1407000","1406000","220","234","34","38","18","12","154","6","2","125","15","2","96","58","13","66","217","6","1","11","843","485","0","0","0","0","0","-1395000","5","-100.00","662","0","3","0","0","","0","0","0","","",""
"080117","0001","0","1416000","1417000","1418000","1419000","1420000","1421000","1422000","1423000","1424000","1425000","1415000","1414000","1413000","1412000","1411000","1410000","1409000","1408000","1407000","1406000","220","234","34","38","18","12","154","6","2","125","14","2","96","58","13","66","218","6","1","11","843","485","0","0","0","0","0","-1395000","5","-100.00","663","0","0","0","0","","0","0","0","","",""
"080117","0002","0","1416000","1417000","1418000","1419000","1420000","1421000","1422000","1423000","1424000","1425000","1415000","1414000","1413000","1412000","1411000","1410000","1409000","1408000","1407000","1406000","220","234","34","38","18","12","154","6","2","125","9","12","96","58","13","56","218","6","1","11","843","480","0","0","0","0","0","-1395000","5","-100.00","673","0","-5","0","0","","0","0","0","","",""
"080117","0003","0","1416000","1417000","1418000","1419000","1420000","1421000","1422000","1423000","1424000","1425000","1415000","1414000","1413000","1412000","1411000","1410000","1409000","1408000","1407000","1406000","220","234","34","38","18","17","154","6","2","125","9","12","99","60","13","56","218","6","1","11","848","485","0","0","0","0","0","-1395000","5","-100.00","673","5","5","0","0","","0","0","0","","",""
"080118","0000","0","1417000","1418000","1419000","1420000","1421000","1422000","1423000","1424000","1425000","1426000","1416000","1415000","1414000","1413000","1412000","1411000","1410000","1409000","1408000","1407000","161","34","38","18","17","154","6","2","125","6","16","9","12","99","60","13","56","218","6","1","561","490","0","0","0","0","0","-1395000","5","-100.00","966","-287","5","0","0","","0","0","0","","",""
"080118","0001","0","1418000","1419000","1420000","1421000","1422000","1423000","1424000","1425000","1426000","1427000","1416000","1415000","1414000","1413000","1412000","1411000","1410000","1409000","1408000","1407000","30","38","18","17","154","6","2","125","6","8","17","9","12","99","60","13","56","218","6","1","404","491","0","0","0","0","0","-1395000","5","-100.00","1131","-157","1","0","0","","0","0","0","","",""
"080118","0002","0","1419000","1420000","1421000","1422000","1423000","1424000","1425000","1426000","1427000","1428000","1418000","1416000","1415000","1414000","1413000","1412000","1411000","1410000","1409000","1408000","18","18","17","154","6","2","125","6","8","5","11","17","9","12","99","60","13","57","218","6","359","502","0","0","0","0","0","-1395000","5","-100.00","1181","-45","11","0","0","","0","0","0","","",""
"080118","0003","0","1421000","1422000","1423000","1424000","1425000","1426000","1427000","1428000","1429000","1430000","1419000","1416000","1415000","1414000","1413000","1412000","1411000","1410000","1409000","1408000","17","154","6","2","125","6","8","5","27","91","13","72","12","12","99","60","13","57","214","6","441","558","0","0","0","0","0","-1395000","5","-100.00","1218","82","56","0","0","","0","0","0","","",""
"080118","0004","0","1421000","1422000","1423000","1424000","1425000","1426000","1427000","1428000","1429000","1430000","1419000","1416000","1415000","1414000","1413000","1412000","1411000","1410000","1409000","1408000","17","154","6","2","125","6","8","5","27","91","13","72","14","15","99","60","13","56","214","6","441","562","0","0","0","0","0","-1395000","5","-100.00","1218","0","4","0","0","","0","0","0","","",""
"080119","0000","0","1421000","1422000","1423000","1424000","1425000","1426000","1427000","1428000","1429000","1430000","1419000","1416000","1415000","1414000","1413000","1412000","1411000","1410000","1409000","1408000","17","154","6","2","125","6","8","5","27","91","13","72","19","15","99","60","13","56","214","6","441","567","0","0","0","0","0","-1395000","5","-100.00","1218","0","5","0","0","","0","0","0","","",""
"080119","0001","0","1421000","1422000","1423000","1424000","1425000","1426000","1427000","1428000","1429000","1430000","1419000","1416000","1415000","1414000","1413000","1412000","1411000","1410000","1409000","1408000","17","154","6","2","125","6","8","5","27","91","12","74","29","15","99","60","13","57","206","6","441","571","0","0","0","0","0","-1395000","5","-100.00","1219","0","4","0","0","","0","0","0","","",""
"080119","0002","0","1421000","1422000","1423000","1424000","1425000","1426000","1427000","1428000","1429000","1430000","1419000","1416000","1415000","1414000","1413000","1412000","1411000","1410000","1409000","1408000","17","154","6","2","125","6","8","5","27","91","12","74","30","15","99","60","13","57","206","6","441","572","0","0","0","0","0","-1395000","5","-100.00","1219","0","1","0","0","","0","0","0","","",""
"080120","0000","0","1421000","1422000","1423000","1424000","1425000","1426000","1427000","1428000","1429000","1430000","1419000","1416000","1415000","1414000","1413000","1412000","1411000","1410000","1409000","1408000","17","154","6","2","125","6","9","5","27","91","2","74","30","15","99","60","13","57","206","6","442","562","0","0","0","0","0","-1395000","5","-100.00","1229","1","-10","0","0","","0","0","0","","",""
"080120","0001","0","1421000","1422000","1423000","1424000","1425000","1426000","1427000","1428000","1429000","1430000","1419000","1416000","1415000","1414000","1413000","1412000","1411000","1410000","1409000","1408000","17","154","6","2","125","6","9","5","27","91","2","74","30","165","99","55","13","57","56","6","442","557","0","0","0","0","0","-1395000","5","-100.00","1229","0","-5","0","0","","0","0","0","","",""
"080121","0000","0","1421000","1422000","1423000","1424000","1425000","1426000","1427000","1428000","1429000","1430000","1419000","1416000","1415000","1414000","1413000","1412000","1411000","1410000","1409000","1408000","17","154","6","2","125","6","9","5","27","91","2","74","30","166","99","55","13","57","56","6","442","558","0","0","0","0","0","-1395000","5","-100.00","1229","0","1","0","0","","0","0","0","","",""
"080121","0001","0","1422000","1423000","1424000","1425000","1426000","1427000","1428000","1429000","1430000","1431000","1421000","1419000","1416000","1415000","1414000","1413000","1412000","1411000","1410000","1409000","154","6","2","125","6","9","5","27","91","30","37","3","74","30","166","99","55","6","57","46","455","573","0","0","0","0","0","-1395000","5","-100.00","1246","13","15","0","0","","0","0","0","","",""
"080121","0002","0","1422000","1423000","1424000","1425000","1426000","1427000","1428000","1429000","1430000","1431000","1421000","1419000","1416000","1415000","1414000","1413000","1412000","1411000","1410000","1409000","154","6","2","125","6","9","5","27","91","30","37","47","74","30","166","99","55","6","57","46","455","617","0","0","0","0","0","-1395000","5","-100.00","1246","0","44","0","0","","0","0","0","","",""
"080121","0003","0","1422000","1423000","1424000","1425000","1426000","1427000","1428000","1429000","1430000","1431000","1421000","1419000","1416000","1415000","1414000","1413000","1412000","1411000","1410000","1409000","154","6","2","125","6","9","5","27","91","30","37","47","74","32","166","99","55","6","57","46","455","619","0","0","0","0","0","-1395000","5","-100.00","1246","0","2","0","0","","0","0","0","","",""
"080122","0000","0","1422000","1423000","1424000","1425000","1426000","1427000","1428000","1429000","1430000","1431000","1421000","1419000","1416000","1415000","1414000","1413000","1412000","1411000","1410000","1409000","154","6","2","127","6","9","7","27","91","30","39","48","74","32","166","99","55","6","57","46","459","622","0","0","0","0","0","-1395000","5","-100.00","1246","4","3","0","0","","0","0","0","","",""
"080122","0001","0","1422000","1423000","1424000","1425000","1426000","1427000","1428000","1429000","1430000","1431000","1421000","1419000","1416000","1415000","1414000","1413000","1412000","1411000","1410000","1409000","154","6","2","127","6","14","7","27","91","30","39","50","74","32","166","99","55","6","57","45","464","623","0","0","0","0","0","-1395000","5","-100.00","1246","5","1","0","0","","0","0","0","","",""
"080122","0002","0","1422000","1423000","1424000","1425000","1426000","1427000","1428000","1429000","1430000","1431000","1421000","1419000","1416000","1415000","1414000","1413000","1412000","1411000","1410000","1409000","154","6","2","127","6","14","7","27","91","30","39","50","74","35","166","99","56","6","57","45","464","627","0","0","0","0","0","-1395000","5","-100.00","1246","0","4","0","0","","0","0","0","","",""
"080122","0003","0","1422000","1423000","1424000","1425000","1426000","1427000","1428000","1429000","1430000","1431000","1421000","1419000","1416000","1415000","1414000","1413000","1412000","1411000","1410000","1409000","154","6","40","127","6","14","7","27","91","30","39","50","74","35","166","99","56","6","57","45","502","627","0","0","0","0","0","-1395000","5","-100.00","1246","38","0","0","0","","0","0","0","","",""
"080123","0000","0","1422000","1423000","1424000","1425000","1426000","1427000","1428000","1429000","1430000","1431000","1421000","1420000","1419000","1416000","1415000","1414000","1413000","1412000","1411000","1410000","154","6","41","127","6","14","7","27","91","30","64","2","58","74","35","164","99","56","6","57","503","615","0","0","0","0","0","-1395000","5","-100.00","1246","1","-12","0","0","","0","0","0","","",""
"080123","0001","0","1422000","1423000","1424000","1425000","1426000","1427000","1428000","1429000","1430000","1431000","1421000","1420000","1419000","1418000","1416000","1415000","1414000","1413000","1412000","1411000","154","6","41","127","6","14","7","27","91","30","64","2","58","2","74","35","164","99","56","6","503","560","0","0","0","0","0","-1395000","5","-100.00","1246","0","-55","0","0","","0","0","0","","",""
"080123","0002","0","1424000","1425000","1426000","1427000","1428000","1429000","1430000","1431000","1432000","1434000","1422000","1421000","1420000","1419000","1418000","1416000","1415000","1414000","1413000","1412000","41","127","6","14","7","27","91","30","3","6","1","64","2","58","5","58","36","164","99","56","352","543","0","0","0","0","0","-1395000","5","-100.00","1408","-151","-17","0","0","","0","0","0","","",""
"080123","0003","0","1424000","1425000","1426000","1427000","1428000","1429000","1430000","1431000","1432000","1434000","1421000","1420000","1419000","1418000","1416000","1415000","1414000","1413000","1412000","1411000","41","127","6","14","7","27","92","30","3","6","65","2","57","5","58","36","164","99","56","6","353","548","0","0","0","0","0","-1395000","5","-100.00","1410","1","5","0","0","","0","0","0","","",""
"080123","0004","0","1424000","1425000","1426000","1427000","1428000","1429000","1430000","1431000","1432000","1434000","1422000","1421000","1420000","1419000","1418000","1416000","1415000","1414000","1413000","1412000","43","127","6","14","7","27","92","30","3","6","24","31","2","57","5","58","53","164","99","56","355","549","0","0","0","0","0","-1395000","5","-100.00","1411","2","1","0","0","","0","0","0","","",""
"080124","0000","0","1424000","1425000","1426000","1427000","1428000","1429000","1430000","1431000","1432000","1434000","1422000","1421000","1420000","1419000","1418000","1416000","1415000","1414000","1413000","1412000","43","127","6","14","7","27","92","30","3","6","24","31","2","60","5","58","53","164","99","56","355","552","0","0","0","0","0","-1395000","5","-100.00","1411","0","3","0","0","","0","0","0","","",""
"080124","0001","0","1424000","1425000","1426000","1427000","1428000","1429000","1430000","1431000","1432000","1434000","1422000","1421000","1420000","1419000","1418000","1416000","1415000","1414000","1413000","1412000","48","127","6","14","7","27","92","30","3","6","24","31","2","60","5","58","53","164","99","56","360","552","0","0","0","0","0","-1395000","5","-100.00","1411","5","0","0","0","","0","0","0","","",""
