"time","millisec","HOUR_CLS_CODE","ASKP1","ASKP2","ASKP3","ASKP4","ASKP5","ASKP6","ASKP7","ASKP8","ASKP9","ASKP10","BIDP1","BIDP2","BIDP3","BIDP4","BIDP5","BIDP6","BIDP7","BIDP8","BIDP9","BIDP10","ASKP_RSQN1","ASKP_RSQN2","ASKP_RSQN3","ASKP_RSQN4","ASKP_RSQN5","ASKP_RSQN6","ASKP_RSQN7","ASKP_RSQN8","ASKP_RSQN9","ASKP_RSQN10","BIDP_RSQN1","BIDP_RSQN2","BIDP_RSQN3","BIDP_RSQN4","BIDP_RSQN5","BIDP_RSQN6","BIDP_RSQN7","BIDP_RSQN8","BIDP_RSQN9","BIDP_RSQN10","TOTAL_ASKP_RSQN","TOTAL_BIDP_RSQN","OVTM_TOTAL_ASKP_RSQN","OVTM_TOTAL_BIDP_RSQN","ANTC_CNPR","ANTC_CNQN","ANTC_VOL","ANTC_CNTG_VRSS","ANTC_CNTG_VRSS_SIGN","ANTC_CNTG_PRDY_CTRT","ACML_VOL","TOTAL_ASKP_RSQN_ICDC","TOTAL_BIDP_RSQN_ICDC","OVTM_TOTAL_ASKP_ICDC","OVTM_TOTAL_BIDP_ICDC","STCK_DEAL_CLS_CODE","KMID_PRC","KMID_TOTAL_RSQN","KMID_CLS_CODE","NMID_PRC","NMID_TOTAL_RSQN","NMID_CLS_CODE"
"080000","0000","0","65900","66900","69900","0","0","0","0","0","0","0","61300","0","0","0","0","0","0","0","0","0","1000","10","10","0","0","0","0","0","0","0","50","0","0","0","0","0","0","0","0","0","1020","50","0","0","0","0","0","-62900","5","-100.00","0","0","0","0","0","","0","0","0","","",""
"080000","0001","0","63500","63600","63700","64400","65300","65900","66900","67300","69300","69600","61400","61300","0","0","0","0","0","0","0","0","2","1","1","1127","2","1030","10","2","2","30","12","50","0","0","0","0","0","0","0","0","2207","62","0","0","0","0","0","-62900","5","-100.00","0","1187","12","0","0","","0","0","0","","",""
"080001","0000","0","62600","63500","63600","63700","63800","63900","64000","64400","64600","65300","61900","61400","61300","0","0","0","0","0","0","0","176","2","1","158","1","1","1","1127","20","2","10","12","50","0","0","0","0","0","0","0","1489","72","0","0","0","0","0","-62900","5","-100.00","0","-718","10","0","0","","0","0","0","","",""
"080001","0001","0","62600","63500","63600","63700","63800","63900","64000","64400","64600","65300","61900","61400","61300","44100","0","0","0","0","0","0","176","252","1","158","1","1","3001","1127","20","2","10","12","50","72","0","0","0","0","0","0","4739","144","0","0","0","0","0","-62900","5","-100.00","0","3250","72","0","0","","0","0","0","","",""
"080002","0000","0","62600","62900","63500","63600","63700","63800","63900","64000","64400","64600","62100","61900","61400","61300","61100","44100","0","0","0","0","175","80","252","101","158","1","1","3031","1127","20","60","10","12","50","30","72","0","0","0","0","4946","234","0","0","0","0","0","-62900","5","-100.00","1","207","90","0","0","","0","0","0","","",""
"080002","0001","0","62600","62900","63500","63600","63700","63800","63900","64000","64400","64500","62200","62100","62000","61900","61400","61300","61100","60500","44100","0","175","110","252","101","158","1","1","3031","1127","40","100","60","10","25","12","50","30","100","72","0","4996","459","0","0","0","0","0","-62900","5","-100.00","1","50","225","0","0","","0","0","0","","",""
"080003","0000","0","62400","62500","62600","62900","63500","63600","63700","63800","63900","64000","62200","62100","62000","61900","61400","61300","61100","60500","50500","49800","94","80","175","110","252","101","158","1","1","3031","100","60","10","25","12","50","30","100","25","25","4003","437","0","0","0","0","0","-62900","5","-100.00","1","-993","-22","0","0","","0","0","0","","",""
"080003","0001","0","62400","62500","62600","62900","63500","63600","63700","63800","63900","64000","62200","62100","62000","61900","61400","61300","61100","60700","60500","50500","94","80","185","110","252","101","158","1","2","3031","100","60","10","25","12","50","30","1","100","25","4014","413","0","0","0","0","0","-62900","5","-100.00","1","11","-24","0","0","","0","0","0","","",""
"080003","0002","0","62400","62500","62600","62900","63500","63600","63700","63800","63900","64000","62200","62100","62000","61900","61400","61300","61100","60700","60500","50500","84","80","185","110","252","101","158","1","2","3031","100","60","10","25","12","50","30","1","100","25","4004","413","0","0","0","0","0","-62900","5","-100.00","11","-10","0","0","0","","0","0","0","","",""
"080003","0003","0","62400","62500","62600","62900","63400","63500","63600","63700","63800","63900","62200","62100","62000","61900","61400","61300","61100","60700","60500","50500","84","80","185","110","40","252","101","158","2","2","100","60","10","25","12","50","30","1","100","25","1014","413","0","0","0","0","0","-62900","5","-100.00","11","-2990","0","0","0","","0","0","0","","",""
"080004","0000","0","62400","62500","62600","62900","63400","63500","63600","63700","63800","63900","62200","62100","62000","61900","61400","61300","61100","60700","60500","59800","84","80","185","110","60","252","104","158","112","2","102","60","10","25","17","50","130","6","100","5","1147","505","0","0","0","0","0","-62900","5","-100.00","11","130","-8","0","0","","0","0","0","","",""
"080004","0001","0","62400","62500","62600","62900","63400","63500","63600","63700","63800","63900","62200","62100","62000","61900","61400","61300","61100","60700","60500","59800","84","80","185","110","60","252","104","242","112","2","102","60","10","25","17","50","130","6","100","5","1231","505","0","0","0","0","0","-62900","5","-100.00","11","84","0","0","0","","0","0","0","","",""
"080005","0000","0","62400","62500","62600","62900","63400","63500","63600","63700","63800","63900","62200","62100","62000","61900","61400","61300","61100","60700","60500","60300","84","80","185","110","60","252","104","242","114","2","102","60","10","35","17","50","130","6","100","2","1233","512","0","0","0","0","0","-62900","5","-100.00","11","2","7","0","0","","0","0","0","","",""
"080005","0001","0","62400","62500","62600","62900","63400","63500","63600","63700","63800","63900","62200","62100","62000","61900","61800","61400","61300","61100","60700","60500","84","80","185","110","60","552","104","242","114","2","102","60","10","35","4","17","57","130","6","100","1533","521","0","0","0","0","0","-62900","5","-100.00","11","0","2","0","0","","0","0","0","","",""
"080005","0002","0","62400","62500","62600","62900","63400","63500","63600","63700","63800","63900","62200","62100","62000","61900","61800","61400","61300","61100","60700","60500","84","80","185","110","60","602","104","242","114","2","102","60","10","35","4","17","57","130","6","100","1583","521","0","0","0","0","0","-62900","5","-100.00","11","50","0","0","0","","0","0","0","","",""
"080005","0003","0","62400","62500","62600","62900","63400","63500","63600","63700","63800","63900","62200","62100","62000","61900","61800","61400","61300","61100","60700","60500","84","80","185","158","60","602","104","442","114","202","102","60","10","35","4","17","57","130","6","100","2031","521","0","0","0","0","0","-62900","5","-100.00","11","248","0","0","0","","0","0","0","","",""
"080006","0000","0","62400","62500","62600","62900","63400","63500","63600","63700","63800","63900","62200","62100","62000","61900","61800","61500","61400","61300","61100","60700","84","80","185","158","60","602","104","442","114","202","102","60","10","35","4","20","17","57","130","6","2031","441","0","0","0","0","0","-62900","5","-100.00","11","0","-80","0","0","","0","0","0","","",""
"080006","0001","0","62400","62500","62600","62900","63400","63500","63600","63700","63800","63900","62200","62100","62000","61900","61800","61600","61500","61400","61300","61100","84","80","185","158","60","602","104","442","114","202","102","60","10","35","4","5","20","17","57","130","2031","440","0","0","0","0","0","-62900","5","-100.00","11","0","-1","0","0","","0","0","0","","",""
"080007","0000","0","62400","62500","62600","62900","63400","63500","63600","63700","63800","63900","62200","62100","62000","61900","61800","61600","61500","61400","61300","61100","84","80","185","158","60","602","104","442","114","202","102","60","10","35","14","5","20","17","57","130","2031","450","0","0","0","0","0","-62900","5","-100.00","11","0","10","0","0","","0","0","0","","",""
"080007","0001","0","62400","62500","62600","62900","63400","63500","63600","63700","63800","63900","62200","62100","62000","61900","61800","61600","61500","61400","61300","61100","84","80","185","158","60","602","104","442","114","202","102","60","10","35","14","5","35","17","57","130","2031","465","0","0","0","0","0","-62900","5","-100.00","11","0","15","0","0","","0","0","0","","",""
"080007","0002","0","62400","62500","62600","62900","63400","63500","63600","63700","63800","63900","62200","62100","62000","61900","61800","61600","61500","61400","61300","61100","84","80","185","158","60","602","104","442","114","206","102","60","10","35","14","5","35","17","57","130","2035","465","0","0","0","0","0","-62900","5","-100.00","11","4","0","0","0","","0","0","0","","",""
"080008","0000","0","62400","62500","62600","62900","63400","63500","63600","63700","63800","63900","62200","62100","62000","61900","61800","61600","61500","61400","61300","61100","84","80","185","158","160","602","4","442","114","206","102","60","10","35","14","5","35","17","57","130","2035","465","0","0","0","0","0","-62900","5","-100.00","11","0","0","0","0","","0","0","0","","",""
"080008","0001","0","62400","62500","62600","62900","63400","63500","63600","63700","63800","63900","62200","62100","62000","61900","61800","61700","61600","61500","61400","61300","84","80","185","158","160","602","4","442","114","206","102","60","10","35","14","10","5","35","17","57","2035","345","0","0","0","0","0","-62900","5","-100.00","11","0","-120","0","0","","0","0","0","","",""
"080009","0000","0","62500","62600","62900","63400","63500","63600","63700","63800","63900","64000","62200","62100","62000","61900","61800","61700","61600","61500","61400","61300","80","185","158","210","602","4","442","114","206","3034","102","60","10","35","14","10","5","35","17","57","5035","345","0","0","0","0","0","-62900","5","-100.00","167","50","0","0","0","","0","0","0","","",""
"080010","0000","0","62500","62600","62900","63400","63500","63600","63700","63800","63900","64000","62200","62100","62000","61900","61800","61700","61600","61500","61400","61300","80","185","158","210","602","4","442","114","206","3034","102","60","10","25","14","10","15","35","17","57","5035","345","0","0","0","0","0","-62900","5","-100.00","167","0","0","0","0","","0","0","0","","",""
"080012","0000","0","62500","62600","62900","63400","63500","63600","63700","63800","63900","64000","62200","62100","62000","61900","61800","61700","61600","61500","61400","61300","80","185","158","210","602","9","452","114","206","3034","102","60","20","25","14","10","15","35","17","57","5050","355","0","0","0","0","0","-62900","5","-100.00","167","0","10","0","0","","0","0","0","","",""
"080012","0001","0","62500","62600","62900","63400","63500","63600","63700","63800","63900","64000","62200","62100","62000","61900","61800","61700","61600","61500","61400","61300","80","185","158","210","602","9","452","114","206","3034","102","60","20","25","14","10","15","45","17","57","5050","365","0","0","0","0","0","-62900","5","-100.00","167","0","10","0","0","","0","0","0","","",""
"080012","0002","0","62500","62600","62900","63400","63500","63600","63700","63800","63900","64000","62200","62100","62000","61900","61800","61700","61600","61500","61400","61300","80","185","158","210","602","9","452","114","206","3034","102","60","28","25","14","10","15","45","17","57","5050","373","0","0","0","0","0","-62900","5","-100.00","167","0","8","0","0","","0","0","0","","",""
"080013","0000","0","62500","62600","62900","63400","63500","63600","63700","63800","63900","64000","62200","62100","62000","61900","61800","61700","61600","61500","61400","61300","80","185","158","210","602","9","452","114","206","3034","102","60","28","25","14","10","15","45","27","57","5050","383","0","0","0","0","0","-62900","5","-100.00","167","0","10","0","0","","0","0","0","","",""
"080014","0000","0","62500","62600","62900","63400","63500","63600","63700","63800","63900","64000","62200","62100","62000","61900","61800","61700","61600","61500","61400","61300","80","185","158","210","602","9","472","114","206","3034","104","60","28","25","14","10","15","45","27","57","5070","385","0","0","0","0","0","-62900","5","-100.00","167","0","2","0","0","","0","0","0","","",""
"080014","0001","0","62500","62600","62900","63400","63500","63600","63700","63800","63900","64000","62300","62200","62100","62000","61900","61800","61700","61600","61500","61400","80","185","158","210","602","9","472","114","206","3034","100","4","60","28","25","14","10","15","45","27","5070","328","0","0","0","0","0","-62900","5","-100.00","167","0","-57","0","0","","0","0","0","","",""
"080014","0002","0","62500","62600","62900","63400","63500","63600","63700","63800","63900","64000","62300","62200","62100","62000","61900","61800","61700","61600","61500","61400","60","185","158","210","602","9","472","114","206","3034","100","4","60","28","25","14","10","15","45","27","5050","328","0","0","0","0","0","-62900","5","-100.00","187","-20","0","0","0","","0","0","0","","",""
"080014","0003","0","62500","62600","62900","63400","63500","63600","63700","63800","63900","64000","62300","62200","62100","62000","61900","61800","61700","61600","61500","61400","60","185","158","210","352","9","472","114","206","3034","100","4","60","28","25","14","10","15","45","27","4800","328","0","0","0","0","0","-62900","5","-100.00","187","-250","0","0","0","","0","0","0","","",""
"080015","0000","0","62500","62600","62900","63400","63500","63600","63700","63800","63900","64000","62300","62200","62100","62000","61900","61800","61700","61600","61500","61400","160","185","158","210","352","9","472","114","206","3034","100","4","60","28","25","14","10","15","45","27","4900","328","0","0","0","0","0","-62900","5","-100.00","187","100","0","0","0","","0","0","0","","",""
"080016","0000","0","62500","62600","62900","63400","63500","63600","63700","63800","63900","64000","62300","62200","62100","62000","61900","61800","61700","61600","61500","61400","160","279","158","210","352","9","472","114","206","3034","100","4","65","28","25","14","10","15","45","27","4994","333","0","0","0","0","0","-62900","5","-100.00","187","0","5","0","0","","0","0","0","","",""
"080016","0001","0","62500","62600","62900","63400","63500","63600","63700","63800","63900","64000","62300","62200","62100","62000","61900","61800","61700","61600","61500","61400","160","279","158","210","352","9","472","114","206","3034","100","4","65","28","25","14","10","15","45","27","4994","333","0","0","0","0","0","-62900","5","-100.00","187","0","0","0","0","","0","0","0","","",""
"080016","0002","0","62500","62600","62900","63400","63500","63600","63700","63800","63900","64000","62300","62200","62100","62000","61900","61800","61700","61600","61500","61400","160","279","158","210","352","309","472","114","206","3034","100","4","65","28","25","14","10","15","45","27","5294","333","0","0","0","0","0","-62900","5","-100.00","187","300","0","0","0","","0","0","0","","",""
"080017","0000","0","62500","62600","62900","63400","63500","63600","63700","63800","63900","64000","62300","62200","62100","62000","61900","61800","61700","61600","61500","61400","140","279","158","210","352","309","472","114","206","3034","100","4","65","28","25","14","10","15","45","27","5274","333","0","0","0","0","0","-62900","5","-100.00","207","-20","0","0","0","","0","0","0","","",""
"080017","0001","0","62500","62600","62900","63400","63500","63600","63700","63800","63900","64000","62300","62200","62100","62000","61900","61800","61700","61600","61500","61400","140","279","158","210","352","309","472","114","6","3034","100","4","65","28","25","14","10","15","45","27","5074","333","0","0","0","0","0","-62900","5","-100.00","207","-200","0","0","0","","0","0","0","","",""
"080018","0000","0","62500","62600","62900","63400","63500","63600","63700","63800","63900","64000","62300","62200","62100","62000","61900","61800","61700","61600","61500","61400","140","279","158","210","352","309","472","114","6","3034","100","4","65","28","25","14","10","15","45","27","5074","333","0","0","0","0","0","-62900","5","-100.00","207","0","0","0","0","","0","0","0","","",""
"080018","0001","0","62500","62600","62900","63400","63500","63600","63700","63800","63900","64000","62300","62200","62100","62000","61900","61800","61700","61600","61500","61400","140","279","158","210","352","309","472","114","6","3034","100","4","65","28","35","14","10","15","45","27","5074","343","0","0","0","0","0","-62900","5","-100.00","207","0","10","0","0","","0","0","0","","",""
"080018","0002","0","62400","62500","62600","62900","63400","63500","63600","63700","63800","63900","62300","62200","62100","62000","61900","61800","61700","61600","61500","61400","175","140","104","158","210","352","309","472","114","6","100","4","65","28","35","14","10","15","46","27","2040","344","0","0","0","0","0","-62900","5","-100.00","207","-3034","0","0","0","","0","0","0","","",""
"080019","0000","0","62400","62500","62600","62900","63400","63500","63600","63700","63800","63900","62300","62200","62100","62000","61900","61800","61700","61600","61500","61400","174","140","104","158","210","352","309","472","114","9","100","4","65","28","35","14","10","15","46","27","2042","344","0","0","0","0","0","-62900","5","-100.00","208","-1","0","0","0","","0","0","0","","",""
"080019","0001","0","62500","62600","62900","63400","63500","63600","63700","63800","63900","64000","62200","62100","62000","61900","61800","61700","61600","61500","61400","61300","140","104","158","210","352","311","472","114","9","3034","4","65","28","35","14","10","15","46","27","117","4904","361","0","0","0","0","0","-62900","5","-100.00","382","2860","17","0","0","","0","0","0","","",""
"080019","0002","0","62500","62600","62900","63400","63500","63600","63700","63800","63900","64000","62200","62100","62000","61900","61800","61700","61600","61500","61400","61300","140","104","158","210","352","311","473","114","9","3034","4","65","28","35","14","10","15","46","27","117","4905","361","0","0","0","0","0","-62900","5","-100.00","382","1","0","0","0","","0","0","0","","",""
"080019","0003","0","62500","62600","62900","63400","63500","63600","63700","63800","63900","64000","62400","62200","62100","62000","61900","61800","61700","61600","61500","61400","140","104","158","210","352","311","473","114","9","3034","30","4","65","28","35","14","10","15","46","27","4905","274","0","0","0","0","0","-62900","5","-100.00","382","0","-87","0","0","","0","0","0","","",""
"080020","0000","0","62600","62900","63400","63500","63600","63700","63800","63900","64000","64100","62500","62400","62200","62100","62000","61900","61800","61700","61600","61500","104","158","210","352","311","473","114","9","3034","2","2","30","4","65","28","35","14","10","15","46","4767","249","0","0","0","0","0","-62900","5","-100.00","581","-138","-25","0","0","","0","0","0","","",""
"080021","0000","0","62600","62900","63400","63500","63600","63700","63800","63900","64000","64100","62500","62400","62300","62200","62100","62000","61900","61800","61700","61600","104","158","210","352","311","473","114","9","3034","2","2","30","3","4","65","28","35","14","10","15","4767","206","0","0","0","0","0","-62900","5","-100.00","581","0","1","0","0","","0","0","0","","",""
"080022","0000","0","62600","62900","63400","63500","63600","63700","63800","63900","64000","64100","62500","62400","62300","62200","62100","62000","61900","61800","61700","61600","104","158","230","352","311","473","144","9","3034","2","2","30","3","4","65","38","35","14","10","35","4817","236","0","0","0","0","0","-62900","5","-100.00","581","50","0","0","0","","0","0","0","","",""
"080022","0001","0","62600","62900","63400","63500","63600","63700","63800","63900","64000","64100","62500","62400","62300","62200","62100","62000","61900","61800","61700","61600","104","158","230","352","311","473","144","509","3034","2","2","30","3","4","65","38","35","14","10","35","5317","236","0","0","0","0","0","-62900","5","-100.00","581","500","0","0","0","","0","0","0","","",""
"080022","0002","0","62600","62900","63100","63400","63500","63600","63700","63800","63900","64000","62500","62400","62300","62200","62100","62000","61900","61800","61700","61600","104","158","35","230","352","311","473","144","509","3034","2","30","4","4","65","38","35","14","10","35","5350","237","0","0","0","0","0","-62900","5","-100.00","581","33","1","0","0","","0","0","0","","",""
"080022","0003","0","62600","62900","63100","63400","63500","63600","63700","63800","63900","64000","62500","62400","62300","62200","62100","62000","61900","61800","61700","61600","104","158","35","230","352","311","473","144","539","3064","2","30","4","4","65","38","35","14","10","35","5410","237","0","0","0","0","0","-62900","5","-100.00","581","30","0","0","0","","0","0","0","","",""
"080023","0000","0","62600","62900","63100","63400","63500","63600","63700","63800","63900","64000","62500","62400","62300","62200","62100","62000","61900","61800","61700","61600","104","158","35","230","352","311","473","144","539","3064","2","30","4","4","105","38","35","14","10","35","5410","277","0","0","0","0","0","-62900","5","-100.00","581","0","40","0","0","","0","0","0","","",""
"080023","0001","0","62600","62900","63100","63400","63500","63600","63700","63800","63900","64000","62500","62400","62300","62200","62100","62000","61900","61800","61700","61600","104","158","35","230","352","311","473","144","540","3064","2","31","4","4","105","38","35","14","10","35","5411","278","0","0","0","0","0","-62900","5","-100.00","581","1","0","0","0","","0","0","0","","",""
"080024","0000","0","62600","62900","63100","63400","63500","63600","63700","63800","63900","64000","62500","62400","62300","62200","62100","62000","61900","61800","61700","61600","104","158","35","230","352","311","473","144","545","3064","2","31","4","4","105","38","35","14","10","35","5416","278","0","0","0","0","0","-62900","5","-100.00","581","5","0","0","0","","0","0","0","","",""
"080024","0001","0","62600","62900","63100","63400","63500","63600","63700","63800","63900","64000","62500","62400","62300","62200","62100","62000","61900","61800","61700","61600","10","158","35","230","352","311","473","144","545","3064","2","31","4","4","105","38","35","14","10","35","5322","278","0","0","0","0","0","-62900","5","-100.00","581","-94","0","0","0","","0","0","0","","",""
"080024","0002","0","62600","62900","63100","63400","63500","63600","63700","63800","63900","64000","62500","62400","62300","62200","62100","62000","61900","61800","61700","61600","10","158","35","230","352","311","473","144","545","3064","2","31","4","4","105","38","35","24","10","35","5322","288","0","0","0","0","0","-62900","5","-100.00","581","0","10","0","0","","0","0","0","","",""
"080025","0000","0","62500","62600","62900","63100","63400","63500","63600","63700","63800","63900","62400","62300","62200","62100","62000","61900","61800","61700","61600","61500","5","10","158","35","230","352","311","473","144","545","31","4","4","105","38","35","24","10","35","1047","2263","1333","0","0","0","0","0","-62900","5","-100.00","583","-3059","1045","0","0","","0","0","0","","",""
"080025","0001","0","62500","62600","62900","63100","63400","63500","63600","63700","63800","63900","62400","62300","62200","62100","62000","61900","61800","61700","61600","61500","5","10","158","35","230","352","311","473","144","545","26","4","4","105","38","35","24","10","35","1047","2263","1328","0","0","0","0","0","-62900","5","-100.00","588","0","-5","0","0","","0","0","0","","",""
"080026","0000","0","62500","62600","62900","63100","63400","63500","63600","63700","63800","63900","62400","62300","62200","62100","62000","61900","61800","61700","61600","61500","5","10","158","135","130","352","311","473","144","545","26","4","4","105","38","35","24","10","35","1047","2263","1328","0","0","0","0","0","-62900","5","-100.00","588","0","0","0","0","","0","0","0","","",""
"080026","0001","0","62600","62900","63100","63400","63500","63600","63700","63800","63900","64000","62400","62300","62200","62100","62000","61900","61800","61700","61600","61500","10","158","135","130","352","311","473","144","545","3234","26","4","4","105","38","35","24","10","35","1047","5492","1328","0","0","0","0","0","-62900","5","-100.00","638","3229","0","0","0","","0","0","0","","",""
"080026","0002","0","62600","62900","63100","63400","63500","63600","63700","63800","63900","64000","62400","62300","62200","62100","62000","61900","61800","61700","61600","61500","10","158","135","130","352","311","473","144","545","3234","26","4","5","105","38","35","24","10","35","1047","5492","1329","0","0","0","0","0","-62900","5","-100.00","638","0","1","0","0","","0","0","0","","",""
"080026","0003","0","62600","62900","63100","63400","63500","63600","63700","63800","63900","64000","62400","62300","62200","62100","62000","61900","61800","61700","61600","61500","10","110","135","130","352","311","473","144","545","3234","26","4","5","105","38","35","24","10","35","1047","5444","1329","0","0","0","0","0","-62900","5","-100.00","638","-48","0","0","0","","0","0","0","","",""
"080027","0000","0","62600","62900","63100","63400","63500","63600","63700","63800","63900","64000","62400","62300","62200","62100","62000","61900","61800","61700","61600","61500","10","110","135","130","352","311","473","144","545","3234","26","4","5","107","38","35","24","10","35","1047","5444","1331","0","0","0","0","0","-62900","5","-100.00","638","0","2","0","0","","0","0","0","","",""
"080028","0000","0","62600","62900","63100","63400","63500","63600","63700","63800","63900","64000","62400","62300","62200","62100","62000","61900","61800","61700","61600","61500","10","110","135","130","352","311","473","144","545","3234","26","4","5","107","40","35","24","10","35","1047","5444","1333","0","0","0","0","0","-62900","5","-100.00","638","0","2","0","0","","0","0","0","","",""
"080028","0001","0","62600","62900","63100","63400","63500","63600","63700","63800","63900","64000","62400","62300","62200","62100","62000","61900","61800","61700","61600","61500","10","110","135","130","352","311","473","144","545","3234","26","4","7","107","40","35","24","10","35","1047","5444","1335","0","0","0","0","0","-62900","5","-100.00","638","0","2","0","0","","0","0","0","","",""
"080029","0000","0","62600","62900","63100","63400","63500","63600","63700","63800","63900","64000","62400","62300","62200","62100","62000","61900","61800","61700","61600","61500","10","110","135","130","352","311","473","144","545","3234","26","4","7","107","45","35","24","10","35","1047","5444","1340","0","0","0","0","0","-62900","5","-100.00","638","0","5","0","0","","0","0","0","","",""
"080031","0000","0","62600","62900","63100","63400","63500","63600","63700","63800","63900","64000","62400","62300","62200","62100","62000","61900","61800","61700","61600","61500","10","110","135","130","352","311","473","144","546","3239","26","4","7","107","45","35","24","10","35","1047","5450","1340","0","0","0","0","0","-62900","5","-100.00","638","6","0","0","0","","0","0","0","","",""
"080031","0001","0","62600","62900","63100","63400","63500","63600","63700","63800","63900","64000","62400","62300","62200","62100","62000","61900","61800","61700","61600","61500","10","110","135","140","352","311","473","144","546","3239","26","4","7","107","45","35","24","10","35","1047","5460","1340","0","0","0","0","0","-62900","5","-100.00","638","10","0","0","0","","0","0","0","","",""
"080031","0002","0","62600","62900","63100","63400","63500","63600","63700","63800","63900","64000","62400","62300","62200","62100","62000","61900","61800","61700","61600","61500","10","110","135","140","352","311","473","144","546","3239","26","14","7","107","45","35","24","10","35","1047","5460","1350","0","0","0","0","0","-62900","5","-100.00","638","0","10","0","0","","0","0","0","","",""
"080032","0000","0","62600","62900","63100","63400","63500","63600","63700","63800","63900","64000","62400","62300","62200","62100","62000","61900","61800","61700","61600","61500","10","110","135","140","352","311","473","144","546","3241","26","14","7","109","45","35","24","10","35","1047","5462","1352","0","0","0","0","0","-62900","5","-100.00","638","2","2","0","0","","0","0","0","","",""
"080032","0001","0","62500","62600","62900","63100","63400","63500","63600","63700","63800","63900","62300","62200","62100","62000","61900","61800","61700","61600","61500","61400","47","10","110","135","140","352","311","473","144","546","14","7","110","45","35","24","10","35","1047","27","2268","1354","0","0","0","0","0","-62900","5","-100.00","664","-3194","2","0","0","","0","0","0","","",""
"080033","0000","0","62500","62600","62900","63100","63400","63500","63600","63700","63800","63900","62300","62200","62100","62000","61900","61800","61700","61600","61500","61400","47","10","110","135","140","352","311","473","144","546","14","207","110","45","35","26","10","35","1047","27","2268","1556","0","0","0","0","0","-62900","5","-100.00","664","0","2","0","0","","0","0","0","","",""
"080033","0001","0","62500","62600","62900","63100","63400","63500","63600","63700","63800","63900","62300","62200","62100","62000","61900","61800","61700","61600","61500","61400","47","10","110","135","140","352","311","473","144","546","14","214","110","45","35","26","10","35","1047","27","2268","1563","0","0","0","0","0","-62900","5","-100.00","664","0","5","0","0","","0","0","0","","",""
"080033","0002","0","62500","62600","62900","63100","63400","63500","63600","63700","63800","63900","62300","62200","62100","62000","61900","61800","61700","61600","61500","61400","47","10","110","135","140","352","311","473","154","546","14","214","110","45","35","26","60","35","1047","27","2278","1613","0","0","0","0","0","-62900","5","-100.00","665","10","0","0","0","","0","0","0","","",""
"080034","0000","0","62500","62600","62900","63000","63100","63400","63500","63600","63700","63800","62300","62200","62100","62000","61900","61800","61700","61600","61500","61400","47","10","110","10","135","140","352","311","473","154","14","214","110","45","35","26","60","535","1047","27","1742","2113","0","0","0","0","0","-62900","5","-100.00","665","0","500","0","0","","0","0","0","","",""
"080034","0001","0","62500","62600","62900","63000","63100","63400","63500","63600","63700","63800","62400","62300","62200","62100","62000","61900","61800","61700","61600","61500","47","10","110","10","135","140","352","311","473","154","30","14","214","110","45","36","26","60","535","1047","1742","2117","0","0","0","0","0","-62900","5","-100.00","665","0","3","0","0","","0","0","0","","",""
"080034","0002","0","62500","62600","62900","63000","63100","63400","63500","63600","63700","63800","62400","62300","62200","62100","62000","61900","61800","61700","61600","61500","47","10","110","10","135","140","352","311","473","154","30","14","214","110","45","36","28","60","535","1047","1742","2119","0","0","0","0","0","-62900","5","-100.00","665","0","2","0","0","","0","0","0","","",""
"080035","0000","0","62500","62600","62900","63000","63100","63400","63500","63600","63700","63800","62400","62300","62200","62100","62000","61900","61800","61700","61600","61500","47","10","110","10","135","140","352","311","473","154","30","14","214","110","45","36","28","60","535","1147","1742","2219","0","0","0","0","0","-62900","5","-100.00","665","0","100","0","0","","0","0","0","","",""
"080035","0001","0","62500","62600","62900","63000","63100","63400","63500","63600","63700","63800","62400","62300","62200","62100","62000","61900","61800","61700","61600","61500","47","10","110","10","135","140","352","311","473","154","30","14","214","110","45","36","28","60","585","1147","1742","2269","0","0","0","0","0","-62900","5","-100.00","665","0","50","0","0","","0","0","0","","",""
"080035","0002","0","62500","62600","62800","62900","63000","63100","63400","63500","63600","63700","62400","62300","62200","62100","62000","61900","61800","61700","61600","61500","17","10","1000","110","10","135","140","352","311","473","30","14","214","110","45","36","28","60","585","1147","2558","2269","0","0","0","0","0","-62900","5","-100.00","695","816","0","0","0","","0","0","0","","",""
"080036","0000","0","62500","62600","62800","62900","63000","63100","63400","63500","63600","63700","62400","62300","62200","62100","62000","61900","61800","61700","61600","61500","17","30","1000","110","10","135","140","352","311","473","30","14","214","110","45","36","28","60","585","1147","2578","2269","0","0","0","0","0","-62900","5","-100.00","695","20","0","0","0","","0","0","0","","",""
"080036","0001","0","62500","62600","62800","62900","63000","63100","63400","63500","63600","63700","62400","62300","62200","62100","62000","61900","61800","61700","61600","61500","17","30","1000","110","10","135","140","352","311","473","31","14","214","110","45","36","28","60","585","1147","2578","2270","0","0","0","0","0","-62900","5","-100.00","695","0","1","0","0","","0","0","0","","",""
"080037","0000","0","62500","62600","62800","62900","63000","63100","63400","63500","63600","63700","62400","62300","62200","62100","62000","61900","61800","61700","61600","61500","17","30","1000","110","10","135","140","352","311","473","31","15","214","110","45","36","28","60","585","1147","2578","2271","0","0","0","0","0","-62900","5","-100.00","695","0","1","0","0","","0","0","0","","",""
"080037","0001","0","62500","62600","62800","62900","63000","63100","63400","63500","63600","63700","62400","62300","62200","62100","62000","61900","61800","61700","61600","61500","17","30","1000","110","10","135","140","352","311","473","31","15","214","110","45","36","28","60","586","1147","2578","2272","0","0","0","0","0","-62900","5","-100.00","695","0","1","0","0","","0","0","0","","",""
"080037","0002","0","62500","62600","62800","62900","63000","63100","63400","63500","63600","63700","62400","62300","62200","62100","62000","61900","61800","61700","61600","61500","17","30","1000","110","10","135","140","352","311","473","31","15","214","110","45","36","28","60","587","1147","2578","2273","0","0","0","0","0","-62900","5","-100.00","695","0","1","0","0","","0","0","0","","",""
"080037","0003","0","62500","62600","62800","62900","63000","63100","63400","63500","63600","63700","62400","62300","62200","62100","62000","61900","61800","61700","61600","61500","17","30","1000","110","10","135","140","352","311","473","31","15","214","110","45","36","128","60","587","1147","2578","2373","0","0","0","0","0","-62900","5","-100.00","695","0","100","0","0","","0","0","0","","",""
"080038","0000","0","62500","62600","62800","62900","63000","63100","63400","63500","63600","63700","62400","62300","62200","62100","62000","61900","61800","61700","61600","61500","17","30","1000","110","10","135","140","352","311","473","31","15","214","110","45","36","128","60","587","1647","2578","2873","0","0","0","0","0","-62900","5","-100.00","695","0","500","0","0","","0","0","0","","",""
"080038","0001","0","62500","62600","62800","62900","63000","63100","63400","63500","63600","63700","62400","62300","62200","62100","62000","61900","61800","61700","61600","61500","17","30","1000","110","10","135","140","352","311","473","31","65","214","110","45","36","128","60","587","1647","2578","2923","0","0","0","0","0","-62900","5","-100.00","695","0","50","0","0","","0","0","0","","",""
"080038","0002","0","62500","62600","62800","62900","63000","63100","63400","63500","63600","63700","62400","62300","62200","62100","62000","61900","61800","61700","61600","61500","17","80","1000","110","10","135","140","352","311","473","31","65","214","110","45","36","128","60","587","1647","2628","2923","0","0","0","0","0","-62900","5","-100.00","695","50","0","0","0","","0","0","0","","",""
"080038","0003","0","62500","62600","62800","62900","63000","63100","63400","63500","63600","63700","62400","62300","62200","62100","62000","61900","61800","61700","61600","61500","17","80","1000","110","10","135","140","352","311","473","31","65","214","110","45","36","128","160","587","1647","2628","3023","0","0","0","0","0","-62900","5","-100.00","695","0","100","0","0","","0","0","0","","",""
"080039","0000","0","62500","62600","62800","62900","63000","63100","63400","63500","63600","63700","62400","62300","62200","62100","62000","61900","61800","61700","61600","61500","16","80","1000","110","10","135","140","352","311","473","31","65","214","110","45","36","128","160","587","1647","2627","3023","0","0","0","0","0","-62900","5","-100.00","696","-1","0","0","0","","0","0","0","","",""
"080039","0001","0","62500","62600","62800","62900","63000","63100","63400","63500","63600","63700","62400","62300","62200","62100","62000","61900","61800","61700","61600","61500","16","80","1000","210","10","135","140","352","311","473","31","65","214","110","45","36","128","160","587","1647","2727","3023","0","0","0","0","0","-62900","5","-100.00","696","100","0","0","0","","0","0","0","","",""
"080039","0002","0","62500","62600","62800","62900","63000","63100","63400","63500","63600","63700","62400","62300","62200","62100","62000","61900","61800","61700","61600","61500","16","80","1000","210","10","185","140","352","311","473","31","65","215","110","45","36","128","160","587","1647","2777","3024","0","0","0","0","0","-62900","5","-100.00","696","0","1","0","0","","0","0","0","","",""
"080039","0003","0","62500","62600","62800","62900","63000","63100","63400","63500","63600","63700","62400","62300","62200","62100","62000","61900","61800","61700","61600","61500","16","280","1000","210","10","185","144","352","311","473","31","65","215","110","45","36","128","160","588","1647","2981","3025","0","0","0","0","0","-62900","5","-100.00","696","204","1","0","0","","0","0","0","","",""
"080040","0000","0","62500","62600","62800","62900","63000","63100","63400","63500","63600","63700","62400","62300","62200","62100","62000","61900","61800","61700","61600","61500","16","380","1000","210","10","185","144","352","311","473","31","65","215","110","45","36","128","160","588","1647","3081","3025","0","0","0","0","0","-62900","5","-100.00","696","100","0","0","0","","0","0","0","","",""
"080040","0001","0","62500","62600","62800","62900","63000","63100","63400","63500","63600","63700","62400","62300","62200","62100","62000","61900","61800","61700","61600","61500","6","380","1000","210","10","185","144","352","311","473","31","65","215","110","45","36","128","160","588","1647","3071","3025","0","0","0","0","0","-62900","5","-100.00","706","-10","0","0","0","","0","0","0","","",""
"080040","0002","0","62500","62600","62800","62900","63000","63100","63400","63500","63600","63700","62400","62300","62200","62100","62000","61900","61800","61700","61600","61500","6","380","1000","210","10","185","144","352","311","473","31","65","215","111","45","36","128","160","588","1647","3071","3026","0","0","0","0","0","-62900","5","-100.00","706","0","1","0","0","","0","0","0","","",""
"080040","0003","0","62500","62600","62800","62900","63000","63100","63400","63500","63600","63700","62400","62300","62200","62100","62000","61900","61800","61700","61600","61500","6","380","1002","210","10","185","144","352","311","473","31","65","215","111","45","36","128","180","588","1647","3073","3046","0","0","0","0","0","-62900","5","-100.00","706","2","0","0","0","","0","0","0","","",""
"080040","0004","0","62500","62600","62800","62900","63000","63100","63400","63500","63600","63700","62400","62300","62200","62100","62000","61900","61800","61700","61600","61500","6","380","1002","210","10","185","144","352","311","473","31","65","215","121","45","36","128","180","588","1647","3073","3056","0","0","0","0","0","-62900","5","-100.00","706","0","10","0","0","","0","0","0","","",""
"080041","0000","0","62500","62600","62800","62900","63000","63100","63400","63500","63600","63700","62400","62300","62200","62100","62000","61900","61800","61700","61600","61500","6","380","1002","210","10","185","144","352","311","473","31","65","215","123","46","36","128","180","588","1647","3073","3059","0","0","0","0","0","-62900","5","-100.00","706","0","1","0","0","","0","0","0","","",""
"080042","0000","0","62500","62600","62800","62900","63000","63100","63400","63500","63600","63700","62400","62300","62200","62100","62000","61900","61800","61700","61600","61500","6","380","1002","210","10","185","144","352","311","473","31","67","215","123","46","36","128","180","588","1647","3073","3061","0","0","0","0","0","-62900","5","-100.00","706","0","2","0","0","","0","0","0","","",""
"080043","0000","0","62500","62600","62800","62900","63000","63100","63400","63500","63600","63700","62400","62300","62200","62100","62000","61900","61800","61700","61600","61500","6","380","1002","210","10","185","144","352","311","473","46","67","215","123","46","36","128","180","664","1647","3073","3152","0","0","0","0","0","-62900","5","-100.00","706","0","91","0","0","","0","0","0","","",""
"080043","0001","0","62500","62600","62800","62900","63000","63100","63400","63500","63600","63700","62400","62300","62200","62100","62000","61900","61800","61700","61600","61500","33","380","1002","210","10","185","144","352","311","473","46","67","215","123","46","36","128","180","664","1647","3100","3152","0","0","0","0","0","-62900","5","-100.00","708","27","0","0","0","","0","0","0","","",""
"080043","0002","0","62500","62600","62800","62900","63000","63100","63400","63500","63600","63700","62400","62300","62200","62100","62000","61900","61800","61700","61600","61500","33","380","1002","210","10","185","144","352","311","473","67","69","215","123","46","36","128","180","664","1647","3100","3175","0","0","0","0","0","-62900","5","-100.00","708","0","1","0","0","","0","0","0","","",""
"080044","0000","0","62500","62600","62800","62900","63000","63100","63400","63500","63600","63700","62400","62300","62200","62100","62000","61900","61800","61700","61600","61500","133","380","1002","210","10","185","144","352","311","473","68","69","215","123","46","36","128","180","664","1647","3200","3176","0","0","0","0","0","-62900","5","-100.00","708","100","0","0","0","","0","0","0","","",""
"080044","0001","0","62500","62600","62800","62900","63000","63100","63400","63500","63600","63700","62400","62300","62200","62100","62000","61900","61800","61700","61600","61500","133","380","1002","210","10","185","144","352","311","473","68","69","225","123","46","36","128","180","664","1647","3200","3186","0","0","0","0","0","-62900","5","-100.00","708","0","10","0","0","","0","0","0","","",""
"080044","0002","0","62500","62600","62800","62900","63000","63100","63400","63500","63600","63700","62400","62300","62200","62100","62000","61900","61800","61700","61600","61500","133","380","1002","210","10","185","144","352","311","473","68","68","225","123","44","36","126","183","664","1647","3200","3184","0","0","0","0","0","-62900","5","-100.00","708","0","-1","0","0","","0","0","0","","",""
"080045","0000","0","62500","62600","62800","62900","63000","63100","63400","63500","63600","63700","62400","62300","62200","62100","62000","61900","61800","61700","61600","61500","133","380","1002","210","10","185","144","352","311","473","78","68","225","123","44","36","126","183","664","1647","3200","3194","0","0","0","0","0","-62900","5","-100.00","708","0","10","0","0","","0","0","0","","",""
"080046","0000","0","62500","62600","62800","62900","63000","63100","63400","63500","63600","63700","62400","62300","62200","62100","62000","61900","61800","61700","61600","61500","133","380","1002","211","10","185","144","352","311","473","78","68","225","123","44","36","126","183","793","1647","3201","3323","0","0","0","0","0","-62900","5","-100.00","708","1","0","0","0","","0","0","0","","",""
"080047","0000","0","62500","62600","62800","62900","63000","63100","63400","63500","63600","63700","62400","62300","62200","62100","62000","61900","61800","61700","61600","61500","133","380","1002","211","10","185","144","352","311","473","78","68","225","123","44","37","126","183","793","1647","3201","3324","0","0","0","0","0","-62900","5","-100.00","708","0","1","0","0","","0","0","0","","",""
"080047","0001","0","62500","62600","62800","62900","63000","63100","63400","63500","63600","63700","62400","62300","62200","62100","62000","61900","61800","61700","61600","61500","133","380","1002","211","10","185","144","352","311","473","98","68","225","123","544","37","126","183","793","1657","3201","3854","0","0","0","0","0","-62900","5","-100.00","708","0","510","0","0","","0","0","0","","",""
"080047","0002","0","62500","62600","62800","62900","63000","63100","63400","63500","63600","63700","62400","62300","62200","62100","62000","61900","61800","61700","61600","61500","133","380","1002","211","10","185","144","352","311","473","98","68","225","123","544","38","129","183","793","1657","3201","3858","0","0","0","0","0","-62900","5","-100.00","708","0","1","0","0","","0","0","0","","",""
"080047","0003","0","62500","62600","62800","62900","63000","63100","63400","63500","63600","63700","62400","62300","62200","62100","62000","61900","61800","61700","61600","61500","133","380","1002","211","10","185","144","352","311","473","98","78","225","123","544","38","129","183","793","1657","3201","3868","0","0","0","0","0","-62900","5","-100.00","708","0","10","0","0","","0","0","0","","",""
"080048","0000","0","62500","62600","62700","62800","62900","63000","63100","63400","63500","63600","62400","62300","62200","62100","62000","61900","61800","61700","61600","61500","133","380","2","1002","211","10","185","144","352","311","98","78","225","123","544","38","129","183","793","1657","2730","3868","0","0","0","0","0","-62900","5","-100.00","708","-471","0","0","0","","0","0","0","","",""
"080048","0001","0","62500","62600","62700","62800","62900","63000","63100","63400","63500","63600","62400","62300","62200","62100","62000","61900","61800","61700","61600","61500","133","380","2","1002","211","10","185","144","352","311","98","78","225","123","544","38","129","193","793","1657","2730","3878","0","0","0","0","0","-62900","5","-100.00","708","0","10","0","0","","0","0","0","","",""
"080048","0002","0","62500","62600","62700","62800","62900","63000","63100","63400","63500","63600","62400","62300","62200","62100","62000","61900","61800","61700","61600","61500","133","380","2","1002","211","11","185","144","352","311","98","78","225","123","544","38","129","193","793","1657","2731","3878","0","0","0","0","0","-62900","5","-100.00","708","1","0","0","0","","0","0","0","","",""
"080049","0000","0","62500","62600","62700","62800","62900","63000","63100","63400","63500","63600","62400","62300","62200","62100","62000","61900","61800","61700","61600","61500","133","380","2","1002","211","11","185","144","352","311","196","78","225","123","544","38","129","193","803","1657","2731","3986","0","0","0","0","0","-62900","5","-100.00","710","0","10","0","0","","0","0","0","","",""
"080050","0000","0","62500","62600","62700","62800","62900","63000","63100","63400","63500","63600","62400","62300","62200","62100","62000","61900","61800","61700","61600","61500","133","380","2","1002","211","11","185","144","352","311","196","98","225","123","544","38","129","193","803","1657","2731","4006","0","0","0","0","0","-62900","5","-100.00","710","0","20","0","0","","0","0","0","","",""
"080050","0001","0","62500","62600","62700","62800","62900","63000","63100","63400","63500","63600","62400","62300","62200","62100","62000","61900","61800","61700","61600","61500","133","380","2","1002","211","11","185","144","352","311","196","98","235","123","544","38","129","193","803","1657","2731","4016","0","0","0","0","0","-62900","5","-100.00","710","0","10","0","0","","0","0","0","","",""
"080051","0000","0","62500","62600","62700","62800","62900","63000","63100","63400","63500","63600","62400","62300","62200","62100","62000","61900","61800","61700","61600","61500","133","380","2","1002","211","11","185","144","352","311","196","98","235","123","544","38","129","203","803","1657","2731","4026","0","0","0","0","0","-62900","5","-100.00","710","0","10","0","0","","0","0","0","","",""
"080051","0001","0","62500","62600","62700","62800","62900","63000","63100","63400","63500","63600","62400","62300","62200","62100","62000","61900","61800","61700","61600","61500","133","380","2","1002","211","11","186","144","352","311","196","99","235","123","544","38","129","203","803","1657","2732","4027","0","0","0","0","0","-62900","5","-100.00","710","1","0","0","0","","0","0","0","","",""
"080052","0000","0","62500","62600","62700","62800","62900","63000","63100","63400","63500","63600","62400","62300","62200","62100","62000","61900","61800","61700","61600","61500","133","380","2","1002","211","11","186","144","352","311","196","99","235","123","544","38","129","203","803","1658","2732","4028","0","0","0","0","0","-62900","5","-100.00","710","0","1","0","0","","0","0","0","","",""
"080052","0001","0","62500","62600","62700","62800","62900","63000","63100","63400","63500","63600","62400","62300","62200","62100","62000","61900","61800","61700","61600","61500","133","380","2","1002","211","11","186","144","352","311","196","99","236","123","544","38","129","203","803","1658","2732","4029","0","0","0","0","0","-62900","5","-100.00","710","0","1","0","0","","0","0","0","","",""
"080053","0000","0","62500","62600","62700","62800","62900","63000","63100","63400","63500","63600","62400","62300","62200","62100","62000","61900","61800","61700","61600","61500","149","380","2","1002","211","11","186","144","352","311","196","99","236","123","544","38","130","203","803","1658","2748","4030","0","0","0","0","0","-62900","5","-100.00","710","16","0","0","0","","0","0","0","","",""
"080053","0001","0","62500","62600","62700","62800","62900","63000","63100","63400","63500","63600","62400","62300","62200","62100","62000","61900","61800","61700","61600","61500","149","380","2","1002","211","11","186","144","352","311","196","99","236","123","544","38","130","210","803","1658","2748","4037","0","0","0","0","0","-62900","5","-100.00","710","0","7","0","0","","0","0","0","","",""
"080054","0000","0","62500","62600","62700","62800","62900","63000","63100","63400","63500","63600","62400","62300","62200","62100","62000","61900","61800","61700","61600","61500","149","380","2","1002","211","11","186","144","352","311","196","99","246","123","544","38","130","210","803","1658","2748","4047","0","0","0","0","0","-62900","5","-100.00","710","0","0","0","0","","0","0","0","","",""
"080054","0001","0","62500","62600","62700","62800","62900","63000","63100","63200","63400","63500","62400","62300","62200","62100","62000","61900","61800","61700","61600","61500","149","380","2","1002","211","11","186","1","144","352","196","99","246","123","544","38","130","210","803","1658","2438","4047","0","0","0","0","0","-62900","5","-100.00","710","-310","0","0","0","","0","0","0","","",""
"080054","0002","0","62500","62600","62700","62800","62900","63000","63100","63200","63400","63500","62400","62300","62200","62100","62000","61900","61800","61700","61600","61500","149","380","2","1002","211","11","186","1","144","352","296","100","246","123","544","38","130","210","803","1658","2438","4148","0","0","0","0","0","-62900","5","-100.00","710","0","101","0","0","","0","0","0","","",""
"080054","0003","0","62500","62600","62700","62800","62900","63000","63100","63200","63400","63500","62400","62300","62200","62100","62000","61900","61800","61700","61600","61500","149","380","2","1002","211","11","186","1","144","352","296","100","246","123","544","40","130","210","803","1658","2438","4150","0","0","0","0","0","-62900","5","-100.00","710","0","2","0","0","","0","0","0","","",""
"080055","0000","0","62500","62600","62700","62800","62900","63000","63100","63200","63400","63500","62400","62300","62200","62100","62000","61900","61800","61700","61600","61500","149","380","2","1002","211","11","186","1","144","352","296","100","246","123","544","40","130","210","727","1658","2438","4074","0","0","0","0","0","-62900","5","-100.00","710","0","-76","0","0","","0","0","0","","",""
"080055","0001","0","62500","62600","62700","62800","62900","63000","63100","63200","63400","63500","62400","62300","62200","62100","62000","61900","61800","61700","61600","61500","149","180","2","1002","211","11","186","1","144","352","315","100","246","123","544","40","130","210","727","1658","2238","4093","0","0","0","0","0","-62900","5","-100.00","711","-200","0","0","0","","0","0","0","","",""
"080056","0000","0","62500","62600","62700","62800","62900","63000","63100","63200","63400","63500","62400","62300","62200","62100","62000","61900","61800","61700","61600","61500","149","180","2","1002","211","11","186","1","144","352","315","100","266","123","544","40","130","210","727","1658","2238","4113","0","0","0","0","0","-62900","5","-100.00","711","0","20","0","0","","0","0","0","","",""
"080056","0001","0","62500","62600","62700","62800","62900","63000","63100","63200","63400","63500","62400","62300","62200","62100","62000","61900","61800","61700","61600","61500","149","180","2","1002","211","11","186","1","144","352","300","100","266","123","544","40","130","210","727","1658","2238","4098","0","0","0","0","0","-62900","5","-100.00","726","0","-15","0","0","","0","0","0","","",""
"080056","0002","0","62500","62600","62700","62800","62900","63000","63100","63200","63400","63500","62400","62300","62200","62100","62000","61900","61800","61700","61600","61500","149","180","2","1002","211","11","186","1","144","352","305","110","266","123","546","40","130","210","727","1658","2238","4115","0","0","0","0","0","-62900","5","-100.00","726","0","7","0","0","","0","0","0","","",""
"080057","0000","0","62500","62600","62700","62800","62900","63000","63100","63200","63300","63400","62400","62300","62200","62100","62000","61900","61800","61700","61600","61500","149","180","2","1002","211","11","187","1","1","144","305","110","266","123","546","40","130","210","727","1658","1888","4115","0","0","0","0","0","-62900","5","-100.00","726","-350","0","0","0","","0","0","0","","",""
"080057","0001","0","62500","62600","62700","62800","62900","63000","63100","63200","63300","63400","62400","62300","62200","62100","62000","61900","61800","61700","61600","61500","149","180","3","1002","211","11","187","1","1","144","305","110","266","123","546","40","130","210","727","1658","1889","4115","0","0","0","0","0","-62900","5","-100.00","726","1","0","0","0","","0","0","0","","",""
"080057","0002","0","62500","62600","62700","62800","62900","63000","63100","63200","63300","63400","62400","62300","62200","62100","62000","61900","61800","61700","61600","61500","149","180","3","1002","211","11","187","1","1","144","305","110","266","123","546","40","130","210","737","1658","1889","4125","0","0","0","0","0","-62900","5","-100.00","726","0","10","0","0","","0","0","0","","",""
"080057","0003","0","62500","62600","62700","62800","62900","63000","63100","63200","63300","63400","62400","62300","62200","62100","62000","61900","61800","61700","61600","61500","149","180","3","1002","211","11","187","1","1","144","305","110","266","133","546","40","130","210","737","1658","1889","4135","0","0","0","0","0","-62900","5","-100.00","726","0","10","0","0","","0","0","0","","",""
"080058","0000","0","62500","62600","62700","62800","62900","63000","63100","63200","63300","63400","62400","62300","62200","62100","62000","61900","61800","61700","61600","61500","149","180","3","1002","211","11","187","1","1","144","305","110","266","133","546","40","130","210","737","1659","1889","4136","0","0","0","0","0","-62900","5","-100.00","726","0","1","0","0","","0","0","0","","",""
"080058","0001","0","62500","62600","62700","62800","62900","63000","63100","63200","63300","63400","62400","62300","62200","62100","62000","61900","61800","61700","61600","61500","144","180","3","1002","211","11","187","1","1","144","305","110","266","133","546","40","130","210","737","1659","1884","4136","0","0","0","0","0","-62900","5","-100.00","731","-5","0","0","0","","0","0","0","","",""
"080058","0002","0","62500","62600","62700","62800","62900","63000","63100","63200","63300","63400","62400","62300","62200","62100","62000","61900","61800","61700","61600","61500","142","180","3","1002","211","11","187","1","1","144","305","110","266","133","546","40","130","210","737","1659","1882","4136","0","0","0","0","0","-62900","5","-100.00","733","-2","0","0","0","","0","0","0","","",""
"080058","0003","0","62500","62600","62700","62800","62900","63000","63100","63200","63300","63400","62400","62300","62200","62100","62000","61900","61800","61700","61600","61500","142","180","3","1002","211","11","187","1","1","144","305","110","266","133","551","40","130","210","737","1659","1882","4141","0","0","0","0","0","-62900","5","-100.00","733","0","5","0","0","","0","0","0","","",""
"080059","0000","0","62500","62600","62700","62800","62900","63000","63100","63200","63300","63400","62400","62300","62200","62100","62000","61900","61800","61700","61600","61500","142","180","3","1002","211","11","187","1","1","144","305","110","267","133","546","40","135","217","737","1659","1882","4149","0","0","0","0","0","-62900","5","-100.00","733","0","8","0","0","","0","0","0","","",""
"080059","0001","0","62500","62600","62700","62800","62900","63000","63100","63200","63300","63400","62400","62300","62200","62100","62000","61900","61800","61700","61600","61500","142","180","3","1002","211","11","187","1","1","144","305","110","267","153","546","40","135","217","737","1659","1882","4169","0","0","0","0","0","-62900","5","-100.00","733","0","20","0","0","","0","0","0","","",""
"080059","0002","0","62500","62600","62700","62800","62900","63000","63100","63200","63300","63400","62400","62300","62200","62100","62000","61900","61800","61700","61600","61500","142","180","3","1002","211","11","187","1","1","144","305","110","267","153","546","40","135","218","737","1659","1882","4170","0","0","0","0","0","-62900","5","-100.00","733","0","1","0","0","","0","0","0","","",""
"080100","0000","0","62500","62600","62700","62800","62900","63000","63100","63200","63300","63400","62400","62300","62200","62100","62000","61900","61800","61700","61600","61500","142","160","4","1002","211","11","187","1","1","144","305","110","267","153","546","40","135","218","737","1659","1863","4170","0","0","0","0","0","-62900","5","-100.00","733","-19","0","0","0","","0","0","0","","",""
"080100","0001","0","62500","62600","62700","62800","62900","63000","63100","63200","63300","63400","62400","62300","62200","62100","62000","61900","61800","61700","61600","61500","142","160","4","1002","211","11","187","1","1","145","306","110","267","153","546","40","137","218","737","1659","1864","4173","0","0","0","0","0","-62900","5","-100.00","733","1","3","0","0","","0","0","0","","",""
"080100","0002","0","62500","62600","62700","62800","62900","63000","63100","63200","63300","63400","62400","62300","62200","62100","62000","61900","61800","61700","61600","61500","142","160","4","1002","211","11","187","1","1","145","301","110","267","153","546","40","137","218","737","1659","1864","4168","0","0","0","0","0","-62900","5","-100.00","738","0","-5","0","0","","0","0","0","","",""
"080100","0003","0","62500","62600","62700","62800","62900","63000","63100","63200","63300","63400","62400","62300","62200","62100","62000","61900","61800","61700","61600","61500","157","160","4","1002","211","11","187","1","1","145","301","110","267","153","546","40","137","218","737","1659","1879","4168","0","0","0","0","0","-62900","5","-100.00","738","15","0","0","0","","0","0","0","","",""
"080100","0004","0","62500","62600","62700","62800","62900","63000","63100","63200","63300","63400","62400","62300","62200","62100","62000","61900","61800","61700","61600","61500","57","160","4","1002","211","11","187","1","1","145","301","110","267","153","546","40","137","218","737","1659","1779","4168","0","0","0","0","0","-62900","5","-100.00","838","-100","0","0","0","","0","0","0","","",""
"080101","0000","0","62500","62600","62700","62800","62900","63000","63100","63200","63300","63400","62400","62300","62200","62100","62000","61900","61800","61700","61600","61500","57","160","4","1012","211","11","187","1","1","145","301","110","267","153","546","40","137","218","737","1659","1789","4168","0","0","0","0","0","-62900","5","-100.00","838","10","0","0","0","","0","0","0","","",""
"080101","0001","0","62600","62700","62800","62900","63000","63100","63200","63300","63400","63500","62400","62300","62200","62100","62000","61900","61800","61700","61600","61500","17","4","1012","211","11","187","1","1","145","352","301","110","267","153","546","40","137","218","737","1659","1941","4168","0","0","0","0","0","-62900","5","-100.00","1038","152","0","0","0","","0","0","0","","",""
"080102","0000","0","62600","62700","62800","62900","63000","63100","63200","63300","63400","63500","62400","62300","62200","62100","62000","61900","61800","61700","61600","61500","17","4","1012","211","11","187","1","1","145","352","301","110","267","173","546","40","137","218","737","1659","1941","4188","0","0","0","0","0","-62900","5","-100.00","1038","0","20","0","0","","0","0","0","","",""
"080102","0001","0","62600","62700","62800","62900","63000","63100","63200","63300","63400","63500","62500","62400","62300","62200","62100","62000","61900","61800","61700","61600","17","4","1012","211","11","188","1","1","145","352","2","301","110","267","173","556","40","137","218","737","1942","2541","0","0","0","0","0","-62900","5","-100.00","1038","1","-1657","0","0","","0","0","0","","",""
"080103","0000","0","62600","62700","62800","62900","63000","63100","63200","63300","63400","63500","62500","62400","62300","62200","62100","62000","61900","61800","61700","61600","17","4","1012","211","11","188","1","1","145","352","2","301","110","267","173","576","40","137","218","737","1942","2561","0","0","0","0","0","-62900","5","-100.00","1038","0","20","0","0","","0","0","0","","",""
"080104","0000","0","62600","62700","62800","62900","63000","63100","63200","63300","63400","63500","62500","62400","62300","62200","62100","62000","61900","61800","61700","61600","17","4","1012","211","11","188","1","1","145","352","2","301","110","267","174","576","40","138","218","737","1942","2563","0","0","0","0","0","-62900","5","-100.00","1038","0","1","0","0","","0","0","0","","",""
"080104","0001","0","62600","62700","62800","62900","63000","63100","63200","63300","63400","63500","62500","62400","62300","62200","62100","62000","61900","61800","61700","61600","17","4","1012","211","11","188","1","1","145","352","2","301","110","318","174","576","40","138","218","737","1942","2614","0","0","0","0","0","-62900","5","-100.00","1038","0","51","0","0","","0","0","0","","",""
"080104","0002","0","62600","62700","62800","62900","63000","63100","63200","63300","63400","63500","62500","62400","62300","62200","62100","62000","61900","61800","61700","61600","17","4","1012","211","11","188","1","1","145","352","4","301","110","318","174","576","40","138","218","737","1942","2616","0","0","0","0","0","-62900","5","-100.00","1038","0","2","0","0","","0","0","0","","",""
"080104","0003","0","62600","62700","62800","62900","63000","63100","63200","63300","63400","63500","62500","62400","62300","62200","62100","62000","61900","61800","61700","61600","117","4","1012","211","11","188","1","1","145","353","4","301","110","318","176","576","40","138","218","737","2043","2618","0","0","0","0","0","-62900","5","-100.00","1038","0","2","0","0","","0","0","0","","",""
"080105","0000","0","62600","62700","62800","62900","63000","63100","63200","63300","63400","63500","62500","62400","62300","62200","62100","62000","61900","61800","61700","61600","117","4","1012","211","11","188","1","1","145","353","5","301","110","318","176","576","40","138","218","737","2043","2619","0","0","0","0","0","-62900","5","-100.00","1038","0","1","0","0","","0","0","0","","",""
"080105","0001","0","62600","62700","62800","62900","63000","63100","63200","63300","63400","63500","62500","62400","62300","62200","62100","62000","61900","61800","61700","61600","217","4","1012","211","11","188","1","1","145","353","5","301","110","318","176","576","40","138","218","737","2143","2619","0","0","0","0","0","-62900","5","-100.00","1038","100","0","0","0","","0","0","0","","",""
"080106","0000","0","62600","62700","62800","62900","63000","63100","63200","63300","63400","63500","62500","62400","62300","62200","62100","62000","61900","61800","61700","61600","218","4","1012","211","11","188","1","1","145","353","5","301","110","318","176","576","40","138","218","737","2144","2619","0","0","0","0","0","-62900","5","-100.00","1038","1","0","0","0","","0","0","0","","",""
"080106","0001","0","62600","62700","62800","62900","63000","63100","63200","63300","63400","63500","62500","62400","62300","62200","62100","62000","61900","61800","61700","61600","218","4","1012","211","11","188","1","1","145","353","5","301","110","318","176","576","40","138","218","738","2144","2620","0","0","0","0","0","-62900","5","-100.00","1038","0","1","0","0","","0","0","0","","",""
"080106","0002","0","62600","62700","62800","62900","63000","63100","63200","63300","63400","63500","62500","62400","62300","62200","62100","62000","61900","61800","61700","61600","218","4","1012","211","11","188","1","1","145","353","7","301","110","318","176","576","40","138","218","738","2144","2622","0","0","0","0","0","-62900","5","-100.00","1038","0","2","0","0","","0","0","0","","",""
"080106","0003","0","62600","62700","62800","62900","63000","63100","63200","63300","63400","63500","62500","62400","62300","62200","62100","62000","61900","61800","61700","61600","218","4","1012","211","11","188","1","1","145","353","7","301","110","318","176","576","40","138","218","748","2144","2632","0","0","0","0","0","-62900","5","-100.00","1038","0","10","0","0","","0","0","0","","",""
"080106","0004","0","62500","62600","62700","62800","62900","63000","63100","63200","63300","63400","62400","62300","62200","62100","62000","61900","61800","61700","61600","61500","9","218","4","1012","211","11","188","1","1","145","301","110","318","176","576","40","138","218","748","1664","1800","4289","0","0","0","0","0","-62900","5","-100.00","1045","-344","1657","0","0","","0","0","0","","",""
"080107","0000","0","62600","62700","62800","62900","63000","63100","63200","63300","63400","63500","62500","62400","62300","62200","62100","62000","61900","61800","61700","61600","218","4","1012","211","11","188","1","1","145","353","91","201","110","318","176","576","40","138","218","748","2144","2616","0","0","0","0","0","-62900","5","-100.00","1054","344","-1673","0","0","","0","0","0","","",""
"080107","0001","0","62600","62700","62800","62900","63000","63100","63200","63300","63400","63500","62500","62400","62300","62200","62100","62000","61900","61800","61700","61600","218","104","1012","211","11","188","1","1","145","353","91","201","110","318","176","576","40","138","218","748","2244","2616","0","0","0","0","0","-62900","5","-100.00","1054","100","0","0","0","","0","0","0","","",""
"080108","0000","0","62600","62700","62800","62900","63000","63100","63200","63300","63400","63500","62500","62400","62300","62200","62100","62000","61900","61800","61700","61600","218","104","1012","211","11","188","1","1","145","353","53","201","110","318","176","576","40","138","218","748","2244","2578","0","0","0","0","0","-62900","5","-100.00","1092","0","-38","0","0","","0","0","0","","",""
"080108","0001","0","62600","62700","62800","62900","63000","63100","63200","63300","63400","63500","62500","62400","62300","62200","62100","62000","61900","61800","61700","61600","218","104","1012","211","11","189","1","1","145","353","53","201","110","318","176","576","40","138","218","748","2245","2578","0","0","0","0","0","-62900","5","-100.00","1092","1","0","0","0","","0","0","0","","",""
"080108","0002","0","62600","62700","62800","62900","63000","63100","63200","63300","63400","63500","62500","62400","62300","62200","62100","62000","61900","61800","61700","61600","218","104","1012","211","11","189","1","1","145","404","54","201","110","318","176","596","40","138","218","748","2296","2599","0","0","0","0","0","-62900","5","-100.00","1092","1","0","0","0","","0","0","0","","",""
"080110","0000","0","62600","62700","62800","62900","63000","63100","63200","63300","63400","63500","62500","62400","62300","62200","62100","62000","61900","61800","61700","61600","218","104","1012","211","11","189","1","1","145","404","234","201","110","318","176","596","40","138","218","748","2296","2779","0","0","0","0","0","-62900","5","-100.00","1092","0","180","0","0","","0","0","0","","",""
"080110","0001","0","62600","62700","62800","62900","63000","63100","63200","63300","63400","63500","62500","62400","62300","62200","62100","62000","61900","61800","61700","61600","218","104","1012","211","11","189","1","1","145","404","236","201","110","318","176","596","40","138","218","748","2296","2781","0","0","0","0","0","-62900","5","-100.00","1092","0","2","0","0","","0","0","0","","",""
"080111","0000","0","62600","62700","62800","62900","63000","63100","63200","63300","63400","63500","62500","62400","62300","62200","62100","62000","61900","61800","61700","61600","218","104","1012","211","11","189","1","1","145","404","236","201","110","318","176","596","50","138","218","748","2296","2791","0","0","0","0","0","-62900","5","-100.00","1092","0","10","0","0","","0","0","0","","",""
"080111","0001","0","62600","62700","62800","62900","63000","63100","63200","63300","63400","63500","62500","62400","62300","62200","62100","62000","61900","61800","61700","61600","223","104","1012","211","11","189","1","1","145","404","236","201","110","318","176","596","50","138","218","748","2301","2791","0","0","0","0","0","-62900","5","-100.00","1092","5","0","0","0","","0","0","0","","",""
"080113","0000","0","62600","62700","62800","62900","63000","63100","63200","63300","63400","63500","62500","62400","62300","62200","62100","62000","61900","61800","61700","61600","223","104","1012","211","11","189","1","1","146","404","228","201","110","318","176","596","50","138","218","748","2302","2783","0","0","0","0","0","-62900","5","-100.00","1121","0","1","0","0","","0","0","0","","",""
"080113","0001","0","62600","62700","62800","62900","63000","63100","63200","63300","63400","63500","62500","62400","62300","62200","62100","62000","61900","61800","61700","61600","223","104","1012","211","11","189","1","1","146","404","227","201","110","318","176","596","50","138","218","748","2302","2782","0","0","0","0","0","-62900","5","-100.00","1122","0","-1","0","0","","0","0","0","","",""
"080115","0000","0","62600","62700","62800","62900","63000","63100","63200","63300","63400","63500","62500","62400","62300","62200","62100","62000","61900","61800","61700","61600","223","104","1012","211","11","189","1","1","146","404","227","181","110","318","176","596","50","138","218","748","2302","2762","0","0","0","0","0","-62900","5","-100.00","1122","0","-20","0","0","","0","0","0","","",""
"080115","0001","0","62600","62700","62800","62900","63000","63100","63200","63300","63400","63500","62500","62400","62300","62200","62100","62000","61900","61800","61700","61600","223","104","1012","211","11","189","1","1","146","405","227","181","110","318","176","596","50","138","218","748","2303","2762","0","0","0","0","0","-62900","5","-100.00","1122","1","0","0","0","","0","0","0","","",""
"080116","0000","0","62600","62700","62800","62900","63000","63100","63200","63300","63400","63500","62500","62400","62300","62200","62100","62000","61900","61800","61700","61600","223","104","1012","211","11","189","1","1","146","405","207","181","130","318","176","596","50","138","218","750","2303","2764","0","0","0","0","0","-62900","5","-100.00","1142","0","-20","0","0","","0","0","0","","",""
"080117","0000","0","62600","62700","62800","62900","63000","63100","63200","63300","63400","63500","62500","62400","62300","62200","62100","62000","61900","61800","61700","61600","223","104","1012","211","11","189","1","1","146","420","207","181","130","318","176","596","50","138","218","750","2318","2764","0","0","0","0","0","-62900","5","-100.00","1142","15","0","0","0","","0","0","0","","",""
"080117","0001","0","62600","62700","62800","62900","63000","63100","63200","63300","63400","63500","62500","62400","62300","62200","62100","62000","61900","61800","61700","61600","223","104","1012","211","11","189","1","1","146","420","192","181","130","318","176","596","50","138","218","750","2318","2749","0","0","0","0","0","-62900","5","-100.00","1157","0","-15","0","0","","0","0","0","","",""
"080118","0000","0","62600","62700","62800","62900","63000","63100","63200","63300","63400","63500","62500","62400","62300","62200","62100","62000","61900","61800","61700","61600","223","104","1012","211","11","189","1","1","146","420","192","181","130","318","176","596","50","138","218","790","2318","2789","0","0","0","0","0","-62900","5","-100.00","1157","0","40","0","0","","0","0","0","","",""
"080119","0000","0","62600","62700","62800","62900","63000","63100","63200","63300","63400","63500","62500","62400","62300","62200","62100","62000","61900","61800","61700","61600","223","104","1012","211","11","189","206","1","146","420","182","181","130","318","176","596","50","138","218","790","2523","2779","0","0","0","0","0","-62900","5","-100.00","1167","0","-10","0","0","","0","0","0","","",""
"080119","0001","0","62600","62700","62800","62900","63000","63100","63200","63300","63400","63500","62500","62400","62300","62200","62100","62000","61900","61800","61700","61600","223","104","1012","211","11","189","206","1","146","420","178","181","130","318","176","596","50","138","218","790","2523","2775","0","0","0","0","0","-62900","5","-100.00","1171","0","-4","0","0","","0","0","0","","",""
"080119","0002","0","62600","62700","62800","62900","63000","63100","63200","63300","63400","63500","62500","62400","62300","62200","62100","62000","61900","61800","61700","61600","223","104","1012","211","11","189","206","1","146","420","178","182","130","318","176","596","50","138","218","790","2523","2776","0","0","0","0","0","-62900","5","-100.00","1171","0","1","0","0","","0","0","0","","",""
"080120","0000","0","62600","62700","62800","62900","63000","63100","63200","63300","63400","63500","62500","62400","62300","62200","62100","62000","61900","61800","61700","61600","223","104","1012","211","11","189","206","1","146","420","170","182","130","318","176","596","50","138","218","790","2523","2768","0","0","0","0","0","-62900","5","-100.00","1179","0","-8","0","0","","0","0","0","","",""
"080120","0001","0","62600","62700","62800","62900","63000","63100","63200","63300","63400","63500","62500","62400","62300","62200","62100","62000","61900","61800","61700","61600","223","104","1012","211","11","189","206","1","146","420","163","182","130","318","176","596","50","138","218","790","2523","2761","0","0","0","0","0","-62900","5","-100.00","1186","0","-7","0","0","","0","0","0","","",""
"080121","0000","0","62600","62700","62800","62900","63000","63100","63200","63300","63400","63500","62500","62400","62300","62200","62100","62000","61900","61800","61700","61600","223","104","1012","211","11","189","206","1","146","420","161","182","130","318","176","596","50","138","218","790","2523","2759","0","0","0","0","0","-62900","5","-100.00","1188","0","-2","0","0","","0","0","0","","",""
"080121","0001","0","62600","62700","62800","62900","63000","63100","63200","63300","63400","63500","62500","62400","62300","62200","62100","62000","61900","61800","61700","61600","223","104","1012","211","11","189","206","1","146","420","176","167","130","318","176","596","50","138","218","792","2523","2761","0","0","0","0","0","-62900","5","-100.00","1188","0","2","0","0","","0","0","0","","",""
"080122","0000","0","62600","62700","62800","62900","63000","63100","63200","63300","63400","63500","62400","62300","62200","62100","62000","61900","61800","61700","61600","61500","223","104","1012","211","11","189","206","1","146","420","167","130","318","176","596","50","138","218","792","1723","2523","4308","0","0","0","0","0","-62900","5","-100.00","1364","0","1547","0","0","","0","0","0","","",""
"080123","0000","0","62600","62700","62800","62900","63000","63100","63200","63300","63400","63500","62400","62300","62200","62100","62000","61900","61800","61700","61600","61500","223","104","1012","211","11","189","206","1","146","420","168","130","318","176","601","50","138","218","792","1723","2523","4314","0","0","0","0","0","-62900","5","-100.00","1364","0","1","0","0","","0","0","0","","",""
"080124","0000","0","62400","62600","62700","62800","62900","63000","63100","63200","63300","63400","62300","62200","62100","62000","61900","61800","61700","61600","61500","61400","182","223","104","1012","211","11","189","206","1","146","130","318","176","601","50","138","218","792","1723","548","2285","4694","0","0","0","0","0","-62900","5","-100.00","1532","-238","380","0","0","","0","0","0","","",""
"080124","0001","0","62400","62600","62700","62800","62900","63000","63100","63200","63300","63400","62300","62200","62100","62000","61900","61800","61700","61600","61500","61400","162","223","104","1012","211","11","189","206","1","146","130","318","176","606","50","138","218","792","1723","548","2265","4699","0","0","0","0","0","-62900","5","-100.00","1552","-20","5","0","0","","0","0","0","","",""
"080124","0002","0","62400","62500","62600","62700","62800","62900","63000","63100","63200","63300","62300","62200","62100","62000","61900","61800","61700","61600","61500","61400","162","100","223","104","1012","211","11","189","206","1","130","318","176","606","50","138","218","792","1723","548","2219","4699","0","0","0","0","0","-62900","5","-100.00","1552","-46","0","0","0","","0","0","0","","",""
"080125","0000","0","62400","62500","62600","62700","62800","62900","63000","63100","63200","63300","62300","62200","62100","62000","61900","61800","61700","61600","61500","61400","160","100","223","104","1012","211","11","189","206","1","130","318","176","606","50","138","218","792","1723","548","2217","4699","0","0","0","0","0","-62900","5","-100.00","1554","-2","0","0","0","","0","0","0","","",""
"080126","0000","0","62400","62500","62600","62700","62800","62900","63000","63100","63200","63300","62300","62200","62100","62000","61900","61800","61700","61600","61500","61400","134","100","223","104","1012","211","11","189","206","1","130","318","176","606","50","138","218","792","1723","548","2191","4699","0","0","0","0","0","-62900","5","-100.00","1620","40","0","0","0","","0","0","0","","",""
"080128","0000","0","62400","62500","62600","62700","62800","62900","63000","63100","63200","63300","62300","62200","62100","62000","61900","61800","61700","61600","61500","61400","134","100","223","104","1012","211","11","189","206","1","130","318","176","609","50","138","218","792","1723","548","2191","4702","0","0","0","0","0","-62900","5","-100.00","1620","0","3","0","0","","0","0","0","","",""
"080128","0001","0","62400","62500","62600","62700","62800","62900","63000","63100","63200","63300","62300","62200","62100","62000","61900","61800","61700","61600","61500","61400","134","100","223","104","1012","211","11","189","206","1","130","317","176","609","100","139","218","792","1723","548","2191","4752","0","0","0","0","0","-62900","5","-100.00","1620","0","0","0","0","","0","0","0","","",""
"080129","0000","0","62400","62500","62600","62700","62800","62900","63000","63100","63200","63300","62300","62200","62100","62000","61900","61800","61700","61600","61500","61400","134","100","223","104","1012","211","11","189","206","1","131","317","176","609","100","139","218","792","1723","548","2191","4753","0","0","0","0","0","-62900","5","-100.00","1620","0","1","0","0","","0","0","0","","",""
"080130","0000","0","62400","62500","62600","62700","62800","62900","63000","63100","63200","63300","62300","62200","62100","62000","61900","61800","61700","61600","61500","61400","134","100","223","104","1012","211","11","189","206","1","176","317","176","609","100","139","218","792","1723","548","2191","4798","0","0","0","0","0","-62900","5","-100.00","1620","0","45","0","0","","0","0","0","","",""
"080130","0001","0","62400","62500","62600","62700","62800","62900","63000","63100","63200","63300","62300","62200","62100","62000","61900","61800","61700","61600","61500","61400","134","100","223","104","1012","211","11","189","206","1","176","319","176","609","100","139","218","792","1723","548","2191","4800","0","0","0","0","0","-62900","5","-100.00","1620","0","2","0","0","","0","0","0","","",""
"080131","0000","0","62400","62500","62600","62700","62800","62900","63000","63100","63200","63300","62300","62200","62100","62000","61900","61800","61700","61600","61500","61400","134","100","223","104","1012","211","11","189","206","1","175","319","176","609","100","139","218","792","1723","548","2191","4799","0","0","0","0","0","-62900","5","-100.00","1621","0","-1","0","0","","0","0","0","","",""
"080132","0000","0","62400","62500","62600","62700","62800","62900","63000","63100","63200","63300","62300","62200","62100","62000","61900","61800","61700","61600","61500","61400","134","100","223","104","1012","211","11","189","206","1","175","319","176","611","100","139","218","792","1723","548","2191","4801","0","0","0","0","0","-62900","5","-100.00","1621","0","2","0","0","","0","0","0","","",""
"080132","0001","0","62400","62500","62600","62700","62800","62900","63000","63100","63200","63300","62300","62200","62100","62000","61900","61800","61700","61600","61500","61400","166","100","223","104","1012","211","11","189","206","1","175","319","176","611","150","139","218","792","1723","548","2223","4851","0","0","0","0","0","-62900","5","-100.00","1621","32","50","0","0","","0","0","0","","",""
"080132","0002","0","62400","62500","62600","62700","62800","62900","63000","63100","63200","63300","62300","62200","62100","62000","61900","61800","61700","61600","61500","61400","166","100","223","104","1012","211","11","189","206","1","160","319","176","611","150","139","218","792","1723","548","2223","4836","0","0","0","0","0","-62900","5","-100.00","1636","0","-15","0","0","","0","0","0","","",""
"080133","0000","0","62400","62500","62600","62700","62800","62900","63000","63100","63200","63300","62300","62200","62100","62000","61900","61800","61700","61600","61500","61400","166","100","223","104","1012","211","11","189","206","1","180","319","176","611","150","139","218","792","1732","548","2223","4865","0","0","0","0","0","-62900","5","-100.00","1636","0","9","0","0","","0","0","0","","",""
"080133","0001","0","62400","62500","62600","62700","62800","62900","63000","63100","63200","63300","62300","62200","62100","62000","61900","61800","61700","61600","61500","61400","166","100","223","104","1012","211","11","189","206","1","180","619","176","611","150","139","218","792","1732","548","2223","5165","0","0","0","0","0","-62900","5","-100.00","1636","0","300","0","0","","0","0","0","","",""
"080133","0002","0","62400","62500","62600","62700","62800","62900","63000","63100","63200","63300","62300","62200","62100","62000","61900","61800","61700","61600","61500","61400","166","100","223","104","1012","211","11","189","206","1","180","619","176","611","150","139","221","792","1732","548","2223","5168","0","0","0","0","0","-62900","5","-100.00","1636","0","3","0","0","","0","0","0","","",""
"080133","0003","0","62400","62500","62600","62700","62800","62900","63000","63100","63200","63300","62300","62200","62100","62000","61900","61800","61700","61600","61500","61400","166","100","228","104","1012","211","11","189","206","1","180","619","176","611","150","139","221","792","1732","548","2228","5168","0","0","0","0","0","-62900","5","-100.00","1636","5","0","0","0","","0","0","0","","",""
"080134","0000","0","62400","62500","62600","62700","62800","62900","63000","63100","63200","63300","62300","62200","62100","62000","61900","61800","61700","61600","61500","61400","166","100","228","104","1012","211","11","189","206","1","180","619","176","611","150","139","259","792","1732","548","2228","5206","0","0","0","0","0","-62900","5","-100.00","1636","0","38","0","0","","0","0","0","","",""
"080134","0001","0","62400","62500","62600","62700","62800","62900","63000","63100","63200","63300","62300","62200","62100","62000","61900","61800","61700","61600","61500","61400","166","100","228","104","1012","211","11","189","206","1","180","619","176","611","150","139","259","992","1732","548","2228","5406","0","0","0","0","0","-62900","5","-100.00","1636","0","200","0","0","","0","0","0","","",""
"080135","0000","0","62400","62500","62600","62700","62800","62900","63000","63100","63200","63300","62300","62200","62100","62000","61900","61800","61700","61600","61500","61400","166","100","228","104","1012","211","11","189","206","1","191","619","176","611","150","139","259","992","1732","548","2228","5417","0","0","0","0","0","-62900","5","-100.00","1636","0","1","0","0","","0","0","0","","",""
"080136","0000","0","62400","62500","62600","62700","62800","62900","63000","63100","63200","63300","62300","62200","62100","62000","61900","61800","61700","61600","61500","61400","182","100","228","104","1012","211","11","189","206","1","191","619","176","611","150","139","259","992","1732","548","2244","5417","0","0","0","0","0","-62900","5","-100.00","1636","16","0","0","0","","0","0","0","","",""
"080136","0001","0","62400","62500","62600","62700","62800","62900","63000","63100","63200","63300","62300","62200","62100","62000","61900","61800","61700","61600","61500","61400","182","100","228","104","1012","211","11","189","206","1","191","669","176","611","150","139","259","992","1732","548","2244","5467","0","0","0","0","0","-62900","5","-100.00","1636","0","50","0","0","","0","0","0","","",""
"080136","0002","0","62400","62500","62600","62700","62800","62900","63000","63100","63200","63300","62300","62200","62100","62000","61900","61800","61700","61600","61500","61400","182","100","228","104","1012","211","11","189","206","1","191","669","176","611","150","139","259","992","1737","548","2244","5472","0","0","0","0","0","-62900","5","-100.00","1636","0","5","0","0","","0","0","0","","",""
"080136","0003","0","62400","62500","62600","62700","62800","62900","63000","63100","63200","63300","62300","62200","62100","62000","61900","61800","61700","61600","61500","61400","182","100","228","104","1012","211","11","189","206","1","291","669","176","611","150","139","259","992","1737","548","2244","5572","0","0","0","0","0","-62900","5","-100.00","1636","0","100","0","0","","0","0","0","","",""
"080136","0004","0","62400","62500","62600","62700","62800","62900","63000","63100","63200","63300","62300","62200","62100","62000","61900","61800","61700","61600","61500","61400","182","100","228","104","1012","211","11","189","206","1","291","669","176","611","154","139","259","992","1737","548","2244","5576","0","0","0","0","0","-62900","5","-100.00","1636","0","4","0","0","","0","0","0","","",""
"080137","0000","0","62400","62500","62600","62700","62800","62900","63000","63100","63200","63300","62300","62200","62100","62000","61900","61800","61700","61600","61500","61400","182","100","228","104","1012","211","11","189","206","1","291","669","176","611","154","139","260","992","1737","548","2244","5577","0","0","0","0","0","-62900","5","-100.00","1636","0","1","0","0","","0","0","0","","",""
"080137","0001","0","62400","62500","62600","62700","62800","62900","63000","63100","63200","63300","62300","62200","62100","62000","61900","61800","61700","61600","61500","61400","182","100","228","104","1012","211","11","189","206","1","284","669","176","611","154","139","260","992","1737","548","2244","5570","0","0","0","0","0","-62900","5","-100.00","1643","0","-7","0","0","","0","0","0","","",""
"080137","0002","0","62400","62500","62600","62700","62800","62900","63000","63100","63200","63300","62300","62200","62100","62000","61900","61800","61700","61600","61500","61400","182","100","228","104","1012","211","11","189","206","1","284","669","186","611","154","139","260","992","1737","548","2244","5580","0","0","0","0","0","-62900","5","-100.00","1643","0","10","0","0","","0","0","0","","",""
"080138","0000","0","62400","62500","62600","62700","62800","62900","63000","63100","63200","63300","62300","62200","62100","62000","61900","61800","61700","61600","61500","61400","182","100","228","104","1012","211","11","189","206","1","274","669","186","614","154","139","260","992","1737","548","2244","5573","0","0","0","0","0","-62900","5","-100.00","1653","0","-7","0","0","","0","0","0","","",""
"080138","0001","0","62400","62500","62600","62700","62800","62900","63000","63100","63200","63300","62300","62200","62100","62000","61900","61800","61700","61600","61500","61400","182","100","228","104","1012","211","11","189","206","1","276","669","186","614","154","139","260","992","1737","548","2244","5575","0","0","0","0","0","-62900","5","-100.00","1653","0","2","0","0","","0","0","0","","",""
"080139","0000","0","62400","62500","62600","62700","62800","62900","63000","63100","63200","63300","62300","62200","62100","62000","61900","61800","61700","61600","61500","61400","182","100","228","104","1012","211","11","189","206","1","275","669","186","614","154","139","255","992","1737","553","2244","5574","0","0","0","0","0","-62900","5","-100.00","1654","0","-1","0","0","","0","0","0","","",""
"080139","0001","0","62400","62500","62600","62700","62800","62900","63000","63100","63200","63300","62300","62200","62100","62000","61900","61800","61700","61600","61500","61400","182","100","228","104","1012","211","11","189","206","1","240","669","186","614","154","139","255","992","1737","553","2244","5539","0","0","0","0","0","-62900","5","-100.00","1689","0","-25","0","0","","0","0","0","","",""
"080139","0002","0","62400","62500","62600","62700","62800","62900","63000","63100","63200","63300","62300","62200","62100","62000","61900","61800","61700","61600","61500","61400","182","100","228","104","1012","211","11","189","206","1","240","669","185","614","154","139","255","992","1737","553","2244","5538","0","0","0","0","0","-62900","5","-100.00","1689","0","-1","0","0","","0","0","0","","",""
"080139","0003","0","62400","62500","62600","62700","62800","62900","63000","63100","63200","63300","62300","62200","62100","62000","61900","61800","61700","61600","61500","61400","182","100","228","104","1012","211","11","189","356","1","240","669","185","614","154","139","255","992","1737","553","2394","5538","0","0","0","0","0","-62900","5","-100.00","1689","150","0","0","0","","0","0","0","","",""
"080139","0004","0","62400","62500","62600","62700","62800","62900","63000","63100","63200","63300","62300","62200","62100","62000","61900","61800","61700","61600","61500","61400","182","100","228","104","1012","211","11","189","356","1","207","669","185","614","154","139","255","992","1737","553","2394","5505","0","0","0","0","0","-62900","5","-100.00","1722","0","-33","0","0","","0","0","0","","",""
"080140","0000","0","62400","62500","62600","62700","62800","62900","63000","63100","63200","63300","62300","62200","62100","62000","61900","61800","61700","61600","61500","61400","182","100","228","104","1012","211","11","189","356","1","212","669","185","614","154","139","255","992","1737","553","2394","5510","0","0","0","0","0","-62900","5","-100.00","1722","0","5","0","0","","0","0","0","","",""
"080140","0001","0","62400","62500","62600","62700","62800","62900","63000","63100","63200","63300","62300","62200","62100","62000","61900","61800","61700","61600","61500","61400","182","100","228","104","1012","211","11","189","356","1","211","669","185","614","154","139","255","992","1737","553","2394","5509","0","0","0","0","0","-62900","5","-100.00","1723","0","-1","0","0","","0","0","0","","",""
"080140","0002","0","62400","62500","62600","62700","62800","62900","63000","63100","63200","63300","62300","62200","62100","62000","61900","61800","61700","61600","61500","61400","182","100","228","104","1012","211","11","189","356","1","211","669","185","614","154","139","255","994","1737","553","2394","5511","0","0","0","0","0","-62900","5","-100.00","1723","0","2","0","0","","0","0","0","","",""
"080141","0000","0","62400","62500","62600","62700","62800","62900","63000","63100","63200","63300","62300","62200","62100","62000","61900","61800","61700","61600","61500","61400","182","100","228","104","1012","211","11","189","356","1","211","669","185","614","164","139","255","994","1737","553","2394","5521","0","0","0","0","0","-62900","5","-100.00","1723","0","10","0","0","","0","0","0","","",""
"080141","0001","0","62400","62500","62600","62700","62800","62900","63000","63100","63200","63300","62300","62200","62100","62000","61900","61800","61700","61600","61500","61400","166","100","228","104","1012","211","11","189","356","1","197","669","185","614","164","139","255","994","1737","553","2378","5507","0","0","0","0","0","-62900","5","-100.00","1739","-16","-16","0","0","","0","0","0","","",""
"080142","0000","0","62400","62500","62600","62700","62800","62900","63000","63100","63200","63300","62300","62200","62100","62000","61900","61800","61700","61600","61500","61400","166","100","228","104","1012","211","11","189","356","1","181","669","185","614","164","139","255","994","1737","553","2378","5491","0","0","0","0","0","-62900","5","-100.00","1755","0","-16","0","0","","0","0","0","","",""
"080142","0001","0","62400","62500","62600","62700","62800","62900","63000","63100","63200","63300","62300","62200","62100","62000","61900","61800","61700","61600","61500","61400","166","100","228","104","1012","211","11","189","356","1","182","669","185","614","164","139","255","994","1737","553","2378","5492","0","0","0","0","0","-62900","5","-100.00","1755","0","1","0","0","","0","0","0","","",""
"080142","0002","0","62400","62500","62600","62700","62800","62900","63000","63100","63200","63300","62300","62200","62100","62000","61900","61800","61700","61600","61500","61400","166","100","228","104","1012","211","11","189","356","1","182","669","185","614","164","139","255","994","1757","553","2378","5512","0","0","0","0","0","-62900","5","-100.00","1755","0","20","0","0","","0","0","0","","",""
"080143","0000","0","62400","62500","62600","62700","62800","62900","63000","63100","63200","63300","62300","62200","62100","62000","61900","61800","61700","61600","61500","61400","166","100","228","204","1012","111","11","189","356","1","183","669","185","614","164","139","255","994","1757","553","2378","5513","0","0","0","0","0","-62900","5","-100.00","1755","0","1","0","0","","0","0","0","","",""
"080143","0001","0","62400","62500","62600","62700","62800","62900","63000","63100","63200","63300","62300","62200","62100","62000","61900","61800","61700","61600","61500","61400","166","100","228","204","1012","111","11","190","356","1","283","669","185","614","164","139","255","994","1757","553","2379","5613","0","0","0","0","0","-62900","5","-100.00","1755","0","100","0","0","","0","0","0","","",""
"080143","0002","0","62400","62500","62600","62700","62800","62900","63000","63100","63200","63300","62300","62200","62100","62000","61900","61800","61700","61600","61500","61400","166","100","228","204","1012","111","11","190","356","1","283","669","185","616","164","139","255","994","1757","553","2379","5615","0","0","0","0","0","-62900","5","-100.00","1755","0","2","0","0","","0","0","0","","",""
"080143","0003","0","62400","62500","62600","62700","62800","62900","63000","63100","63200","63300","62300","62200","62100","62000","61900","61800","61700","61600","61500","61400","166","100","223","204","1012","111","11","190","356","1","278","669","185","616","164","139","255","994","1757","553","2374","5610","0","0","0","0","0","-62900","5","-100.00","1760","-5","-5","0","0","","0","0","0","","",""
"080144","0000","0","62400","62500","62600","62700","62800","62900","63000","63100","63200","63300","62300","62200","62100","62000","61900","61800","61700","61600","61500","61400","166","100","223","204","1012","111","11","190","356","1","278","669","185","616","164","143","255","994","1757","553","2374","5614","0","0","0","0","0","-62900","5","-100.00","1760","0","4","0","0","","0","0","0","","",""
"080145","0000","0","62400","62500","62600","62700","62800","62900","63000","63100","63200","63300","62300","62200","62100","62000","61900","61800","61700","61600","61500","61400","166","100","223","204","1012","111","11","190","356","1","264","669","185","616","164","143","255","994","1757","553","2374","5600","0","0","0","0","0","-62900","5","-100.00","1774","0","-3","0","0","","0","0","0","","",""
"080145","0001","0","62400","62500","62600","62700","62800","62900","63000","63100","63200","63300","62300","62200","62100","62000","61900","61800","61700","61600","61500","61400","166","100","223","204","1012","111","11","190","356","1","266","669","185","616","164","143","255","994","1757","553","2374","5602","0","0","0","0","0","-62900","5","-100.00","1774","0","2","0","0","","0","0","0","","",""
"080146","0000","0","62400","62500","62600","62700","62800","62900","63000","63100","63200","63300","62300","62200","62100","62000","61900","61800","61700","61600","61500","61400","166","100","223","204","1012","111","11","190","356","1","204","669","185","616","164","143","255","994","1757","553","2374","5540","0","0","0","0","0","-62900","5","-100.00","1836","0","-61","0","0","","0","0","0","","",""
"080146","0001","0","62400","62500","62600","62700","62800","62900","63000","63100","63200","63300","62300","62200","62100","62000","61900","61800","61700","61600","61500","61400","166","100","223","204","1012","111","11","190","356","1","274","669","185","616","164","143","255","994","1757","553","2374","5610","0","0","0","0","0","-62900","5","-100.00","1866","0","-30","0","0","","0","0","0","","",""
"080146","0002","0","62400","62500","62600","62700","62800","62900","63000","63100","63200","63300","62300","62200","62100","62000","61900","61800","61700","61600","61500","61400","166","100","223","204","1012","111","11","190","356","1","174","669","185","616","164","143","255","994","1757","553","2374","5510","0","0","0","0","0","-62900","5","-100.00","1966","0","-100","0","0","","0","0","0","","",""
"080148","0000","0","62400","62500","62600","62700","62800","62900","63000","63100","63200","63300","62300","62200","62100","62000","61900","61800","61700","61600","61500","61400","166","100","223","204","1012","111","11","190","356","1","174","769","185","816","164","143","255","994","1757","553","2374","5810","0","0","0","0","0","-62900","5","-100.00","1966","0","200","0","0","","0","0","0","","",""
"080148","0001","0","62400","62500","62600","62700","62800","62900","63000","63100","63200","63300","62300","62200","62100","62000","61900","61800","61700","61600","61500","61400","166","100","223","204","1012","111","11","190","356","1","174","779","185","816","164","143","255","994","1757","553","2374","5820","0","0","0","0","0","-62900","5","-100.00","1966","0","10","0","0","","0","0","0","","",""
