"time","millisec","HOUR_CLS_CODE","ASKP1","ASKP2","ASKP3","ASKP4","ASKP5","ASKP6","ASKP7","ASKP8","ASKP9","ASKP10","BIDP1","BIDP2","BIDP3","BIDP4","BIDP5","BIDP6","BIDP7","BIDP8","BIDP9","BIDP10","ASKP_RSQN1","ASKP_RSQN2","ASKP_RSQN3","ASKP_RSQN4","ASKP_RSQN5","ASKP_RSQN6","ASKP_RSQN7","ASKP_RSQN8","ASKP_RSQN9","ASKP_RSQN10","BIDP_RSQN1","BIDP_RSQN2","BIDP_RSQN3","BIDP_RSQN4","BIDP_RSQN5","BIDP_RSQN6","BIDP_RSQN7","BIDP_RSQN8","BIDP_RSQN9","BIDP_RSQN10","TOTAL_ASKP_RSQN","TOTAL_BIDP_RSQN","OVTM_TOTAL_ASKP_RSQN","OVTM_TOTAL_BIDP_RSQN","ANTC_CNPR","ANTC_CNQN","ANTC_VOL","ANTC_CNTG_VRSS","ANTC_CNTG_VRSS_SIGN","ANTC_CNTG_PRDY_CTRT","ACML_VOL","TOTAL_ASKP_RSQN_ICDC","TOTAL_BIDP_RSQN_ICDC","OVTM_TOTAL_ASKP_ICDC","OVTM_TOTAL_BIDP_ICDC","STCK_DEAL_CLS_CODE","KMID_PRC","KMID_TOTAL_RSQN","KMID_CLS_CODE","NMID_PRC","NMID_TOTAL_RSQN","NMID_CLS_CODE"
"080000","0000","0","98900","101300","104800","109500","0","0","0","0","0","0","75100","0","0","0","0","0","0","0","0","0","300","25","10","1","0","0","0","0","0","0","40","0","0","0","0","0","0","0","0","0","336","40","0","0","0","0","0","-99900","5","-100.00","0","0","0","0","0","","0","0","0","","",""
"080000","0001","0","98900","99900","100500","101300","103500","104800","107500","109000","109500","115000","98200","98000","92000","75100","0","0","0","0","0","0","300","1300","300","25","100","10","1","5","1","1","170","1000","1","40","0","0","0","0","0","0","2043","1211","0","0","0","0","0","-99900","5","-100.00","0","1707","1171","0","0","","0","0","0","","",""
"080001","0000","0","98900","99700","99900","100500","101300","102900","103000","103500","104800","105500","98700","98200","98000","96000","95100","92000","90300","75100","0","0","300","813","1300","300","25","2","1","100","10","1","100","170","1000","1","100","1","20","40","0","0","2852","1432","0","0","0","0","0","-99900","5","-100.00","0","809","221","0","0","","0","0","0","","",""
"080002","0000","0","98900","99500","99700","99900","100500","101000","101300","102000","102900","103000","98800","98700","98200","98000","97100","96000","95100","94000","92000","90300","298","50","813","1300","300","1","25","1","2","2","2","100","170","1000","5","1","100","1","1","20","2792","1400","0","0","0","0","0","-99900","5","-100.00","2","-60","-32","0","0","","0","0","0","","",""
"080002","0001","0","98900","99500","99700","99900","100500","100900","101000","101200","101300","102000","98800","98700","98200","98000","97100","96000","95100","94000","92000","90300","298","50","1113","1300","300","80","1","10","25","1","2","100","170","1000","5","1","100","1","1","20","3178","1400","0","0","0","0","0","-99900","5","-100.00","2","386","0","0","0","","0","0","0","","",""
"080003","0000","0","98900","99500","99700","99900","100000","100500","100900","101000","101200","101300","98800","98700","98200","98000","97100","96800","96000","95100","94000","92000","298","50","1113","1300","2","300","80","1","10","25","2","100","170","1000","5","1","1","101","1","1","3179","1382","0","0","0","0","0","-99900","5","-100.00","2","1","-18","0","0","","0","0","0","","",""
"080003","0001","0","98900","99500","99700","99900","100000","100500","100900","101000","101200","101300","98800","98700","98200","98000","97100","97000","96800","96000","95100","94000","76","50","1113","1300","2","300","80","1","10","25","2","100","170","1000","5","5","1","1","102","1","2957","1387","0","0","0","0","0","-99900","5","-100.00","224","-222","5","0","0","","0","0","0","","",""
"080004","0000","0","98900","99500","99700","99900","100000","100300","100500","100900","101000","101100","98800","98700","98200","98000","97100","97000","96800","96000","95100","94000","76","50","1113","1300","2","101","300","80","1","420","2","100","170","1000","5","5","1","1","102","1","3443","1387","0","0","0","0","0","-99900","5","-100.00","224","486","0","0","0","","0","0","0","","",""
"080004","0001","0","98900","99500","99700","99800","99900","100000","100300","100500","100900","101000","98800","98700","98200","98000","97100","97000","96800","96000","95100","94000","54","50","1113","250","1300","2","101","300","80","1","2","101","170","1100","55","5","1","1","102","1","3251","1538","0","0","0","0","0","-99900","5","-100.00","246","-192","151","0","0","","0","0","0","","",""
"080005","0000","0","98900","99500","99700","99800","99900","100000","100300","100500","100600","100900","98800","98700","98600","98400","98200","98000","97100","97000","96800","96000","52","50","1113","250","1300","2","101","300","40","80","3","101","1","1","170","1100","55","5","1","1","3288","1438","0","0","0","0","0","-99900","5","-100.00","248","37","-100","0","0","","0","0","0","","",""
"080005","0001","0","98900","99500","99700","99800","99900","100000","100100","100300","100500","100600","98800","98700","98600","98400","98200","98000","97800","97600","97400","97200","52","917","1113","250","1300","2","2","101","300","40","3","101","1","1","171","1101","1","1","1","1","4077","1382","0","0","0","0","0","-99900","5","-100.00","248","789","-56","0","0","","0","0","0","","",""
"080005","0002","0","98900","99500","99700","99800","99900","100000","100100","100300","100500","100600","98800","98700","98600","98400","98200","98000","97800","97600","97400","97200","52","917","1113","250","1306","2","2","101","300","40","3","106","1","1","171","1101","1","1","1","1","4083","1387","0","0","0","0","0","-99900","5","-100.00","248","6","5","0","0","","0","0","0","","",""
"080006","0000","0","98900","99500","99700","99800","99900","100000","100100","100300","100500","100600","98800","98700","98600","98400","98200","98000","97800","97600","97400","97200","52","917","1113","250","1306","2","2","101","300","40","3","106","1","1","172","1101","1","1","1","1","4083","1388","0","0","0","0","0","-99900","5","-100.00","248","0","1","0","0","","0","0","0","","",""
"080007","0000","0","98900","99500","99700","99800","99900","100000","100100","100200","100300","100500","98800","98700","98600","98400","98200","98000","97800","97600","97400","97200","52","917","1113","250","1306","2","2","2","101","300","3","106","1","1","172","1101","1","1","1","1","4045","1388","0","0","0","0","0","-99900","5","-100.00","248","-38","0","0","0","","0","0","0","","",""
"080008","0000","0","98900","99500","99700","99800","99900","100000","100100","100200","100300","100500","98800","98700","98600","98400","98200","98000","97800","97600","97400","97200","62","917","1113","250","1306","2","2","2","101","300","3","106","1","1","172","1101","1","1","1","1","4055","1388","0","0","0","0","0","-99900","5","-100.00","248","10","0","0","0","","0","0","0","","",""
"080009","0000","0","98900","99500","99700","99800","99900","100000","100100","100200","100300","100400","98800","98700","98600","98400","98200","98000","97800","97600","97400","97200","62","917","1113","250","1306","2","2","10","101","1","3","106","1","1","172","1101","1","1","1","1","3764","1388","0","0","0","0","0","-99900","5","-100.00","248","-291","0","0","0","","0","0","0","","",""
"080010","0000","0","98900","99500","99700","99800","99900","100000","100100","100200","100300","100400","98800","98700","98600","98400","98200","98000","97800","97600","97400","97200","62","917","1113","250","1306","12","2","10","101","1","3","106","1","1","172","1101","1","1","1","1","3774","1388","0","0","0","0","0","-99900","5","-100.00","248","10","0","0","0","","0","0","0","","",""
"080010","0001","0","98900","99500","99700","99800","99900","100000","100100","100200","100300","100400","98800","98700","98600","98400","98200","98000","97800","97600","97400","97200","62","917","1113","250","1306","12","2","10","101","1","3","106","1","1","173","1101","1","1","1","101","3774","1489","0","0","0","0","0","-99900","5","-100.00","248","0","101","0","0","","0","0","0","","",""
"080011","0000","0","98900","99500","99700","99800","99900","100000","100100","100200","100300","100400","98800","98700","98600","98400","98200","98000","97800","97600","97400","97200","52","917","1113","250","1306","12","2","10","101","1","3","106","1","1","173","1101","1","1","1","101","3764","1489","0","0","0","0","0","-99900","5","-100.00","258","-10","0","0","0","","0","0","0","","",""
"080012","0000","0","98900","99500","99700","99800","99900","100000","100100","100200","100300","100400","98800","98700","98600","98400","98200","98000","97800","97600","97400","97200","52","917","1113","250","1306","12","2","10","103","1","53","106","1","1","173","1101","1","1","1","101","3766","1539","0","0","0","0","0","-99900","5","-100.00","258","2","50","0","0","","0","0","0","","",""
"080013","0000","0","98900","99500","99700","99800","99900","100000","100100","100200","100300","100400","98800","98700","98600","98400","98200","98000","97800","97600","97400","97200","51","917","1113","250","1306","12","2","10","103","1","53","106","1","1","173","1101","1","1","1","101","3765","1539","0","0","0","0","0","-99900","5","-100.00","259","-1","0","0","0","","0","0","0","","",""
"080014","0000","0","99500","99700","99800","99900","100000","100100","100200","100300","100400","100500","98800","98700","98600","98400","98200","98000","97800","97600","97400","97200","917","1113","250","1306","12","2","10","103","1","300","53","106","1","1","173","1101","1","1","1","101","4014","1539","0","0","0","0","0","-99900","5","-100.00","310","249","0","0","0","","0","0","0","","",""
"080015","0000","0","99500","99700","99800","99900","100000","100100","100200","100300","100400","100500","98800","98700","98600","98400","98200","98100","98000","97800","97600","97400","917","1113","250","1306","12","2","10","191","1","300","53","106","1","1","173","1","1101","1","1","1","4102","1439","0","0","0","0","0","-99900","5","-100.00","310","88","-100","0","0","","0","0","0","","",""
"080016","0000","0","98900","99500","99700","99800","99900","100000","100100","100200","100300","100400","98800","98700","98600","98400","98200","98100","98000","97800","97600","97400","12","917","1113","250","1306","12","2","10","191","1","54","106","1","1","173","1","1101","1","1","1","3814","1440","0","0","0","0","0","-99900","5","-100.00","310","-288","1","0","0","","0","0","0","","",""
"080017","0000","0","98900","99500","99700","99800","99900","100000","100100","100200","100300","100400","98800","98700","98600","98400","98200","98100","98000","97800","97600","97400","12","917","1113","250","1306","12","2","10","257","1","54","106","1","1","173","1","1101","1","1","1","3880","1440","0","0","0","0","0","-99900","5","-100.00","310","66","0","0","0","","0","0","0","","",""
"080017","0001","0","98900","99500","99700","99800","99900","100000","100100","100200","100300","100400","98800","98700","98600","98400","98200","98100","98000","97800","97600","97400","12","917","1113","250","1306","12","2","10","257","1","64","106","1","1","173","1","1101","1","1","1","3880","1450","0","0","0","0","0","-99900","5","-100.00","310","0","10","0","0","","0","0","0","","",""
"080019","0000","0","98900","99500","99700","99800","99900","100000","100100","100200","100300","100400","98800","98700","98600","98400","98200","98100","98000","97800","97600","97400","12","917","1113","250","1307","12","2","10","257","1","64","106","1","1","173","1","1101","1","1","1","3881","1450","0","0","0","0","0","-99900","5","-100.00","310","1","0","0","0","","0","0","0","","",""
"080020","0000","0","99500","99700","99800","99900","100000","100100","100200","100300","100400","100500","98800","98700","98600","98400","98200","98100","98000","97800","97600","97400","917","1113","250","1307","12","2","10","257","1","300","64","106","2","1","173","1","1101","1","1","1","4169","1451","0","0","0","0","0","-99900","5","-100.00","310","288","1","0","0","","0","0","0","","",""
"080021","0000","0","99500","99700","99800","99900","100000","100100","100200","100300","100400","100500","98800","98700","98600","98400","98200","98100","98000","97800","97600","97400","917","1113","250","1307","12","2","10","257","1","300","64","106","2","1","173","11","1101","1","1","1","4169","1461","0","0","0","0","0","-99900","5","-100.00","310","0","10","0","0","","0","0","0","","",""
"080021","0001","0","99500","99700","99800","99900","100000","100100","100200","100300","100400","100500","98800","98700","98600","98400","98200","98100","98000","97800","97600","97400","917","1113","250","1307","12","2","10","257","1","300","64","106","3","1","173","11","1101","1","1","1","4169","1462","0","0","0","0","0","-99900","5","-100.00","310","0","1","0","0","","0","0","0","","",""
"080021","0002","0","99500","99700","99800","99900","100000","100100","100200","100300","100400","100500","98800","98700","98600","98400","98200","98100","98000","97900","97800","97600","917","1113","250","1307","12","12","10","257","1","300","64","106","3","1","173","11","1101","5","1","1","4179","1466","0","0","0","0","0","-99900","5","-100.00","310","10","4","0","0","","0","0","0","","",""
"080022","0000","0","99500","99700","99800","99900","100000","100100","100200","100300","100400","100500","98800","98700","98600","98500","98400","98200","98100","98000","97900","97800","917","1113","250","1307","12","12","10","257","1","300","69","106","3","5","1","173","11","1101","5","1","4179","1475","0","0","0","0","0","-99900","5","-100.00","310","0","9","0","0","","0","0","0","","",""
"080023","0000","0","99500","99700","99800","99900","100000","100100","100200","100300","100400","100500","98900","98800","98700","98600","98500","98400","98200","98100","98000","97900","917","1113","250","1307","12","12","10","257","1","300","20","69","106","3","5","1","173","11","1101","5","4179","1494","0","0","0","0","0","-99900","5","-100.00","310","0","19","0","0","","0","0","0","","",""
"080023","0001","0","99500","99700","99800","99900","100000","100100","100200","100300","100400","100500","98900","98800","98700","98600","98500","98400","98300","98200","98100","98000","917","1113","250","1307","12","12","10","257","1","300","20","69","106","3","5","1","100","173","11","1101","4179","1589","0","0","0","0","0","-99900","5","-100.00","310","0","95","0","0","","0","0","0","","",""
"080023","0002","0","99500","99700","99800","99900","100000","100100","100200","100300","100400","100500","98900","98800","98700","98600","98500","98400","98300","98200","98100","98000","917","1113","250","1307","12","12","10","257","1","300","20","70","106","3","5","1","100","173","11","1101","4179","1590","0","0","0","0","0","-99900","5","-100.00","310","0","1","0","0","","0","0","0","","",""
"080025","0000","0","99500","99700","99800","99900","100000","100100","100200","100300","100400","100500","98900","98800","98700","98600","98500","98400","98300","98200","98100","98000","917","1113","250","1377","12","12","10","257","1","300","20","70","106","3","5","1","100","173","11","1101","4249","1590","0","0","0","0","0","-99900","5","-100.00","310","70","0","0","0","","0","0","0","","",""
"080025","0001","0","99500","99700","99800","99900","100000","100100","100200","100300","100400","100500","98900","98800","98700","98600","98500","98400","98300","98200","98100","98000","917","1113","250","1377","12","12","10","257","1","300","20","70","106","4","5","1","100","173","11","1101","4249","1591","0","0","0","0","0","-99900","5","-100.00","310","0","1","0","0","","0","0","0","","",""
"080025","0002","0","99500","99700","99800","99900","100000","100100","100200","100300","100400","100500","98900","98800","98700","98600","98500","98400","98300","98200","98100","98000","917","1113","250","1377","12","12","10","257","1","300","8","70","106","4","5","1","100","173","11","1101","4249","1579","0","0","0","0","0","-99900","5","-100.00","322","0","-12","0","0","","0","0","0","","",""
"080026","0000","0","99500","99700","99800","99900","100000","100100","100200","100300","100400","100500","98900","98800","98700","98600","98500","98400","98300","98200","98100","98000","917","1113","250","1377","12","12","10","257","1","300","13","70","106","4","5","1","100","173","11","1101","4249","1584","0","0","0","0","0","-99900","5","-100.00","322","0","5","0","0","","0","0","0","","",""
"080028","0000","0","99500","99700","99800","99900","100000","100100","100200","100300","100400","100500","98900","98800","98700","98600","98500","98400","98300","98200","98100","98000","917","1113","250","1377","12","12","20","257","1","300","13","70","106","4","5","1","100","173","11","1101","4259","1584","0","0","0","0","0","-99900","5","-100.00","322","10","0","0","0","","0","0","0","","",""
"080028","0001","0","99500","99700","99800","99900","100000","100100","100200","100300","100400","100500","98900","98800","98700","98600","98500","98400","98300","98200","98100","98000","917","1113","250","1377","12","12","20","257","1","300","63","70","106","4","5","1","102","173","11","1101","4259","1636","0","0","0","0","0","-99900","5","-100.00","322","0","52","0","0","","0","0","0","","",""
"080029","0000","0","99500","99700","99800","99900","100000","100100","100200","100300","100400","100500","98900","98800","98700","98600","98500","98400","98300","98200","98100","98000","917","1113","250","1377","12","12","20","257","1","356","73","70","106","4","5","1","102","173","11","1101","4315","1646","0","0","0","0","0","-99900","5","-100.00","322","56","10","0","0","","0","0","0","","",""
"080029","0001","0","99500","99700","99800","99900","100000","100100","100200","100300","100400","100500","99000","98900","98800","98700","98600","98500","98400","98300","98200","98100","917","1113","250","1377","12","12","20","257","1","356","5","73","70","106","4","5","1","102","173","11","4315","550","0","0","0","0","0","-99900","5","-100.00","322","0","-1096","0","0","","0","0","0","","",""
"080030","0000","0","99500","99700","99800","99900","100000","100100","100200","100300","100400","100500","99000","98900","98800","98700","98600","98500","98400","98300","98200","98100","917","1113","265","1377","12","12","20","257","1","356","5","73","70","106","4","5","1","102","173","11","4330","550","0","0","0","0","0","-99900","5","-100.00","322","15","0","0","0","","0","0","0","","",""
"080030","0001","0","99500","99700","99800","99900","100000","100100","100200","100300","100400","100500","99000","98900","98800","98700","98600","98500","98400","98300","98200","98100","917","1113","265","1377","12","12","20","257","1","356","5","73","70","106","4","6","1","102","173","11","4330","551","0","0","0","0","0","-99900","5","-100.00","322","0","1","0","0","","0","0","0","","",""
"080031","0000","0","99500","99700","99800","99900","100000","100100","100200","100300","100400","100500","99000","98900","98800","98700","98600","98500","98400","98300","98200","98100","917","1113","265","1377","12","12","20","257","1","356","5","123","70","106","4","6","1","102","173","11","4330","601","0","0","0","0","0","-99900","5","-100.00","322","0","50","0","0","","0","0","0","","",""
"080031","0001","0","99500","99700","99800","99900","100000","100100","100200","100300","100400","100500","99000","98900","98800","98700","98600","98500","98400","98300","98200","98100","917","1113","265","1377","12","12","20","257","1","356","5","135","70","106","4","6","1","102","173","16","4330","618","0","0","0","0","0","-99900","5","-100.00","322","0","17","0","0","","0","0","0","","",""
"080033","0000","0","99500","99700","99800","99900","100000","100100","100200","100300","100400","100500","99100","99000","98900","98800","98700","98600","98500","98400","98300","98200","917","1113","265","1377","12","12","20","257","1","356","5","6","135","70","106","4","6","1","102","173","4330","608","0","0","0","0","0","-99900","5","-100.00","322","0","-10","0","0","","0","0","0","","",""
"080034","0000","0","99500","99700","99800","99900","100000","100100","100200","100300","100400","100500","99100","99000","98900","98800","98700","98600","98500","98400","98300","98200","917","1113","265","1377","12","12","20","257","1","356","5","7","135","70","106","4","6","1","102","173","4330","609","0","0","0","0","0","-99900","5","-100.00","322","0","1","0","0","","0","0","0","","",""
"080034","0001","0","99500","99700","99800","99900","100000","100100","100200","100300","100400","100500","99100","99000","98900","98800","98700","98600","98500","98400","98300","98200","917","1113","265","1377","12","12","20","257","1","356","5","7","135","70","106","4","6","11","102","173","4330","619","0","0","0","0","0","-99900","5","-100.00","322","0","10","0","0","","0","0","0","","",""
"080035","0000","0","99500","99700","99800","99900","100000","100100","100200","100300","100400","100500","99100","99000","98900","98800","98700","98600","98500","98400","98300","98200","917","1113","265","1377","12","12","20","257","1","356","5","7","136","70","106","4","6","11","102","173","4330","620","0","0","0","0","0","-99900","5","-100.00","322","0","1","0","0","","0","0","0","","",""
"080036","0000","0","99500","99700","99800","99900","100000","100100","100200","100300","100400","100500","99100","99000","98900","98800","98700","98600","98500","98400","98300","98200","917","1113","265","1377","12","12","20","257","1","356","5","17","136","70","106","4","6","11","102","173","4330","630","0","0","0","0","0","-99900","5","-100.00","322","0","10","0","0","","0","0","0","","",""
"080036","0001","0","99500","99700","99800","99900","100000","100100","100200","100300","100400","100500","99100","99000","98900","98800","98700","98600","98500","98400","98300","98200","917","1113","265","1377","12","12","20","257","1","356","7","17","136","70","106","4","6","11","102","173","4330","632","0","0","0","0","0","-99900","5","-100.00","322","0","2","0","0","","0","0","0","","",""
"080038","0000","0","99500","99700","99800","99900","100000","100100","100200","100300","100400","100500","99200","99100","99000","98900","98800","98700","98600","98500","98400","98300","917","1113","265","1377","12","12","20","257","1","356","5","7","17","136","70","106","4","6","11","102","4330","464","0","0","0","0","0","-99900","5","-100.00","322","0","-168","0","0","","0","0","0","","",""
"080038","0001","0","99500","99700","99800","99900","100000","100100","100200","100300","100400","100500","99200","99100","99000","98900","98800","98700","98600","98500","98400","98300","917","1113","265","1377","12","12","20","257","1","356","5","7","17","136","70","107","4","6","11","102","4330","465","0","0","0","0","0","-99900","5","-100.00","322","0","1","0","0","","0","0","0","","",""
"080039","0000","0","99500","99700","99800","99900","100000","100100","100200","100300","100400","100500","99200","99100","99000","98900","98800","98700","98600","98500","98400","98300","917","1113","265","1377","12","12","20","257","1","356","5","7","17","136","71","107","4","6","11","102","4330","466","0","0","0","0","0","-99900","5","-100.00","322","0","1","0","0","","0","0","0","","",""
"080040","0000","0","99500","99700","99800","99900","100000","100100","100200","100300","100400","100500","99200","99100","99000","98900","98800","98700","98600","98500","98400","98300","917","1113","265","1377","12","12","20","257","1","356","5","7","17","137","71","107","4","6","11","102","4330","467","0","0","0","0","0","-99900","5","-100.00","322","0","1","0","0","","0","0","0","","",""
"080040","0001","0","99500","99700","99800","99900","100000","100100","100200","100300","100400","100500","99200","99100","99000","98900","98800","98700","98600","98500","98400","98300","917","1113","265","1377","12","12","20","257","1","357","5","7","17","137","81","107","4","6","11","102","4331","477","0","0","0","0","0","-99900","5","-100.00","322","1","10","0","0","","0","0","0","","",""
"080041","0000","0","99500","99700","99800","99900","100000","100100","100200","100300","100400","100500","99200","99100","99000","98900","98800","98700","98600","98500","98400","98300","917","1113","265","1377","12","12","20","257","1","357","5","7","17","138","81","107","4","6","11","102","4331","478","0","0","0","0","0","-99900","5","-100.00","322","0","1","0","0","","0","0","0","","",""
"080041","0001","0","99500","99700","99800","99900","100000","100100","100200","100300","100400","100500","99200","99100","99000","98900","98800","98700","98600","98500","98400","98300","917","1113","265","1377","12","12","20","257","1","357","5","7","17","138","81","407","4","6","11","102","4331","778","0","0","0","0","0","-99900","5","-100.00","322","0","300","0","0","","0","0","0","","",""
"080042","0000","0","99500","99700","99800","99900","100000","100100","100200","100300","100400","100500","99300","99200","99100","99000","98900","98800","98700","98600","98500","98400","917","1113","265","1377","12","12","20","257","1","357","5","5","7","17","138","81","407","4","6","11","4331","681","0","0","0","0","0","-99900","5","-100.00","322","0","-97","0","0","","0","0","0","","",""
"080042","0001","0","99500","99700","99800","99900","100000","100100","100200","100300","100400","100500","99300","99200","99100","99000","98900","98800","98700","98600","98500","98400","917","1113","265","1377","12","12","20","257","1","357","5","5","7","17","138","81","407","34","6","11","4331","711","0","0","0","0","0","-99900","5","-100.00","322","0","30","0","0","","0","0","0","","",""
"080043","0000","0","99500","99700","99800","99900","100000","100100","100200","100300","100400","100500","99300","99200","99100","99000","98900","98800","98700","98600","98500","98400","917","1113","265","1377","12","12","20","257","1","357","5","5","7","17","448","81","407","34","6","11","4331","1021","0","0","0","0","0","-99900","5","-100.00","322","0","310","0","0","","0","0","0","","",""
"080043","0001","0","99500","99700","99800","99900","100000","100100","100200","100300","100400","100500","99300","99200","99100","99000","98900","98800","98700","98600","98500","98400","917","1113","265","1377","12","12","20","257","1","357","5","5","7","17","448","81","408","34","6","11","4331","1022","0","0","0","0","0","-99900","5","-100.00","322","0","1","0","0","","0","0","0","","",""
"080044","0000","0","99500","99700","99800","99900","100000","100100","100200","100300","100400","100500","99300","99200","99100","99000","98900","98800","98700","98600","98500","98400","917","1113","265","1377","12","12","20","257","1","524","5","5","7","17","448","81","408","34","6","11","4498","1022","0","0","0","0","0","-99900","5","-100.00","322","167","0","0","0","","0","0","0","","",""
"080045","0000","0","99500","99700","99800","99900","100000","100100","100200","100300","100400","100500","99300","99200","99100","99000","98900","98800","98700","98600","98500","98400","917","1113","325","1377","12","12","20","257","1","524","5","5","7","17","448","81","408","34","6","11","4558","1022","0","0","0","0","0","-99900","5","-100.00","322","60","0","0","0","","0","0","0","","",""
"080045","0001","0","99400","99500","99700","99800","99900","100000","100100","100200","100300","100400","99300","99200","99100","99000","98900","98800","98700","98600","98500","98400","7","917","1113","325","1377","12","12","20","257","1","5","5","7","17","448","81","408","34","6","11","4041","1022","0","0","0","0","0","-99900","5","-100.00","327","-517","0","0","0","","0","0","0","","",""
"080046","0000","0","99400","99500","99700","99800","99900","100000","100100","100200","100300","100400","99300","99200","99100","99000","98900","98800","98700","98600","98500","98400","7","917","1113","325","1377","12","12","20","257","1","5","5","7","17","448","81","408","35","6","11","4041","1023","0","0","0","0","0","-99900","5","-100.00","327","0","1","0","0","","0","0","0","","",""
"080046","0001","0","99400","99500","99700","99800","99900","100000","100100","100200","100300","100400","99300","99200","99100","99000","98900","98800","98700","98600","98500","98400","7","917","1113","325","1377","12","12","20","257","1","5","5","7","19","448","81","408","35","6","11","4041","1025","0","0","0","0","0","-99900","5","-100.00","327","0","2","0","0","","0","0","0","","",""
"080047","0000","0","99400","99500","99700","99800","99900","100000","100100","100200","100300","100400","99300","99200","99100","99000","98900","98800","98700","98600","98500","98400","7","917","1113","325","1377","12","12","20","257","1","5","5","7","19","448","91","408","35","6","11","4041","1035","0","0","0","0","0","-99900","5","-100.00","327","0","10","0","0","","0","0","0","","",""
"080047","0001","0","99400","99500","99700","99800","99900","100000","100100","100200","100300","100400","99300","99200","99100","99000","98900","98800","98700","98600","98500","98400","7","917","1113","325","1377","12","12","20","257","1","5","5","7","19","448","91","408","35","11","11","4041","1040","0","0","0","0","0","-99900","5","-100.00","327","0","5","0","0","","0","0","0","","",""
"080048","0000","0","99400","99500","99700","99800","99900","100000","100100","100200","100300","100400","99300","99200","99100","99000","98900","98800","98700","98600","98500","98400","7","917","1113","325","1377","12","12","20","257","1","5","5","7","19","436","91","408","35","11","11","4041","1028","0","0","0","0","0","-99900","5","-100.00","327","0","-12","0","0","","0","0","0","","",""
"080048","0001","0","99300","99400","99500","99700","99800","99900","100000","100100","100200","100300","99200","99100","99000","98900","98800","98700","98600","98500","98400","98300","4","2","917","1113","325","1377","12","12","20","257","5","7","19","437","91","408","35","11","11","102","4039","1126","0","0","0","0","0","-99900","5","-100.00","337","-2","98","0","0","","0","0","0","","",""
"080049","0000","0","99300","99400","99500","99700","99800","99900","100000","100100","100200","100300","99200","99100","99000","98900","98800","98700","98600","98500","98400","98300","4","2","917","1113","325","1377","12","12","20","257","5","7","19","437","91","408","35","12","11","102","4039","1127","0","0","0","0","0","-99900","5","-100.00","337","0","1","0","0","","0","0","0","","",""
"080049","0001","0","99300","99400","99500","99700","99800","99900","100000","100100","100200","100300","99200","99100","99000","98900","98800","98700","98600","98500","98400","98300","4","2","917","1113","325","1377","12","12","20","257","5","7","19","447","91","408","35","12","11","102","4039","1137","0","0","0","0","0","-99900","5","-100.00","337","0","10","0","0","","0","0","0","","",""
"080052","0000","0","99400","99500","99700","99800","99900","100000","100100","100200","100300","100400","99200","99100","99000","98900","98800","98700","98600","98500","98400","98300","2","917","1113","325","1377","12","12","20","257","1","5","7","19","447","91","408","35","12","11","102","4036","1137","0","0","0","0","0","-99900","5","-100.00","342","-3","0","0","0","","0","0","0","","",""
"080053","0000","0","99400","99500","99700","99800","99900","100000","100100","100200","100300","100400","99200","99100","99000","98900","98800","98700","98600","98500","98400","98300","1","917","1113","325","1377","12","12","20","257","1","5","7","19","447","91","408","35","12","11","102","4035","1137","0","0","0","0","0","-99900","5","-100.00","343","-1","0","0","0","","0","0","0","","",""
"080053","0001","0","99500","99700","99800","99900","100000","100100","100200","100300","100400","100500","99200","99100","99000","98900","98800","98700","98600","98500","98400","98300","917","1113","325","1377","12","12","20","257","1","527","5","5","19","447","91","408","35","12","11","102","4561","1135","0","0","0","0","0","-99900","5","-100.00","345","526","-2","0","0","","0","0","0","","",""
"080054","0000","0","99500","99700","99800","99900","100000","100100","100200","100300","100400","100500","99200","99100","99000","98900","98800","98700","98600","98500","98400","98300","917","1113","325","1377","12","12","20","257","1","527","5","5","28","447","91","408","35","12","11","102","4561","1144","0","0","0","0","0","-99900","5","-100.00","345","0","9","0","0","","0","0","0","","",""
"080054","0001","0","99500","99700","99800","99900","100000","100100","100200","100300","100400","100500","99200","99100","99000","98900","98800","98700","98600","98500","98400","98300","917","1113","325","1377","12","12","20","169","1","527","5","5","28","447","91","408","35","12","11","102","4473","1144","0","0","0","0","0","-99900","5","-100.00","345","-88","0","0","0","","0","0","0","","",""
"080055","0000","0","99400","99500","99700","99800","99900","100000","100100","100200","100300","100400","99200","99100","99000","98900","98800","98700","98600","98500","98400","98300","1000","917","1113","325","377","12","12","20","169","1","5","5","28","447","91","408","35","12","11","102","3946","1144","0","0","0","0","0","-99900","5","-100.00","345","-527","0","0","0","","0","0","0","","",""
"080055","0001","0","99400","99500","99700","99800","99900","100000","100100","100200","100300","100400","99200","99100","99000","98900","98800","98700","98600","98500","98400","98300","1000","917","1113","325","377","12","12","20","169","1","5","5","28","447","91","408","35","212","11","102","3946","1344","0","0","0","0","0","-99900","5","-100.00","345","0","200","0","0","","0","0","0","","",""
"080056","0000","0","99400","99500","99700","99800","99900","100000","100100","100200","100300","100400","99200","99100","99000","98900","98800","98700","98600","98500","98400","98300","995","917","1113","325","377","12","12","20","169","1","5","5","28","447","91","408","35","212","11","102","3941","1344","0","0","0","0","0","-99900","5","-100.00","350","-5","0","0","0","","0","0","0","","",""
"080057","0000","0","99400","99500","99700","99800","99900","100000","100100","100200","100300","100400","99200","99100","99000","98900","98800","98700","98600","98500","98400","98300","995","917","1113","325","377","12","12","20","169","1","5","5","48","447","91","408","35","212","11","102","3941","1364","0","0","0","0","0","-99900","5","-100.00","350","0","20","0","0","","0","0","0","","",""
"080058","0000","0","99400","99500","99700","99800","99900","100000","100100","100200","100300","100400","99200","99100","99000","98900","98800","98700","98600","98500","98400","98300","995","917","1113","325","377","12","12","20","169","1","5","5","48","448","91","408","35","212","11","102","3941","1365","0","0","0","0","0","-99900","5","-100.00","350","0","1","0","0","","0","0","0","","",""
"080058","0001","0","99400","99500","99700","99800","99900","100000","100100","100200","100300","100400","99200","99100","99000","98900","98800","98700","98600","98500","98400","98300","995","917","1113","325","377","12","12","20","169","1","5","5","48","458","91","408","35","212","11","102","3941","1375","0","0","0","0","0","-99900","5","-100.00","350","0","10","0","0","","0","0","0","","",""
"080059","0000","0","99400","99500","99700","99800","99900","100000","100100","100200","100300","100400","99200","99100","99000","98900","98800","98700","98600","98500","98400","98300","995","917","1113","325","377","78","12","20","103","1","5","5","48","458","91","408","35","212","11","102","3941","1375","0","0","0","0","0","-99900","5","-100.00","350","0","0","0","0","","0","0","0","","",""
"080100","0000","0","99300","99400","99500","99700","99800","99900","100000","100100","100200","100300","99200","99100","99000","98900","98800","98700","98600","98500","98400","98300","775","995","924","1113","318","377","78","12","20","103","5","5","48","458","91","408","35","212","11","102","4715","1375","0","0","0","0","0","-99900","5","-100.00","355","774","0","0","0","","0","0","0","","",""
"080100","0001","0","99300","99400","99500","99700","99800","99900","100000","100100","100200","100300","99200","99100","99000","98900","98800","98700","98600","98500","98400","98300","775","995","924","1113","318","377","78","12","20","103","5","5","48","408","91","408","35","212","11","102","4715","1325","0","0","0","0","0","-99900","5","-100.00","355","0","-50","0","0","","0","0","0","","",""
"080102","0000","0","99300","99400","99500","99700","99800","99900","100000","100100","100200","100300","99200","99100","99000","98900","98800","98700","98600","98500","98400","98300","775","995","924","1113","318","377","78","12","20","103","5","5","48","438","91","408","35","212","11","102","4715","1355","0","0","0","0","0","-99900","5","-100.00","355","0","30","0","0","","0","0","0","","",""
"080103","0000","0","99300","99400","99500","99700","99800","99900","100000","100100","100200","100300","99200","99100","99000","98900","98800","98700","98600","98500","98400","98300","765","995","924","1113","318","377","78","12","20","103","5","5","48","438","91","408","35","212","11","102","4705","1355","0","0","0","0","0","-99900","5","-100.00","365","-10","0","0","0","","0","0","0","","",""
"080103","0001","0","99300","99400","99500","99700","99800","99900","100000","100100","100200","100300","99200","99100","99000","98900","98800","98700","98600","98500","98400","98300","760","995","924","1113","318","377","78","12","20","103","5","5","48","438","91","408","35","212","11","102","4700","1355","0","0","0","0","0","-99900","5","-100.00","370","-5","0","0","0","","0","0","0","","",""
"080105","0000","0","99300","99400","99500","99700","99800","99900","100000","100100","100200","100300","99200","99100","99000","98900","98800","98700","98600","98500","98400","98300","760","995","924","1113","318","377","78","12","20","103","5","5","148","438","91","408","35","212","11","102","4700","1455","0","0","0","0","0","-99900","5","-100.00","370","0","100","0","0","","0","0","0","","",""
"080106","0000","0","99300","99400","99500","99700","99800","99900","100000","100100","100200","100300","99200","99100","99000","98900","98800","98700","98600","98500","98400","98300","760","995","924","1113","318","377","78","12","20","103","5","5","148","438","91","408","36","212","11","102","4700","1456","0","0","0","0","0","-99900","5","-100.00","370","0","1","0","0","","0","0","0","","",""
"080106","0001","0","99300","99400","99500","99700","99800","99900","100000","100100","100200","100300","99200","99100","99000","98900","98800","98700","98600","98500","98400","98300","760","1000","924","1113","318","377","78","12","20","103","5","5","148","438","91","408","36","212","11","102","4705","1456","0","0","0","0","0","-99900","5","-100.00","370","5","0","0","0","","0","0","0","","",""
"080106","0002","0","99300","99400","99500","99700","99800","99900","100000","100100","100200","100300","99200","99100","99000","98900","98800","98700","98600","98500","98400","98300","760","1000","924","1113","318","377","78","12","20","103","5","5","148","438","91","408","36","217","14","102","4705","1464","0","0","0","0","0","-99900","5","-100.00","370","0","8","0","0","","0","0","0","","",""
"080106","0003","0","99300","99400","99500","99700","99800","99900","100000","100100","100200","100300","99200","99100","99000","98900","98800","98700","98600","98500","98400","98300","748","1000","924","1113","318","377","78","12","20","103","5","5","148","438","91","408","36","217","14","102","4693","1464","0","0","0","0","0","-99900","5","-100.00","382","-12","0","0","0","","0","0","0","","",""
"080108","0000","0","99300","99400","99500","99700","99800","99900","100000","100100","100200","100300","99200","99100","99000","98900","98800","98700","98600","98500","98400","98300","748","1000","924","1113","318","377","86","12","20","103","5","5","148","438","91","408","36","217","14","102","4701","1464","0","0","0","0","0","-99900","5","-100.00","382","8","0","0","0","","0","0","0","","",""
"080108","0001","0","99300","99400","99500","99700","99800","99900","100000","100100","100200","100300","99200","99100","99000","98900","98800","98700","98600","98500","98400","98300","748","1000","949","1113","318","377","86","12","20","103","5","5","148","438","91","408","36","217","14","102","4726","1464","0","0","0","0","0","-99900","5","-100.00","382","25","0","0","0","","0","0","0","","",""
"080109","0000","0","99300","99400","99500","99700","99800","99900","100000","100100","100200","100300","99200","99100","99000","98900","98800","98700","98600","98500","98400","98300","748","1222","949","1113","318","377","86","12","20","103","5","5","148","438","91","408","36","217","14","102","4948","1464","0","0","0","0","0","-99900","5","-100.00","382","222","0","0","0","","0","0","0","","",""
"080109","0001","0","99300","99400","99500","99700","99800","99900","100000","100100","100200","100300","99200","99100","99000","98900","98800","98700","98600","98500","98400","98300","748","1222","949","1113","318","377","95","12","20","103","5","6","148","438","91","408","36","217","14","102","4957","1465","0","0","0","0","0","-99900","5","-100.00","382","9","1","0","0","","0","0","0","","",""
"080110","0000","0","99300","99400","99500","99700","99800","99900","100000","100100","100200","100300","99200","99100","99000","98900","98800","98700","98600","98500","98400","98300","748","1222","949","1113","318","377","95","12","20","103","5","6","148","438","101","408","36","217","14","102","4957","1475","0","0","0","0","0","-99900","5","-100.00","382","0","10","0","0","","0","0","0","","",""
"080110","0001","0","99300","99400","99500","99700","99800","99900","100000","100100","100200","100300","99200","99100","99000","98900","98800","98700","98600","98500","98400","98300","748","1222","949","1113","318","377","95","12","20","103","5","6","168","438","106","403","36","217","14","102","4957","1495","0","0","0","0","0","-99900","5","-100.00","382","0","20","0","0","","0","0","0","","",""
"080112","0000","0","99300","99400","99500","99700","99800","99900","100000","100100","100200","100300","99200","99100","99000","98900","98800","98700","98600","98500","98400","98300","748","1222","949","1113","318","377","95","12","20","103","5","6","168","438","106","403","36","217","214","102","4957","1695","0","0","0","0","0","-99900","5","-100.00","382","0","200","0","0","","0","0","0","","",""
"080114","0000","0","99300","99400","99500","99700","99800","99900","100000","100100","100200","100300","99200","99100","99000","98900","98800","98700","98600","98500","98400","98300","748","1222","949","1113","318","377","95","12","20","103","5","6","168","438","106","403","36","217","244","102","4957","1725","0","0","0","0","0","-99900","5","-100.00","382","0","30","0","0","","0","0","0","","",""
"080115","0000","0","99300","99400","99500","99700","99800","99900","100000","100100","100200","100300","99200","99100","99000","98900","98800","98700","98600","98500","98400","98300","748","1222","949","1113","318","377","145","12","20","103","5","6","168","438","106","403","36","217","244","102","5007","1725","0","0","0","0","0","-99900","5","-100.00","382","50","0","0","0","","0","0","0","","",""
"080117","0000","0","99300","99400","99500","99700","99800","99900","100000","100100","100200","100300","99200","99100","99000","98900","98800","98700","98600","98500","98400","98300","748","1222","949","1113","318","377","145","12","20","103","8","6","168","438","106","403","36","217","244","102","5007","1728","0","0","0","0","0","-99900","5","-100.00","382","0","3","0","0","","0","0","0","","",""
"080117","0001","0","99300","99400","99500","99700","99800","99900","100000","100100","100200","100300","99200","99100","99000","98900","98800","98700","98600","98500","98400","98300","748","1222","949","1113","318","377","145","12","20","103","6","6","168","438","106","403","36","217","244","102","5007","1726","0","0","0","0","0","-99900","5","-100.00","384","0","-2","0","0","","0","0","0","","",""
"080119","0000","0","99300","99400","99500","99700","99800","99900","100000","100100","100200","100300","99200","99100","99000","98900","98800","98700","98600","98500","98400","98300","748","1222","949","1113","318","377","145","12","20","103","6","6","168","438","106","413","36","217","244","102","5007","1736","0","0","0","0","0","-99900","5","-100.00","384","0","10","0","0","","0","0","0","","",""
"080119","0001","0","99300","99400","99500","99700","99800","99900","100000","100100","100200","100300","99200","99100","99000","98900","98800","98700","98600","98500","98400","98300","748","1222","949","1113","318","377","145","12","20","103","6","6","168","438","106","413","36","217","244","102","5007","1736","0","0","0","0","0","-99900","5","-100.00","384","0","0","0","0","","0","0","0","","",""
"080119","0002","0","99300","99400","99500","99700","99800","99900","100000","100100","100200","100300","99200","99100","99000","98900","98800","98700","98600","98500","98400","98300","748","1222","949","1113","319","377","145","12","20","103","6","6","168","438","106","413","36","217","244","102","5008","1736","0","0","0","0","0","-99900","5","-100.00","384","1","0","0","0","","0","0","0","","",""
"080119","0003","0","99300","99400","99500","99700","99800","99900","100000","100100","100200","100300","99200","99100","99000","98900","98800","98700","98600","98500","98400","98300","748","1222","949","1113","319","377","145","12","20","103","6","6","168","439","106","413","36","217","244","102","5008","1737","0","0","0","0","0","-99900","5","-100.00","384","0","1","0","0","","0","0","0","","",""
"080120","0000","0","99300","99400","99500","99700","99800","99900","100000","100100","100200","100300","99200","99100","99000","98900","98800","98700","98600","98500","98400","98300","748","1222","949","1113","319","377","145","12","20","103","6","7","168","439","505","413","36","217","244","102","5008","2137","0","0","0","0","0","-99900","5","-100.00","384","0","400","0","0","","0","0","0","","",""
"080121","0000","0","99300","99400","99500","99700","99800","99900","100000","100100","100200","100300","99200","99100","99000","98900","98800","98700","98600","98500","98400","98300","748","1222","949","1113","319","377","145","44","20","103","6","7","168","439","505","413","36","217","244","102","5040","2137","0","0","0","0","0","-99900","5","-100.00","384","32","0","0","0","","0","0","0","","",""
"080123","0000","0","99300","99400","99500","99600","99700","99800","99900","100000","100100","100200","99200","99100","99000","98900","98800","98700","98600","98500","98400","98300","748","1222","949","490","1113","319","377","145","44","20","6","147","168","439","505","413","36","217","244","102","5427","2277","0","0","0","0","0","-99900","5","-100.00","384","387","140","0","0","","0","0","0","","",""
"080124","0000","0","99300","99400","99500","99600","99700","99800","99900","100000","100100","100200","99200","99100","99000","98900","98800","98700","98600","98500","98400","98300","748","1222","949","490","1113","319","377","145","44","20","4","147","168","439","505","413","36","217","244","102","5427","2275","0","0","0","0","0","-99900","5","-100.00","386","0","-2","0","0","","0","0","0","","",""
"080124","0001","0","99300","99400","99500","99600","99700","99800","99900","100000","100100","100200","99200","99100","99000","98900","98800","98700","98600","98500","98400","98300","748","1222","949","490","1113","319","377","145","44","20","4","147","168","439","505","413","236","217","244","102","5427","2475","0","0","0","0","0","-99900","5","-100.00","386","0","200","0","0","","0","0","0","","",""
"080125","0000","0","99300","99400","99500","99600","99700","99800","99900","100000","100100","100200","99200","99100","99000","98900","98800","98700","98600","98500","98400","98300","748","1222","949","490","1113","319","377","145","44","20","4","147","168","489","505","413","236","217","244","102","5427","2525","0","0","0","0","0","-99900","5","-100.00","386","0","50","0","0","","0","0","0","","",""
"080125","0001","0","99300","99400","99500","99600","99700","99800","99900","100000","100100","100200","99200","99100","99000","98900","98800","98700","98600","98500","98400","98300","748","1222","949","490","1113","319","377","145","44","20","4","147","169","489","505","413","236","217","244","102","5427","2526","0","0","0","0","0","-99900","5","-100.00","386","0","1","0","0","","0","0","0","","",""
"080125","0002","0","99300","99400","99500","99600","99700","99800","99900","100000","100100","100200","99200","99100","99000","98900","98800","98700","98600","98500","98400","98300","748","1222","949","490","1113","319","377","145","44","20","4","147","169","489","505","414","236","217","244","102","5427","2527","0","0","0","0","0","-99900","5","-100.00","386","0","1","0","0","","0","0","0","","",""
"080126","0000","0","99200","99300","99400","99500","99600","99700","99800","99900","100000","100100","99100","99000","98900","98800","98700","98600","98500","98400","98300","98200","36","748","1222","949","490","1113","319","377","1830","44","147","169","489","505","414","236","217","244","102","173","7128","2696","0","0","0","0","0","-99900","5","-100.00","390","1701","169","0","0","","0","0","0","","",""
"080126","0001","0","99200","99300","99400","99500","99600","99700","99800","99900","100000","100100","99100","99000","98900","98800","98700","98600","98500","98400","98300","98200","40","748","1222","949","490","1113","319","377","1830","44","147","169","489","505","414","236","217","244","102","173","7132","2696","0","0","0","0","0","-99900","5","-100.00","391","4","0","0","0","","0","0","0","","",""
"080127","0000","0","99200","99300","99400","99500","99600","99700","99800","99900","100000","100100","99100","99000","98900","98800","98700","98600","98500","98400","98300","98200","40","748","1222","949","490","1113","319","377","1830","44","147","169","489","505","414","236","217","246","102","173","7132","2698","0","0","0","0","0","-99900","5","-100.00","391","0","2","0","0","","0","0","0","","",""
"080128","0000","0","99200","99300","99400","99500","99600","99700","99800","99900","100000","100100","99100","99000","98900","98800","98700","98600","98500","98400","98300","98200","40","748","1222","949","490","1113","319","477","1830","44","147","169","489","505","414","236","217","246","102","173","7232","2698","0","0","0","0","0","-99900","5","-100.00","391","100","0","0","0","","0","0","0","","",""
"080128","0001","0","99200","99300","99400","99500","99600","99700","99800","99900","100000","100100","99100","99000","98900","98800","98700","98600","98500","98400","98300","98200","40","748","1222","949","490","1113","319","477","1830","44","147","169","489","505","414","236","217","246","102","173","7232","2698","0","0","0","0","0","-99900","5","-100.00","391","0","0","0","0","","0","0","0","","",""
"080129","0000","0","99200","99300","99400","99500","99600","99700","99800","99900","100000","100100","99100","99000","98900","98800","98700","98600","98500","98400","98300","98200","40","748","1222","949","490","1113","319","477","1830","44","148","169","489","505","414","236","217","246","102","173","7232","2699","0","0","0","0","0","-99900","5","-100.00","391","0","1","0","0","","0","0","0","","",""
"080130","0000","0","99200","99300","99400","99500","99600","99700","99800","99900","100000","100100","99100","99000","98900","98800","98700","98600","98500","98400","98300","98200","40","748","1222","949","490","1113","319","477","1830","44","148","169","489","505","444","236","217","246","102","173","7232","2729","0","0","0","0","0","-99900","5","-100.00","391","0","30","0","0","","0","0","0","","",""
"080130","0001","0","99200","99300","99400","99500","99600","99700","99800","99900","100000","100100","99100","99000","98900","98800","98700","98600","98500","98400","98300","98200","40","748","1222","949","490","1113","424","477","1830","44","148","169","489","505","444","236","217","246","102","173","7337","2729","0","0","0","0","0","-99900","5","-100.00","391","105","0","0","0","","0","0","0","","",""
"080130","0002","0","99200","99300","99400","99500","99600","99700","99800","99900","100000","100100","99100","99000","98900","98800","98700","98600","98500","98400","98300","98200","39","748","1222","949","490","1113","424","543","1764","44","148","169","489","505","444","236","217","246","102","173","7336","2729","0","0","0","0","0","-99900","5","-100.00","392","-1","0","0","0","","0","0","0","","",""
"080132","0000","0","99200","99300","99400","99500","99600","99700","99800","99900","100000","100100","99100","99000","98900","98800","98700","98600","98500","98400","98300","98200","29","748","1222","949","490","1113","424","543","1764","44","148","169","489","505","444","236","217","246","102","173","7326","2729","0","0","0","0","0","-99900","5","-100.00","402","-10","0","0","0","","0","0","0","","",""
"080132","0001","0","99200","99300","99400","99500","99600","99700","99800","99900","100000","100100","99100","99000","98900","98800","98700","98600","98500","98400","98300","98200","29","748","1222","949","490","1113","424","543","1764","44","148","169","489","505","444","236","217","246","102","198","7326","2754","0","0","0","0","0","-99900","5","-100.00","402","0","25","0","0","","0","0","0","","",""
"080133","0000","0","99200","99300","99400","99500","99600","99700","99800","99900","100000","100100","99100","99000","98900","98800","98700","98600","98500","98400","98300","98200","37","748","1222","949","490","1113","416","543","1764","44","148","169","489","505","444","236","217","246","102","198","7326","2754","0","0","0","0","0","-99900","5","-100.00","402","0","0","0","0","","0","0","0","","",""
"080133","0001","0","99200","99300","99400","99500","99600","99700","99800","99900","100000","100100","99100","99000","98900","98800","98700","98600","98500","98400","98300","98200","37","748","1222","949","490","1113","416","543","1764","54","148","169","489","505","444","236","217","246","102","198","7336","2754","0","0","0","0","0","-99900","5","-100.00","402","10","0","0","0","","0","0","0","","",""
"080134","0000","0","99200","99300","99400","99500","99600","99700","99800","99900","100000","100100","99100","99000","98900","98800","98700","98600","98500","98400","98300","98200","42","748","1222","949","490","1113","416","543","1764","54","148","169","489","505","444","236","217","246","102","198","7341","2754","0","0","0","0","0","-99900","5","-100.00","402","5","0","0","0","","0","0","0","","",""
"080134","0001","0","99200","99300","99400","99500","99600","99700","99800","99900","100000","100100","99100","99000","98900","98800","98700","98600","98500","98400","98300","98200","42","748","1222","949","490","1113","416","543","1764","54","148","169","489","505","444","236","217","246","302","198","7341","2954","0","0","0","0","0","-99900","5","-100.00","402","0","200","0","0","","0","0","0","","",""
"080135","0000","0","99200","99300","99400","99500","99600","99700","99800","99900","100000","100100","99100","99000","98900","98800","98700","98600","98500","98400","98300","98200","41","748","1222","949","490","1113","416","543","1764","104","148","169","489","505","444","236","217","246","302","198","7390","2954","0","0","0","0","0","-99900","5","-100.00","403","49","0","0","0","","0","0","0","","",""
"080135","0001","0","99200","99300","99400","99500","99600","99700","99800","99900","100000","100100","99100","99000","98900","98800","98700","98600","98500","98400","98300","98200","47","748","1222","949","490","1113","416","543","1764","104","148","169","489","505","444","236","217","246","302","198","7396","2954","0","0","0","0","0","-99900","5","-100.00","403","6","0","0","0","","0","0","0","","",""
"080136","0000","0","99100","99200","99300","99400","99500","99600","99700","99800","99900","100000","99000","98900","98800","98700","98600","98500","98400","98300","98200","98100","152","47","748","922","949","490","1113","416","543","1764","169","489","505","444","236","217","246","302","198","98","7144","2904","0","0","0","0","0","-99900","5","-100.00","551","-252","-50","0","0","","0","0","0","","",""
"080136","0001","0","99100","99200","99300","99400","99500","99600","99700","99800","99900","100000","99000","98900","98800","98700","98600","98500","98400","98300","98200","98100","152","47","748","922","949","490","1113","416","543","1764","169","490","505","444","236","217","246","302","198","98","7144","2905","0","0","0","0","0","-99900","5","-100.00","551","0","1","0","0","","0","0","0","","",""
"080136","0002","0","99100","99200","99400","99500","99600","99700","99800","99900","100000","100100","99000","98900","98800","98700","98600","98500","98400","98300","98200","98100","152","795","922","949","490","1113","416","543","1764","104","169","490","505","444","236","217","246","302","198","98","7248","2905","0","0","0","0","0","-99900","5","-100.00","551","104","0","0","0","","0","0","0","","",""
"080137","0000","0","99100","99200","99400","99500","99600","99700","99800","99900","100000","100100","99000","98900","98800","98700","98600","98500","98400","98300","98200","98100","152","795","922","949","490","1113","416","543","1764","104","169","490","505","444","236","268","247","303","198","98","7248","2958","0","0","0","0","0","-99900","5","-100.00","551","0","53","0","0","","0","0","0","","",""
"080138","0000","0","99100","99200","99400","99500","99600","99700","99800","99900","100000","100100","99000","98900","98800","98700","98600","98500","98400","98300","98200","98100","152","795","922","949","490","1113","416","543","1764","104","169","490","505","444","236","268","247","303","203","103","7248","2968","0","0","0","0","0","-99900","5","-100.00","551","0","10","0","0","","0","0","0","","",""
"080138","0001","0","99100","99200","99400","99500","99600","99700","99800","99900","100000","100100","99000","98900","98800","98700","98600","98500","98400","98300","98200","98100","153","795","922","949","490","1113","416","543","1764","104","169","490","505","444","236","268","247","303","203","103","7249","2968","0","0","0","0","0","-99900","5","-100.00","551","1","0","0","0","","0","0","0","","",""
"080139","0000","0","99100","99200","99400","99500","99600","99700","99800","99900","100000","100100","99000","98900","98800","98700","98600","98500","98400","98300","98200","98100","153","795","922","949","490","1113","416","543","1764","104","169","490","505","444","236","268","247","303","203","103","7249","2968","0","0","0","0","0","-99900","5","-100.00","551","0","0","0","0","","0","0","0","","",""
"080141","0000","0","99100","99200","99400","99500","99600","99700","99800","99900","100000","100100","99000","98900","98800","98700","98600","98500","98400","98300","98200","98100","153","795","922","949","490","1113","416","543","1764","104","169","490","506","444","236","268","247","303","203","103","7249","2969","0","0","0","0","0","-99900","5","-100.00","551","0","1","0","0","","0","0","0","","",""
"080141","0001","0","99100","99200","99400","99500","99600","99700","99800","99900","100000","100100","99000","98900","98800","98700","98600","98500","98400","98300","98200","98100","144","795","922","949","490","1113","416","543","1764","104","160","490","506","444","236","268","247","303","203","103","7240","2960","0","0","0","0","0","-99900","5","-100.00","560","-9","-9","0","0","","0","0","0","","",""
"080141","0002","0","99100","99200","99400","99500","99600","99700","99800","99900","100000","100100","99000","98900","98800","98700","98600","98500","98400","98300","98200","98100","144","795","922","949","490","1113","416","543","1764","104","260","490","506","444","236","268","247","303","203","103","7240","3060","0","0","0","0","0","-99900","5","-100.00","560","0","100","0","0","","0","0","0","","",""
"080142","0000","0","99100","99200","99400","99500","99600","99700","99800","99900","100000","100100","99000","98900","98800","98700","98600","98500","98400","98300","98200","98100","144","795","922","949","490","1113","416","543","1764","104","260","490","512","444","236","268","247","310","203","103","7240","3073","0","0","0","0","0","-99900","5","-100.00","560","0","13","0","0","","0","0","0","","",""
"080143","0000","0","99100","99200","99400","99500","99600","99700","99800","99900","100000","100100","99000","98900","98800","98700","98600","98500","98400","98300","98200","98100","144","795","922","949","490","1113","416","543","1776","104","260","490","512","444","236","268","247","310","203","103","7252","3073","0","0","0","0","0","-99900","5","-100.00","560","12","0","0","0","","0","0","0","","",""
"080143","0001","0","99100","99200","99400","99500","99600","99700","99800","99900","100000","100100","99000","98900","98800","98700","98600","98500","98400","98300","98200","98100","156","795","922","949","490","1113","416","543","1776","104","260","490","512","444","236","268","247","310","203","103","7264","3073","0","0","0","0","0","-99900","5","-100.00","560","12","0","0","0","","0","0","0","","",""
"080144","0000","0","99100","99200","99400","99500","99600","99700","99800","99900","100000","100100","99000","98900","98800","98700","98600","98500","98400","98300","98200","98100","156","795","922","949","490","1113","416","543","1776","104","260","490","512","445","236","268","247","310","203","103","7264","3074","0","0","0","0","0","-99900","5","-100.00","560","0","1","0","0","","0","0","0","","",""
"080144","0001","0","99100","99200","99400","99500","99600","99700","99800","99900","100000","100100","99000","98900","98800","98700","98600","98500","98400","98300","98200","98100","161","790","922","949","490","1113","416","543","1776","104","260","490","512","445","236","268","247","310","203","103","7264","3074","0","0","0","0","0","-99900","5","-100.00","560","0","0","0","0","","0","0","0","","",""
"080144","0002","0","99100","99200","99400","99500","99600","99700","99800","99900","100000","100100","99000","98900","98800","98700","98600","98500","98400","98300","98200","98100","161","790","922","949","490","1113","416","543","1776","104","260","490","502","445","236","268","247","310","203","103","7264","3064","0","0","0","0","0","-99900","5","-100.00","560","0","-10","0","0","","0","0","0","","",""
"080145","0000","0","99100","99200","99400","99500","99600","99700","99800","99900","100000","100100","99000","98900","98800","98700","98600","98500","98400","98300","98200","98100","162","790","922","949","490","1113","416","543","1776","104","260","490","502","445","236","268","247","310","203","103","7265","3064","0","0","0","0","0","-99900","5","-100.00","560","1","0","0","0","","0","0","0","","",""
"080145","0001","0","99100","99200","99400","99500","99600","99700","99800","99900","100000","100100","99000","98900","98800","98700","98600","98500","98400","98300","98200","98100","162","790","922","949","490","1113","416","543","1776","104","261","490","502","445","236","268","247","310","203","103","7265","3065","0","0","0","0","0","-99900","5","-100.00","560","0","1","0","0","","0","0","0","","",""
"080146","0000","0","99100","99200","99400","99500","99600","99700","99800","99900","100000","100100","99000","98900","98800","98700","98600","98500","98400","98300","98200","98100","162","790","922","949","490","1113","416","543","1776","104","261","490","502","445","237","268","247","310","203","103","7265","3066","0","0","0","0","0","-99900","5","-100.00","560","0","1","0","0","","0","0","0","","",""
"080147","0000","0","99100","99200","99400","99500","99600","99700","99800","99900","100000","100100","99000","98900","98800","98700","98600","98500","98400","98300","98200","98100","162","790","922","949","490","1113","416","543","1776","104","261","490","502","445","237","268","247","312","203","103","7265","3068","0","0","0","0","0","-99900","5","-100.00","560","0","2","0","0","","0","0","0","","",""
"080147","0001","0","99100","99200","99400","99500","99600","99700","99800","99900","100000","100100","99000","98900","98800","98700","98600","98500","98400","98300","98200","98100","162","790","922","949","491","1113","416","543","1776","104","261","490","502","445","237","268","247","312","203","103","7266","3068","0","0","0","0","0","-99900","5","-100.00","560","1","0","0","0","","0","0","0","","",""
"080148","0000","0","99100","99200","99400","99500","99600","99700","99800","99900","100000","100100","99000","98900","98800","98700","98600","98500","98400","98300","98200","98100","51","790","922","949","491","1113","416","543","1776","104","261","490","502","445","237","268","247","312","403","103","7155","3268","0","0","0","0","0","-99900","5","-100.00","671","-111","200","0","0","","0","0","0","","",""
"080148","0001","0","99100","99200","99400","99500","99600","99700","99800","99900","100000","100100","99000","98900","98800","98700","98600","98500","98400","98300","98200","98100","51","790","922","949","491","1113","416","543","1776","104","261","490","504","445","237","268","247","312","403","103","7155","3270","0","0","0","0","0","-99900","5","-100.00","671","0","2","0","0","","0","0","0","","",""
"080150","0000","0","99100","99200","99400","99500","99600","99700","99800","99900","100000","100100","99000","98900","98800","98700","98600","98500","98400","98300","98200","98100","51","790","922","949","491","1113","416","543","1776","104","261","490","504","445","237","268","247","312","403","153","7155","3320","0","0","0","0","0","-99900","5","-100.00","671","0","50","0","0","","0","0","0","","",""
"080150","0001","0","99100","99200","99400","99500","99600","99700","99800","99900","100000","100100","99000","98900","98800","98700","98600","98500","98400","98300","98200","98100","51","790","922","949","491","1113","416","543","1776","104","261","490","554","445","237","268","247","312","403","353","7155","3570","0","0","0","0","0","-99900","5","-100.00","671","0","250","0","0","","0","0","0","","",""
"080151","0000","0","99100","99200","99400","99500","99600","99700","99800","99900","100000","100100","99000","98900","98800","98700","98600","98500","98400","98300","98200","98100","51","790","922","949","491","1113","416","543","1776","104","561","490","555","445","237","268","247","312","403","353","7155","3871","0","0","0","0","0","-99900","5","-100.00","671","0","301","0","0","","0","0","0","","",""
"080151","0001","0","99100","99200","99400","99500","99600","99700","99800","99900","100000","100100","99000","98900","98800","98700","98600","98500","98400","98300","98200","98100","76","790","922","949","491","1113","416","543","1776","104","561","490","555","445","237","268","247","312","403","353","7180","3871","0","0","0","0","0","-99900","5","-100.00","671","25","0","0","0","","0","0","0","","",""
"080152","0000","0","99100","99200","99400","99500","99600","99700","99800","99900","100000","100100","99000","98900","98800","98700","98600","98500","98400","98300","98200","98100","72","790","922","949","491","1113","416","543","1776","104","561","490","555","445","237","268","247","312","403","353","7176","3871","0","0","0","0","0","-99900","5","-100.00","675","-4","0","0","0","","0","0","0","","",""
"080153","0000","0","99100","99200","99400","99500","99600","99700","99800","99900","100000","100100","99000","98900","98800","98700","98600","98500","98400","98300","98200","98100","72","790","922","949","491","1113","416","543","1776","104","561","490","555","445","237","273","247","312","403","353","7176","3876","0","0","0","0","0","-99900","5","-100.00","675","0","5","0","0","","0","0","0","","",""
"080153","0001","0","99100","99200","99400","99500","99600","99700","99800","99900","100000","100100","99000","98900","98800","98700","98600","98500","98400","98300","98200","98100","72","790","922","949","491","1113","416","543","1776","104","561","490","555","445","237","273","247","312","403","374","7176","3897","0","0","0","0","0","-99900","5","-100.00","675","0","21","0","0","","0","0","0","","",""
"080154","0000","0","99100","99200","99400","99500","99600","99700","99800","99900","100000","100100","99000","98900","98800","98700","98600","98500","98400","98300","98200","98100","72","790","922","949","491","1113","416","543","1776","104","566","490","555","445","237","273","247","312","403","374","7176","3902","0","0","0","0","0","-99900","5","-100.00","675","0","5","0","0","","0","0","0","","",""
"080154","0001","0","99100","99200","99400","99500","99600","99700","99800","99900","100000","100100","99000","98900","98800","98700","98600","98500","98400","98300","98200","98100","53","790","922","949","491","1113","416","543","1776","104","566","490","555","445","237","273","247","312","403","374","7157","3902","0","0","0","0","0","-99900","5","-100.00","695","-19","0","0","0","","0","0","0","","",""
"080154","0002","0","99100","99200","99400","99500","99600","99700","99800","99900","100000","100100","99000","98900","98800","98700","98600","98500","98400","98300","98200","98100","41","790","922","949","491","1113","416","543","1776","104","566","490","555","445","237","273","297","312","403","374","7145","3952","0","0","0","0","0","-99900","5","-100.00","695","-12","50","0","0","","0","0","0","","",""
"080155","0000","0","99200","99400","99500","99600","99700","99800","99900","100000","100100","100200","99100","99000","98900","98800","98700","98600","98500","98400","98300","98200","790","922","949","491","1113","416","543","1776","104","20","59","566","490","555","445","237","273","297","312","403","7124","3637","0","0","0","0","0","-99900","5","-100.00","736","-21","-315","0","0","","0","0","0","","",""
"080156","0000","0","99200","99400","99500","99600","99700","99800","99900","100000","100100","100200","99100","99000","98900","98800","98700","98600","98500","98400","98300","98200","790","922","949","491","1113","416","543","1776","104","20","59","566","490","555","445","237","283","297","312","403","7124","3647","0","0","0","0","0","-99900","5","-100.00","736","0","10","0","0","","0","0","0","","",""
"080156","0001","0","99200","99400","99500","99600","99700","99800","99900","100000","100100","100200","99100","99000","98900","98800","98700","98600","98500","98400","98300","98200","790","922","949","491","1113","416","543","1776","104","20","59","566","490","555","445","238","283","297","312","403","7124","3648","0","0","0","0","0","-99900","5","-100.00","736","0","1","0","0","","0","0","0","","",""
"080157","0000","0","99200","99400","99500","99600","99700","99800","99900","100000","100100","100200","99100","99000","98900","98800","98700","98600","98500","98400","98300","98200","790","922","949","491","1113","436","543","1776","104","20","60","566","490","555","445","238","283","297","312","403","7144","3649","0","0","0","0","0","-99900","5","-100.00","736","20","1","0","0","","0","0","0","","",""
"080157","0001","0","99200","99400","99500","99600","99700","99800","99900","100000","100100","100200","99100","99000","98900","98800","98700","98600","98500","98400","98300","98200","790","922","949","491","1113","436","543","1776","104","20","61","566","490","555","445","238","283","297","312","403","7144","3650","0","0","0","0","0","-99900","5","-100.00","736","0","1","0","0","","0","0","0","","",""
"080157","0002","0","99200","99400","99500","99600","99700","99800","99900","100000","100100","100200","99100","99000","98900","98800","98700","98600","98500","98400","98300","98200","790","922","949","491","1113","436","543","1776","104","20","111","566","490","555","445","238","283","297","312","403","7144","3700","0","0","0","0","0","-99900","5","-100.00","736","0","50","0","0","","0","0","0","","",""
"080157","0003","0","99200","99400","99500","99600","99700","99800","99900","100000","100100","100200","99100","99000","98900","98800","98700","98600","98500","98400","98300","98200","790","922","949","491","1113","436","543","1776","104","20","111","628","490","555","445","238","283","297","312","403","7144","3762","0","0","0","0","0","-99900","5","-100.00","736","0","62","0","0","","0","0","0","","",""
"080158","0000","0","99200","99400","99500","99600","99700","99800","99900","100000","100100","100200","99100","99000","98900","98800","98700","98600","98500","98400","98300","98200","790","922","949","491","1113","436","543","1776","104","20","111","628","490","550","445","243","283","297","312","403","7144","3762","0","0","0","0","0","-99900","5","-100.00","736","0","0","0","0","","0","0","0","","",""
"080158","0001","0","99100","99200","99400","99500","99600","99700","99800","99900","100000","100100","99000","98900","98800","98700","98600","98500","98400","98300","98200","98100","84","790","722","949","491","1113","436","543","1776","104","628","490","550","445","243","283","297","312","403","374","7008","4025","0","0","0","0","0","-99900","5","-100.00","852","-136","263","0","0","","0","0","0","","",""
"080159","0000","0","99100","99200","99400","99500","99600","99700","99800","99900","100000","100100","99000","98900","98800","98700","98600","98500","98400","98300","98200","98100","84","790","722","949","491","1113","436","543","1776","104","629","490","550","445","243","284","297","312","403","374","7008","4027","0","0","0","0","0","-99900","5","-100.00","852","0","2","0","0","","0","0","0","","",""
"080159","0001","0","99100","99200","99400","99500","99600","99700","99800","99900","100000","100100","99000","98900","98800","98700","98600","98500","98400","98300","98200","98100","79","790","722","949","491","1113","436","543","1776","104","629","490","550","445","243","284","297","312","403","374","7003","4027","0","0","0","0","0","-99900","5","-100.00","857","-5","0","0","0","","0","0","0","","",""
"080200","0000","0","99100","99200","99400","99500","99600","99700","99800","99900","100000","100100","99000","98900","98800","98700","98600","98500","98400","98300","98200","98100","79","790","722","949","491","1113","436","543","1776","104","629","490","550","445","243","284","297","312","408","369","7003","4027","0","0","0","0","0","-99900","5","-100.00","857","0","0","0","0","","0","0","0","","",""
"080200","0001","0","99100","99200","99400","99500","99600","99700","99800","99900","100000","100100","99000","98900","98800","98700","98600","98500","98400","98300","98200","98100","79","790","722","949","491","1113","436","543","1776","104","629","510","550","445","243","284","297","312","408","369","7003","4047","0","0","0","0","0","-99900","5","-100.00","857","0","20","0","0","","0","0","0","","",""
"080200","0002","0","99100","99200","99400","99500","99600","99700","99800","99900","100000","100100","99000","98900","98800","98700","98600","98500","98400","98300","98200","98100","79","790","722","949","491","1113","436","543","1975","104","629","510","550","445","243","284","297","312","408","369","7202","4047","0","0","0","0","0","-99900","5","-100.00","857","199","0","0","0","","0","0","0","","",""
"080200","0003","0","99100","99200","99400","99500","99600","99700","99800","99900","100000","100100","99000","98900","98800","98700","98600","98500","98400","98300","98200","98100","79","790","722","949","491","1113","436","543","1975","104","629","510","550","445","243","334","297","312","408","369","7202","4097","0","0","0","0","0","-99900","5","-100.00","857","0","50","0","0","","0","0","0","","",""
"080201","0000","0","99100","99200","99400","99500","99600","99700","99800","99900","100000","100100","99000","98900","98800","98700","98600","98500","98400","98300","98200","98100","89","790","722","949","491","1113","436","543","1975","104","629","511","550","445","243","334","297","312","408","369","7212","4098","0","0","0","0","0","-99900","5","-100.00","857","10","1","0","0","","0","0","0","","",""
"080201","0001","0","99100","99200","99400","99500","99600","99700","99800","99900","100000","100100","99000","98900","98800","98700","98600","98500","98400","98300","98200","98100","88","790","778","949","491","1113","436","543","1975","104","629","511","550","445","243","334","297","312","408","369","7267","4098","0","0","0","0","0","-99900","5","-100.00","858","55","0","0","0","","0","0","0","","",""
"080202","0000","0","99100","99200","99400","99500","99600","99700","99800","99900","100000","100100","99000","98900","98800","98700","98600","98500","98400","98300","98200","98100","88","790","778","949","491","1113","436","543","1975","104","629","511","550","645","243","334","297","312","408","369","7267","4298","0","0","0","0","0","-99900","5","-100.00","858","0","200","0","0","","0","0","0","","",""
"080202","0001","0","99100","99200","99400","99500","99600","99700","99800","99900","100000","100100","99000","98900","98800","98700","98600","98500","98400","98300","98200","98100","88","790","778","949","491","1113","436","543","1975","104","629","511","550","645","243","334","298","312","408","369","7267","4299","0","0","0","0","0","-99900","5","-100.00","858","0","1","0","0","","0","0","0","","",""
"080203","0000","0","99100","99200","99400","99500","99600","99700","99800","99900","100000","100100","99000","98900","98800","98700","98600","98500","98400","98300","98200","98100","83","790","778","949","491","1113","436","543","1975","104","629","511","550","645","243","334","298","312","408","369","7262","4299","0","0","0","0","0","-99900","5","-100.00","863","-5","0","0","0","","0","0","0","","",""
"080203","0001","0","99100","99200","99400","99500","99600","99700","99800","99900","100000","100100","99000","98900","98800","98700","98600","98500","98400","98300","98200","98100","81","790","778","949","491","1113","436","543","1975","104","629","511","550","645","243","334","298","312","408","369","7260","4299","0","0","0","0","0","-99900","5","-100.00","865","-2","0","0","0","","0","0","0","","",""
"080203","0002","0","99100","99200","99400","99500","99600","99700","99800","99900","100000","100100","99000","98900","98800","98700","98600","98500","98400","98300","98200","98100","69","790","778","949","491","1113","436","543","1975","104","629","511","550","645","243","334","298","312","408","369","7248","4299","0","0","0","0","0","-99900","5","-100.00","865","-12","0","0","0","","0","0","0","","",""
"080204","0000","0","99100","99200","99400","99500","99600","99700","99800","99900","100000","100100","99000","98900","98800","98700","98600","98500","98400","98300","98200","98100","68","790","778","949","491","1113","436","543","1975","104","629","511","550","645","243","334","298","312","408","369","7247","4299","0","0","0","0","0","-99900","5","-100.00","878","-1","0","0","0","","0","0","0","","",""
"080205","0000","0","99100","99200","99400","99500","99600","99700","99800","99900","100000","100100","99000","98900","98800","98700","98600","98500","98400","98300","98200","98100","68","790","778","949","491","1113","436","543","1975","104","629","511","550","645","243","334","298","313","458","369","7247","4350","0","0","0","0","0","-99900","5","-100.00","878","0","51","0","0","","0","0","0","","",""
"080206","0000","0","99100","99200","99400","99500","99600","99700","99800","99900","100000","100100","99000","98900","98800","98700","98600","98500","98400","98300","98200","98100","816","42","778","949","491","1113","436","543","1975","104","629","511","550","645","243","334","298","313","458","369","7247","4350","0","0","0","0","0","-99900","5","-100.00","878","0","0","0","0","","0","0","0","","",""
"080206","0001","0","99100","99200","99400","99500","99600","99700","99800","99900","100000","100100","99000","98900","98800","98700","98600","98500","98400","98300","98200","98100","806","42","779","949","491","1113","436","543","1975","104","629","511","550","645","263","334","298","313","458","369","7238","4370","0","0","0","0","0","-99900","5","-100.00","888","-9","20","0","0","","0","0","0","","",""
"080206","0002","0","99100","99200","99400","99500","99600","99700","99800","99900","100000","100100","99000","98900","98800","98700","98600","98500","98400","98300","98200","98100","804","42","779","949","491","1113","436","543","1975","104","629","511","550","645","263","334","298","313","458","369","7236","4370","0","0","0","0","0","-99900","5","-100.00","890","-2","0","0","0","","0","0","0","","",""
"080207","0000","0","99100","99200","99400","99500","99600","99700","99800","99900","100000","100100","99000","98900","98800","98700","98600","98500","98400","98300","98200","98100","798","42","779","949","491","1113","436","543","1975","104","629","513","550","645","263","334","298","311","461","369","7230","4373","0","0","0","0","0","-99900","5","-100.00","896","-6","3","0","0","","0","0","0","","",""
"080208","0000","0","99100","99200","99400","99500","99600","99700","99800","99900","100000","100100","99000","98900","98800","98700","98600","98500","98400","98300","98200","98100","798","42","779","949","491","1113","436","543","1975","104","629","513","550","645","263","334","298","311","461","371","7230","4375","0","0","0","0","0","-99900","5","-100.00","896","0","2","0","0","","0","0","0","","",""
"080208","0001","0","99100","99200","99400","99500","99600","99700","99800","99900","100000","100100","99000","98900","98800","98700","98600","98500","98400","98300","98200","98100","798","42","779","949","491","1113","436","543","1975","104","629","513","550","645","263","344","298","311","461","371","7230","4385","0","0","0","0","0","-99900","5","-100.00","896","0","10","0","0","","0","0","0","","",""
"080209","0000","0","99100","99200","99400","99500","99600","99700","99800","99900","100000","100100","99000","98900","98800","98700","98600","98500","98400","98300","98200","98100","798","42","779","949","526","1113","436","543","1975","104","629","513","550","645","263","344","298","311","461","371","7265","4385","0","0","0","0","0","-99900","5","-100.00","896","35","0","0","0","","0","0","0","","",""
"080210","0000","0","99100","99200","99400","99500","99600","99700","99800","99900","100000","100100","99000","98900","98800","98700","98600","98500","98400","98300","98200","98100","778","42","779","949","526","1113","436","543","1975","104","629","513","550","645","263","344","298","311","461","371","7245","4385","0","0","0","0","0","-99900","5","-100.00","916","-20","0","0","0","","0","0","0","","",""
"080210","0001","0","99100","99200","99400","99500","99600","99700","99800","99900","100000","100100","99000","98900","98800","98700","98600","98500","98400","98300","98200","98100","778","42","779","949","526","1113","436","543","1975","104","629","513","550","645","263","344","298","311","461","372","7245","4386","0","0","0","0","0","-99900","5","-100.00","916","0","1","0","0","","0","0","0","","",""
"080211","0000","0","99100","99200","99400","99500","99600","99700","99800","99900","100000","100100","99000","98900","98800","98700","98600","98500","98400","98300","98200","98100","778","42","779","949","526","1113","436","543","1975","104","629","513","550","645","263","344","298","311","461","374","7245","4388","0","0","0","0","0","-99900","5","-100.00","916","0","2","0","0","","0","0","0","","",""
"080211","0001","0","99100","99200","99400","99500","99600","99700","99800","99900","100000","100100","99000","98900","98800","98700","98600","98500","98400","98300","98200","98100","778","42","779","949","526","1113","436","543","1975","104","629","513","550","645","263","344","295","311","461","377","7245","4388","0","0","0","0","0","-99900","5","-100.00","916","0","0","0","0","","0","0","0","","",""
"080212","0000","0","99100","99200","99400","99500","99600","99700","99800","99900","100000","100100","99000","98900","98800","98700","98600","98500","98400","98300","98200","98100","778","42","779","949","526","1113","436","543","1975","104","629","513","550","645","263","344","295","311","461","577","7245","4588","0","0","0","0","0","-99900","5","-100.00","916","0","200","0","0","","0","0","0","","",""
"080212","0001","0","99100","99200","99400","99500","99600","99700","99800","99900","100000","100100","99000","98900","98800","98700","98600","98500","98400","98300","98200","98100","778","42","779","949","526","1113","436","543","1975","104","630","513","550","645","263","344","295","311","461","577","7245","4589","0","0","0","0","0","-99900","5","-100.00","916","0","1","0","0","","0","0","0","","",""
"080213","0000","0","99100","99200","99400","99500","99600","99700","99800","99900","100000","100100","99000","98900","98800","98700","98600","98500","98400","98300","98200","98100","778","42","779","949","526","1113","436","543","1975","104","630","513","550","645","263","394","295","311","461","577","7245","4639","0","0","0","0","0","-99900","5","-100.00","916","0","50","0","0","","0","0","0","","",""
"080213","0001","0","99100","99200","99400","99500","99600","99700","99800","99900","100000","100100","99000","98900","98800","98700","98600","98500","98400","98300","98200","98100","778","42","779","949","526","1113","436","543","1975","104","631","513","550","645","263","394","295","311","461","577","7245","4640","0","0","0","0","0","-99900","5","-100.00","916","0","1","0","0","","0","0","0","","",""
"080213","0002","0","99100","99200","99400","99500","99600","99700","99800","99900","100000","100100","99000","98900","98800","98700","98600","98500","98400","98300","98200","98100","778","42","779","949","526","1113","436","543","1975","104","636","513","550","645","263","394","295","311","461","577","7245","4645","0","0","0","0","0","-99900","5","-100.00","916","0","5","0","0","","0","0","0","","",""
"080214","0000","0","99100","99200","99400","99500","99600","99700","99800","99900","100000","100100","99000","98900","98800","98700","98600","98500","98400","98300","98200","98100","778","42","779","949","526","1113","436","543","1975","104","636","514","550","645","263","394","295","311","461","577","7245","4646","0","0","0","0","0","-99900","5","-100.00","916","0","1","0","0","","0","0","0","","",""
"080216","0000","0","99100","99200","99400","99500","99600","99700","99800","99900","100000","100100","99000","98900","98800","98700","98600","98500","98400","98300","98200","98100","773","42","779","949","526","1113","436","543","1975","104","636","514","550","645","263","394","295","311","461","577","7240","4646","0","0","0","0","0","-99900","5","-100.00","921","-5","0","0","0","","0","0","0","","",""
"080216","0001","0","99100","99200","99400","99500","99600","99700","99800","99900","100000","100100","99000","98900","98800","98700","98600","98500","98400","98300","98200","98100","783","42","779","949","526","1113","436","543","1975","104","636","514","550","645","263","395","295","311","461","577","7250","4647","0","0","0","0","0","-99900","5","-100.00","921","10","1","0","0","","0","0","0","","",""
"080217","0000","0","99100","99200","99400","99500","99600","99700","99800","99900","100000","100100","99000","98900","98800","98700","98600","98500","98400","98300","98200","98100","783","42","779","949","526","1113","436","543","1975","104","636","514","551","645","263","395","295","311","461","577","7250","4648","0","0","0","0","0","-99900","5","-100.00","921","0","1","0","0","","0","0","0","","",""
"080219","0000","0","99100","99200","99400","99500","99600","99700","99800","99900","100000","100100","99000","98900","98800","98700","98600","98500","98400","98300","98200","98100","783","42","779","949","526","1113","436","543","1975","104","637","514","551","645","263","395","295","311","461","577","7250","4649","0","0","0","0","0","-99900","5","-100.00","921","0","1","0","0","","0","0","0","","",""
"080219","0001","0","99100","99200","99400","99500","99600","99700","99800","99900","100000","100100","99000","98900","98800","98700","98600","98500","98400","98300","98200","98100","778","42","779","949","526","1113","436","543","1975","104","639","514","551","645","263","395","295","311","461","577","7245","4651","0","0","0","0","0","-99900","5","-100.00","926","-5","2","0","0","","0","0","0","","",""
"080220","0000","0","99100","99200","99400","99500","99600","99700","99800","99900","100000","100100","99000","98900","98800","98700","98600","98500","98400","98300","98200","98100","778","42","779","949","526","1113","436","543","1975","104","639","514","549","647","263","395","295","311","461","577","7245","4651","0","0","0","0","0","-99900","5","-100.00","926","0","0","0","0","","0","0","0","","",""
"080221","0000","0","99100","99200","99400","99500","99600","99700","99800","99900","100000","100100","99000","98900","98800","98700","98600","98500","98400","98300","98200","98100","778","42","779","949","526","1113","436","543","1975","104","639","514","549","647","263","397","295","311","461","577","7245","4653","0","0","0","0","0","-99900","5","-100.00","926","0","2","0","0","","0","0","0","","",""
"080221","0001","0","99100","99200","99400","99500","99600","99700","99800","99900","100000","100100","99000","98900","98800","98700","98600","98500","98400","98300","98200","98100","778","42","779","949","526","1113","436","543","1975","104","689","514","549","647","243","397","295","331","461","577","7245","4703","0","0","0","0","0","-99900","5","-100.00","926","0","50","0","0","","0","0","0","","",""
"080222","0000","0","99100","99200","99400","99500","99600","99700","99800","99900","100000","100100","99000","98900","98800","98700","98600","98500","98400","98300","98200","98100","777","42","779","949","526","1113","436","543","1975","104","689","514","549","647","243","397","295","331","461","577","7244","4703","0","0","0","0","0","-99900","5","-100.00","927","-1","0","0","0","","0","0","0","","",""
"080222","0001","0","99100","99200","99400","99500","99600","99700","99800","99900","100000","100100","99000","98900","98800","98700","98600","98500","98400","98300","98200","98100","776","42","779","949","526","1113","436","543","1975","104","689","515","549","647","243","397","295","331","461","577","7243","4704","0","0","0","0","0","-99900","5","-100.00","928","-1","1","0","0","","0","0","0","","",""
"080223","0000","0","99100","99200","99400","99500","99600","99700","99800","99900","100000","100100","99000","98900","98800","98700","98600","98500","98400","98300","98200","98100","775","42","779","949","526","1113","436","543","1975","104","689","515","549","647","243","397","295","331","461","577","7242","4704","0","0","0","0","0","-99900","5","-100.00","929","-1","0","0","0","","0","0","0","","",""
"080223","0001","0","99100","99200","99400","99500","99600","99700","99800","99900","100000","100100","99000","98900","98800","98700","98600","98500","98400","98300","98200","98100","775","42","779","949","526","1113","436","543","1975","104","690","517","549","647","243","397","295","331","461","577","7242","4707","0","0","0","0","0","-99900","5","-100.00","929","0","3","0","0","","0","0","0","","",""
"080225","0000","0","99100","99200","99400","99500","99600","99700","99800","99900","100000","100100","99000","98900","98800","98700","98600","98500","98400","98300","98200","98100","775","50","779","949","526","1113","436","543","1975","104","689","517","549","647","243","397","295","331","461","577","7250","4706","0","0","0","0","0","-99900","5","-100.00","930","8","-1","0","0","","0","0","0","","",""
"080228","0000","0","99100","99200","99400","99500","99600","99700","99800","99900","100000","100100","99000","98900","98800","98700","98600","98500","98400","98300","98200","98100","775","50","779","949","526","1113","436","543","1975","104","694","517","549","647","243","397","295","331","461","577","7250","4711","0","0","0","0","0","-99900","5","-100.00","930","0","5","0","0","","0","0","0","","",""
"080228","0001","0","99100","99200","99400","99500","99600","99700","99800","99900","100000","100100","99000","98900","98800","98700","98600","98500","98400","98300","98200","98100","775","50","779","949","526","1113","436","543","1975","104","694","517","551","647","243","397","295","331","461","577","7250","4713","0","0","0","0","0","-99900","5","-100.00","930","0","2","0","0","","0","0","0","","",""
"080228","0002","0","99100","99200","99400","99500","99600","99700","99800","99900","100000","100100","99000","98900","98800","98700","98600","98500","98400","98300","98200","98100","775","50","779","949","526","1113","436","543","1975","104","694","517","551","547","243","397","295","331","461","577","7250","4613","0","0","0","0","0","-99900","5","-100.00","930","0","-100","0","0","","0","0","0","","",""
"080229","0000","0","99100","99200","99400","99500","99600","99700","99800","99900","100000","100100","99000","98900","98800","98700","98600","98500","98400","98300","98200","98100","799","50","779","949","526","1113","436","543","1975","104","694","517","551","547","243","397","295","331","461","577","7274","4613","0","0","0","0","0","-99900","5","-100.00","930","24","0","0","0","","0","0","0","","",""
"080230","0000","0","99100","99200","99400","99500","99600","99700","99800","99900","100000","100100","99000","98900","98800","98700","98600","98500","98400","98300","98200","98100","799","50","779","949","526","1113","436","543","1975","104","694","516","551","547","243","397","295","331","461","577","7274","4612","0","0","0","0","0","-99900","5","-100.00","930","0","-1","0","0","","0","0","0","","",""
"080230","0001","0","99100","99200","99400","99500","99600","99700","99800","99900","100000","100100","99000","98900","98800","98700","98600","98500","98400","98300","98200","98100","799","50","779","949","526","1113","436","543","1975","104","695","516","551","548","243","397","295","331","461","577","7274","4614","0","0","0","0","0","-99900","5","-100.00","930","0","2","0","0","","0","0","0","","",""
"080231","0000","0","99100","99200","99400","99500","99600","99700","99800","99900","100000","100100","99000","98900","98800","98700","98600","98500","98400","98300","98200","98100","799","50","779","949","526","1113","436","543","1975","104","697","516","551","548","243","397","295","331","461","577","7274","4616","0","0","0","0","0","-99900","5","-100.00","930","0","2","0","0","","0","0","0","","",""
"080231","0001","0","99100","99200","99400","99500","99600","99700","99800","99900","100000","100100","99000","98900","98800","98700","98600","98500","98400","98300","98200","98100","799","50","779","949","526","1113","436","543","1975","104","697","516","553","548","243","397","295","331","461","577","7274","4618","0","0","0","0","0","-99900","5","-100.00","930","0","2","0","0","","0","0","0","","",""
"080232","0000","0","99100","99200","99400","99500","99600","99700","99800","99900","100000","100100","99000","98900","98800","98700","98600","98500","98400","98300","98200","98100","775","50","779","949","526","1113","436","543","1975","104","697","516","553","548","243","397","295","331","461","577","7250","4618","0","0","0","0","0","-99900","5","-100.00","930","-24","0","0","0","","0","0","0","","",""
"080233","0000","0","99100","99200","99400","99500","99600","99700","99800","99900","100000","100100","99000","98900","98800","98700","98600","98500","98400","98300","98200","98100","775","50","779","949","526","1113","436","543","1975","104","697","517","553","548","243","397","295","331","461","577","7250","4619","0","0","0","0","0","-99900","5","-100.00","930","0","1","0","0","","0","0","0","","",""
"080234","0000","0","99100","99200","99400","99500","99600","99700","99800","99900","100000","100100","99000","98900","98800","98700","98600","98500","98400","98300","98200","98100","775","50","779","949","526","1113","436","543","1975","104","697","517","553","550","243","397","295","331","461","577","7250","4621","0","0","0","0","0","-99900","5","-100.00","930","0","2","0","0","","0","0","0","","",""
"080234","0001","0","99100","99200","99400","99500","99600","99700","99800","99900","100000","100100","99000","98900","98800","98700","98600","98500","98400","98300","98200","98100","775","50","779","949","526","1113","436","543","1975","104","707","517","553","550","243","397","295","331","461","577","7250","4631","0","0","0","0","0","-99900","5","-100.00","930","0","10","0","0","","0","0","0","","",""
"080236","0000","0","99100","99200","99400","99500","99600","99700","99800","99900","100000","100100","99000","98900","98800","98700","98600","98500","98400","98300","98200","98100","775","50","779","949","526","1113","436","543","1975","104","683","517","553","550","243","397","295","331","461","577","7250","4607","0","0","0","0","0","-99900","5","-100.00","954","0","-24","0","0","","0","0","0","","",""
"080237","0000","0","99100","99200","99400","99500","99600","99700","99800","99900","100000","100100","99000","98900","98800","98700","98600","98500","98400","98300","98200","98100","775","50","779","949","526","1113","436","543","1975","104","683","519","553","550","243","397","295","331","461","577","7250","4609","0","0","0","0","0","-99900","5","-100.00","954","0","2","0","0","","0","0","0","","",""
"080237","0001","0","99100","99200","99400","99500","99600","99700","99800","99900","100000","100100","99000","98900","98800","98700","98600","98500","98400","98300","98200","98100","775","50","779","949","526","1113","436","543","1975","104","684","519","553","550","243","397","295","331","461","577","7250","4610","0","0","0","0","0","-99900","5","-100.00","954","0","1","0","0","","0","0","0","","",""
"080238","0000","0","99100","99200","99400","99500","99600","99700","99800","99900","100000","100100","99000","98900","98800","98700","98600","98500","98400","98300","98200","98100","775","50","779","949","526","1113","436","543","1975","104","684","524","553","550","243","397","295","331","461","577","7250","4615","0","0","0","0","0","-99900","5","-100.00","954","0","5","0","0","","0","0","0","","",""
"080238","0001","0","99100","99200","99400","99500","99600","99700","99800","99900","100000","100100","99000","98900","98800","98700","98600","98500","98400","98300","98200","98100","775","50","779","949","526","1113","436","543","1975","104","684","524","553","550","243","397","295","331","461","580","7250","4618","0","0","0","0","0","-99900","5","-100.00","954","0","3","0","0","","0","0","0","","",""
"080239","0000","0","99100","99200","99400","99500","99600","99700","99800","99900","100000","100100","99000","98900","98800","98700","98600","98500","98400","98300","98200","98100","775","50","779","949","526","1113","436","543","1975","104","684","586","553","550","243","397","295","331","461","580","7250","4680","0","0","0","0","0","-99900","5","-100.00","954","0","62","0","0","","0","0","0","","",""
"080240","0000","0","99100","99200","99400","99500","99600","99700","99800","99900","100000","100100","99000","98900","98800","98700","98600","98500","98400","98300","98200","98100","775","50","779","949","526","1113","436","543","1975","104","674","586","553","550","243","397","295","331","461","580","7250","4670","0","0","0","0","0","-99900","5","-100.00","954","0","-10","0","0","","0","0","0","","",""
"080242","0000","0","99100","99200","99400","99500","99600","99700","99800","99900","100000","100100","99000","98900","98800","98700","98600","98500","98400","98300","98200","98100","775","50","779","949","526","1113","436","543","1975","104","686","586","553","550","243","397","295","331","461","580","7250","4682","0","0","0","0","0","-99900","5","-100.00","954","0","12","0","0","","0","0","0","","",""
"080242","0001","0","99100","99200","99400","99500","99600","99700","99800","99900","100000","100100","99000","98900","98800","98700","98600","98500","98400","98300","98200","98100","775","50","779","949","526","1113","436","543","1975","104","686","586","551","550","243","397","295","331","461","580","7250","4680","0","0","0","0","0","-99900","5","-100.00","954","0","-2","0","0","","0","0","0","","",""
"080243","0000","0","99100","99200","99400","99500","99600","99700","99800","99900","100000","100100","99000","98900","98800","98700","98600","98500","98400","98300","98200","98100","775","50","779","949","526","1113","436","543","1975","104","686","586","553","550","243","397","295","331","461","580","7250","4682","0","0","0","0","0","-99900","5","-100.00","954","0","2","0","0","","0","0","0","","",""
