"time","millisec","HOUR_CLS_CODE","ASKP1","ASKP2","ASKP3","ASKP4","ASKP5","ASKP6","ASKP7","ASKP8","ASKP9","ASKP10","BIDP1","BIDP2","BIDP3","BIDP4","BIDP5","BIDP6","BIDP7","BIDP8","BIDP9","BIDP10","ASKP_RSQN1","ASKP_RSQN2","ASKP_RSQN3","ASKP_RSQN4","ASKP_RSQN5","ASKP_RSQN6","ASKP_RSQN7","ASKP_RSQN8","ASKP_RSQN9","ASKP_RSQN10","BIDP_RSQN1","BIDP_RSQN2","BIDP_RSQN3","BIDP_RSQN4","BIDP_RSQN5","BIDP_RSQN6","BIDP_RSQN7","BIDP_RSQN8","BIDP_RSQN9","BIDP_RSQN10","TOTAL_ASKP_RSQN","TOTAL_BIDP_RSQN","OVTM_TOTAL_ASKP_RSQN","OVTM_TOTAL_BIDP_RSQN","ANTC_CNPR","ANTC_CNQN","ANTC_VOL","ANTC_CNTG_VRSS","ANTC_CNTG_VRSS_SIGN","ANTC_CNTG_PRDY_CTRT","ACML_VOL","TOTAL_ASKP_RSQN_ICDC","TOTAL_BIDP_RSQN_ICDC","OVTM_TOTAL_ASKP_ICDC","OVTM_TOTAL_BIDP_ICDC","STCK_DEAL_CLS_CODE","KMID_PRC","KMID_TOTAL_RSQN","KMID_CLS_CODE","NMID_PRC","NMID_TOTAL_RSQN","NMID_CLS_CODE"
"080000","0000","0","0","0","0","0","0","0","0","0","0","0","261000","256000","250500","241500","230500","0","0","0","0","0","0","0","0","0","0","0","0","0","0","0","50","70","80","100","150","0","0","0","0","0","0","450","0","0","0","0","0","-270500","5","-100.00","0","0","0","0","0","","0","0","0","","",""
"080000","0001","0","0","0","0","0","0","0","0","0","0","0","264000","261000","256000","250500","248500","241500","230500","189500","0","0","0","0","0","0","0","0","0","0","0","0","1","50","70","105","41","100","150","1","0","0","0","518","0","0","0","0","0","-270500","5","-100.00","0","0","68","0","0","","0","0","0","","",""
"080001","0000","0","0","0","0","0","0","0","0","0","0","0","267000","264000","261000","257000","256000","250500","248500","241500","230500","189500","0","0","0","0","0","0","0","0","0","0","1","1","50","1","70","105","41","100","150","1","0","520","0","0","0","0","0","-270500","5","-100.00","0","0","2","0","0","","0","0","0","","",""
"080001","0001","0","279000","0","0","0","0","0","0","0","0","0","267000","264000","261000","260000","258000","257000","256000","250500","248500","241500","706","0","0","0","0","0","0","0","0","0","1","1","50","25","52","1","71","105","41","100","706","447","0","0","0","0","0","-270500","5","-100.00","0","706","-73","0","0","","0","0","0","","",""
"080001","0002","0","279000","311000","315000","329000","0","0","0","0","0","0","267000","264000","261500","261000","260000","258000","257000","256000","250500","248500","706","2","20","200","0","0","0","0","0","0","1","1","10","50","25","52","1","71","105","41","928","357","0","0","0","0","0","-270500","5","-100.00","0","222","-90","0","0","","0","0","0","","",""
"080002","0000","0","279000","311000","315000","329000","0","0","0","0","0","0","270500","267000","264000","261500","261000","260000","258000","257000","256000","250500","706","2","20","200","0","0","0","0","0","0","2","1","1","10","50","25","52","1","71","105","928","318","0","0","0","0","0","-270500","5","-100.00","0","0","-39","0","0","","0","0","0","","",""
"080002","0001","0","279000","290000","311000","315000","329000","0","0","0","0","0","270500","267000","264000","261500","261000","260500","260000","258000","257000","256000","706","4","2","20","200","0","0","0","0","0","2","1","1","10","50","10","25","52","1","71","932","223","0","0","0","0","0","-270500","5","-100.00","0","4","-95","0","0","","0","0","0","","",""
"080003","0000","0","279000","283000","290000","311000","315000","329000","0","0","0","0","270500","267000","264000","261500","261000","260500","260000","258000","257000","256000","706","13","4","2","20","200","0","0","0","0","2","1","1","10","50","10","25","52","1","71","945","223","0","0","0","0","0","-270500","5","-100.00","0","13","0","0","0","","0","0","0","","",""
"080004","0000","0","279000","283000","290000","311000","315000","329000","0","0","0","0","270500","268000","267000","264000","261500","261000","260500","260000","258000","257000","706","13","4","2","20","200","0","0","0","0","2","8","1","1","10","50","10","25","52","1","945","160","0","0","0","0","0","-270500","5","-100.00","0","0","-63","0","0","","0","0","0","","",""
"080004","0001","0","279000","283000","290000","311000","315000","329000","0","0","0","0","270500","270000","268000","267000","264000","261500","261000","260500","260000","258000","706","13","4","2","20","200","0","0","0","0","2","50","8","1","1","10","50","10","25","52","945","209","0","0","0","0","0","-270500","5","-100.00","0","0","49","0","0","","0","0","0","","",""
"080004","0002","0","279000","283000","290000","311000","315000","329000","0","0","0","0","271000","270500","270000","268000","267000","264000","261500","261000","260500","260000","706","13","4","2","20","200","0","0","0","0","32","2","50","8","1","1","10","50","10","25","945","189","0","0","0","0","0","-270500","5","-100.00","0","0","-20","0","0","","0","0","0","","",""
"080005","0000","0","279000","283000","290000","311000","315000","329000","0","0","0","0","271500","271000","270500","270000","268000","267000","264000","261500","261000","260500","708","13","4","2","20","200","0","0","0","0","2","32","2","50","8","1","1","10","50","10","947","166","0","0","0","0","0","-270500","5","-100.00","0","2","-23","0","0","","0","0","0","","",""
"080005","0001","0","279000","283000","290000","311000","315000","329000","0","0","0","0","271500","271000","270500","270000","268000","267000","264000","261500","261000","260500","708","13","4","2","20","200","0","0","0","0","2","32","2","55","8","1","1","10","50","10","947","171","0","0","0","0","0","-270500","5","-100.00","0","0","5","0","0","","0","0","0","","",""
"080005","0002","0","279000","280000","283000","290000","311000","315000","329000","0","0","0","271500","271000","270500","270000","268000","267000","264000","261500","261000","260500","708","1","13","4","2","20","200","0","0","0","2","32","2","55","8","1","1","10","50","10","948","171","0","0","0","0","0","-270500","5","-100.00","0","1","0","0","0","","0","0","0","","",""
"080005","0003","0","279000","280000","283000","290000","311000","315000","329000","0","0","0","271500","271000","270500","270000","268000","267000","264000","261500","261000","260500","708","1","13","4","2","20","200","0","0","0","2","32","2","55","8","1","1","10","70","10","948","191","0","0","0","0","0","-270500","5","-100.00","0","0","20","0","0","","0","0","0","","",""
"080006","0000","0","279000","280000","283000","290000","311000","315000","329000","0","0","0","271500","271000","270500","270000","268000","267000","264000","261500","261000","260500","738","1","13","4","2","20","200","0","0","0","2","32","2","55","8","1","1","10","70","10","978","191","0","0","0","0","0","-270500","5","-100.00","0","30","0","0","0","","0","0","0","","",""
"080007","0000","0","279000","280000","283000","290000","311000","315000","329000","0","0","0","275500","271500","271000","270500","270000","268000","267000","264000","261500","261000","738","1","13","4","2","20","200","0","0","0","1","2","32","2","55","8","1","1","10","70","978","182","0","0","0","0","0","-270500","5","-100.00","0","0","-9","0","0","","0","0","0","","",""
"080007","0001","0","279000","280000","283000","290000","311000","315000","329000","0","0","0","275500","271500","271000","270500","270000","268000","267000","264000","261500","261000","738","1","13","4","2","20","200","0","0","0","1","2","32","3","55","8","1","1","10","70","978","183","0","0","0","0","0","-270500","5","-100.00","0","0","1","0","0","","0","0","0","","",""
"080007","0002","0","279000","280000","283000","290000","311000","315000","329000","0","0","0","275500","271500","271000","270500","270000","268000","267000","264000","261500","261000","742","1","13","4","2","20","200","0","0","0","1","2","32","3","55","8","1","1","10","70","982","183","0","0","0","0","0","-270500","5","-100.00","0","4","0","0","0","","0","0","0","","",""
"080007","0003","0","279000","280000","283000","290000","311000","315000","329000","0","0","0","275500","271500","271000","270500","270000","268000","267000","264000","263000","261500","742","1","13","4","2","20","200","0","0","0","1","2","32","3","55","8","1","1","5","10","982","118","0","0","0","0","0","-270500","5","-100.00","0","0","-65","0","0","","0","0","0","","",""
"080008","0000","0","275500","279000","280000","283000","285000","290000","311000","315000","329000","0","271500","271000","270500","270000","268000","267000","264000","263000","261500","261000","3","748","1","13","5","4","2","20","200","0","2","33","3","55","8","1","1","5","10","70","996","188","0","0","0","0","0","-270500","5","-100.00","1","1","0","0","0","","0","0","0","","",""
"080008","0001","0","275500","279000","280000","283000","285000","290000","311000","315000","329000","0","271500","271000","270500","270000","269000","268000","267000","264000","263000","261500","3","748","1","13","5","4","2","20","200","0","2","33","3","55","20","8","1","1","5","10","996","138","0","0","0","0","0","-270500","5","-100.00","1","0","-50","0","0","","0","0","0","","",""
"080008","0002","0","275500","279000","280000","283000","285000","290000","311000","315000","329000","0","271500","271000","270500","270000","269000","268500","268000","267000","266500","264000","3","748","1","13","5","4","2","20","200","0","2","33","3","55","20","5","8","1","10","1","996","138","0","0","0","0","0","-270500","5","-100.00","1","0","5","0","0","","0","0","0","","",""
"080009","0000","0","275500","279000","280000","283000","285000","290000","311000","315000","329000","0","271500","271000","270500","270000","269000","268500","268000","267000","266500","264000","3","748","178","13","5","4","2","20","200","0","2","33","3","55","20","5","8","1","10","1","1173","138","0","0","0","0","0","-270500","5","-100.00","1","177","0","0","0","","0","0","0","","",""
"080009","0001","0","275500","279000","280000","283000","285000","288000","290000","311000","315000","329000","271500","271000","270500","270000","269000","268500","268000","267000","266500","264000","3","748","178","13","5","20","4","2","20","200","2","33","3","55","20","5","8","1","10","1","1193","138","0","0","0","0","0","-270500","5","-100.00","1","20","0","0","0","","0","0","0","","",""
"080010","0000","0","275500","279000","280000","283000","285000","288000","290000","311000","315000","329000","272000","271500","271000","270500","270000","269000","268500","268000","267000","266500","3","748","178","13","5","20","4","2","20","200","32","2","1","3","55","20","5","9","1","10","1193","138","0","0","0","0","0","-270500","5","-100.00","1","0","-1","0","0","","0","0","0","","",""
"080010","0001","0","275500","279000","280000","283000","285000","288000","290000","311000","315000","329000","272000","271500","271000","270500","270000","269000","268500","268000","267000","266500","3","748","178","13","5","20","4","2","20","200","32","2","1","65","55","20","5","9","1","10","1193","200","0","0","0","0","0","-270500","5","-100.00","1","0","62","0","0","","0","0","0","","",""
"080012","0000","0","275500","279000","280000","283000","285000","288000","290000","311000","314000","315000","272000","271500","271000","270500","270000","269000","268500","268000","267000","266500","3","748","178","13","5","20","4","2","1","20","32","2","1","65","55","20","5","9","1","10","994","200","0","0","0","0","0","-270500","5","-100.00","1","-199","0","0","0","","0","0","0","","",""
"080012","0001","0","275500","279000","280000","283000","285000","288000","290000","311000","314000","315000","272000","271500","271000","270500","270000","269000","268500","268000","267000","266500","3","748","178","13","15","20","4","2","1","20","32","2","1","65","55","20","5","9","1","10","1004","200","0","0","0","0","0","-270500","5","-100.00","1","10","0","0","0","","0","0","0","","",""
"080013","0000","0","275500","279000","280000","283000","285000","288000","290000","311000","314000","315000","272000","271500","271000","270500","270000","269000","268500","268000","267000","266500","5","748","178","13","15","20","4","2","1","20","32","2","1","65","55","20","5","9","1","10","1006","200","0","0","0","0","0","-270500","5","-100.00","1","2","0","0","0","","0","0","0","","",""
"080013","0001","0","275500","278500","279000","280000","283000","285000","288000","290000","311000","314000","271500","271000","270500","270000","269000","268500","268000","267000","266500","266000","5","32","748","178","13","15","20","4","2","1","2","1","65","55","20","5","9","1","10","8","1018","176","0","0","0","0","0","-270500","5","-100.00","38","12","0","0","0","","0","0","0","","",""
"080013","0002","0","274500","275000","275500","279000","280000","283000","285000","288000","290000","311000","271500","271000","270500","270000","269000","268500","268000","267000","266500","266000","32","4","5","748","178","13","15","20","4","2","2","1","65","55","20","5","9","1","10","8","1021","176","0","0","0","0","0","-270500","5","-100.00","39","-1","0","0","0","","0","0","0","","",""
"080013","0003","0","274500","275000","275500","279000","280000","283000","285000","288000","290000","311000","271000","270500","270000","269000","268500","268000","267000","266500","266000","264000","32","4","5","748","178","13","15","20","4","2","1","65","55","20","5","9","1","10","8","1","1021","175","0","0","0","0","0","-270500","5","-100.00","39","0","-1","0","0","","0","0","0","","",""
"080013","0004","0","274500","275000","275500","279000","280000","283000","285000","288000","290000","311000","271000","270500","270000","269000","268500","268000","267000","266500","266000","264000","32","4","5","750","178","13","15","20","4","2","1","65","55","20","5","9","1","10","8","1","1023","175","0","0","0","0","0","-270500","5","-100.00","39","2","0","0","0","","0","0","0","","",""
"080014","0000","0","274500","275000","275500","276500","279000","280000","283000","285000","288000","290000","271000","270500","270000","269000","268500","268000","267000","266500","266000","264000","32","4","5","40","750","178","13","15","20","4","1","65","55","20","5","9","1","10","8","1","1061","175","0","0","0","0","0","-270500","5","-100.00","39","38","0","0","0","","0","0","0","","",""
"080014","0001","0","274500","275000","275500","276500","279000","280000","283000","285000","288000","290000","271000","270500","270000","269000","268500","268000","267000","266500","266000","264000","32","4","5","40","750","178","13","15","20","4","1","65","55","20","5","9","1","10","60","1","1061","227","0","0","0","0","0","-270500","5","-100.00","39","0","52","0","0","","0","0","0","","",""
"080014","0002","0","274500","275000","275500","276500","279000","280000","283000","285000","288000","290000","271500","271000","270500","270000","269000","268500","268000","267000","266500","266000","32","4","5","40","750","178","13","15","20","4","30","1","65","55","20","5","9","1","10","60","1061","256","0","0","0","0","0","-270500","5","-100.00","39","0","29","0","0","","0","0","0","","",""
"080016","0000","0","274500","275000","275500","276500","279000","280000","283000","285000","288000","290000","271500","271000","270500","270000","269000","268500","268000","267000","266500","266000","32","4","9","40","750","178","13","15","20","7","30","1","65","55","20","5","9","1","10","60","1068","256","0","0","0","0","0","-270500","5","-100.00","39","3","0","0","0","","0","0","0","","",""
"080016","0001","0","274500","275000","275500","276500","279000","280000","283000","285000","288000","290000","271500","271000","270500","270000","269000","268500","268000","267000","266500","266000","32","4","9","40","750","178","13","15","20","8","30","1","65","55","20","5","9","1","10","60","1069","256","0","0","0","0","0","-270500","5","-100.00","39","1","0","0","0","","0","0","0","","",""
"080017","0000","0","274500","275000","275500","276500","279000","280000","283000","285000","288000","290000","271500","271000","270500","270000","269000","268500","268000","267000","266500","266000","32","4","19","40","750","178","13","15","20","8","30","1","65","55","20","5","9","1","10","60","1079","256","0","0","0","0","0","-270500","5","-100.00","39","10","0","0","0","","0","0","0","","",""
"080017","0001","0","274500","275000","275500","276500","279000","280000","283000","285000","288000","290000","271500","271000","270500","270000","269000","268500","268000","267000","266500","266000","31","4","36","40","750","178","13","15","20","8","30","1","65","55","20","5","9","1","10","60","1095","256","0","0","0","0","0","-270500","5","-100.00","40","17","0","0","0","","0","0","0","","",""
"080018","0000","0","274500","275000","275500","276500","279000","280000","283000","285000","288000","290000","271500","271000","270500","270000","269000","268500","268000","267000","266500","266000","31","4","36","40","750","178","13","15","20","8","30","1","65","55","40","5","9","1","10","60","1095","276","0","0","0","0","0","-270500","5","-100.00","40","0","20","0","0","","0","0","0","","",""
"080018","0001","0","274500","275000","275500","276500","279000","280000","283000","285000","288000","290000","271500","271000","270500","270000","269000","268500","268000","267000","266500","266000","31","4","46","40","750","178","13","15","20","8","30","1","65","55","40","5","9","1","10","60","1105","276","0","0","0","0","0","-270500","5","-100.00","40","10","0","0","0","","0","0","0","","",""
"080018","0002","0","274500","275000","275500","276500","279000","280000","283000","285000","288000","290000","271500","271000","270500","270000","269000","268500","268000","267000","266500","266000","31","4","66","40","750","178","13","15","20","8","30","1","65","55","40","5","9","1","10","60","1125","276","0","0","0","0","0","-270500","5","-100.00","40","20","0","0","0","","0","0","0","","",""
"080019","0000","0","274500","275000","275500","276500","279000","280000","283000","285000","288000","290000","271500","271000","270500","270000","269000","268500","268000","267000","266500","266000","30","4","66","40","750","178","13","15","20","8","30","53","64","55","40","5","9","3","10","8","1124","277","0","0","0","0","0","-270500","5","-100.00","41","0","2","0","0","","0","0","0","","",""
"080020","0000","0","274500","275000","275500","276500","279000","280000","283000","285000","288000","290000","271500","271000","270500","270000","269000","268500","268000","267000","266500","266000","30","4","66","40","750","178","13","15","20","8","30","53","64","55","40","5","9","3","10","8","1124","277","0","0","0","0","0","-270500","5","-100.00","41","0","0","0","0","","0","0","0","","",""
"080021","0000","0","274500","275000","275500","276500","279000","280000","283000","285000","288000","290000","271500","271000","270500","270000","269000","268500","268000","267000","266500","266000","47","4","66","40","750","178","13","15","20","8","30","53","64","55","40","5","9","3","10","8","1141","277","0","0","0","0","0","-270500","5","-100.00","41","17","0","0","0","","0","0","0","","",""
"080021","0001","0","274500","275000","275500","276500","279000","280000","283000","285000","288000","290000","271500","271000","270500","270000","269000","268500","268000","267000","266500","266000","47","4","66","40","770","178","13","15","20","8","30","53","64","55","40","5","9","3","10","8","1161","277","0","0","0","0","0","-270500","5","-100.00","41","20","0","0","0","","0","0","0","","",""
"080022","0000","0","274500","275000","275500","276500","279000","280000","283000","285000","288000","290000","271500","271000","270500","270000","269000","268500","268000","267000","266500","266000","50","4","66","40","770","178","13","15","20","8","30","53","64","55","40","5","9","3","10","8","1164","277","0","0","0","0","0","-270500","5","-100.00","41","3","0","0","0","","0","0","0","","",""
"080022","0001","0","274500","275000","275500","276500","279000","280000","283000","285000","288000","290000","271500","271000","270500","270000","269000","268500","268000","267000","266500","266000","50","11","66","40","770","178","13","15","20","8","30","53","64","55","40","5","9","3","10","8","1171","277","0","0","0","0","0","-270500","5","-100.00","41","7","0","0","0","","0","0","0","","",""
"080023","0000","0","274500","275000","275500","276500","279000","280000","283000","285000","288000","290000","271500","271000","270500","270000","269000","268500","268000","267000","266500","266000","50","11","66","40","770","178","13","215","20","8","30","53","3","55","40","5","11","3","10","10","1371","220","0","0","0","0","0","-270500","5","-100.00","41","200","-57","0","0","","0","0","0","","",""
"080023","0001","0","274500","275000","275500","276500","278500","279000","280000","283000","285000","288000","271500","271000","270500","270000","269000","268500","268000","267000","266500","266000","50","11","66","40","25","770","178","13","215","20","30","53","3","55","40","5","11","3","10","10","1388","220","0","0","0","0","0","-270500","5","-100.00","41","17","0","0","0","","0","0","0","","",""
"080023","0002","0","274500","275000","275500","276500","278500","279000","280000","283000","285000","288000","271500","271000","270500","270000","269000","268500","268000","267000","266500","266000","50","13","66","40","25","770","178","13","215","20","30","53","3","55","40","5","11","3","10","10","1390","220","0","0","0","0","0","-270500","5","-100.00","41","2","0","0","0","","0","0","0","","",""
"080023","0003","0","274500","275000","275500","276500","278500","279000","280000","283000","285000","288000","271500","271000","270500","270000","269000","268500","268000","267000","266500","266000","62","13","66","40","25","768","178","13","215","20","30","53","3","55","40","5","11","3","10","10","1400","220","0","0","0","0","0","-270500","5","-100.00","41","10","0","0","0","","0","0","0","","",""
"080024","0000","0","274500","275000","275500","276500","278500","279000","280000","283000","285000","288000","271500","271000","270500","270000","269000","268500","268000","267000","266500","266000","54","13","66","40","25","768","178","13","215","20","30","53","3","55","40","5","11","3","10","10","1392","220","0","0","0","0","0","-270500","5","-100.00","49","-8","0","0","0","","0","0","0","","",""
"080024","0001","0","274500","275000","275500","276500","278500","279000","280000","283000","285000","288000","272000","271500","271000","270500","270000","269000","268500","268000","267000","266500","79","13","66","40","25","768","178","13","215","20","20","30","53","3","55","40","5","11","3","10","1417","230","0","0","0","0","0","-270500","5","-100.00","49","25","10","0","0","","0","0","0","","",""
"080025","0000","0","274000","274500","275000","275500","276500","278500","279000","280000","283000","285000","272000","271500","271000","270500","270000","269000","268500","268000","267000","266500","4","79","13","62","40","25","768","178","13","215","20","30","53","3","55","40","5","11","3","10","1397","230","0","0","0","0","0","-270500","5","-100.00","49","-20","0","0","0","","0","0","0","","",""
"080025","0001","0","274000","274500","275000","275500","276500","278500","279000","280000","283000","285000","272000","271500","271000","270500","270000","269000","268500","268000","267000","266500","4","79","13","62","41","25","768","178","13","215","20","30","52","3","55","40","5","11","3","10","1398","229","0","0","0","0","0","-270500","5","-100.00","49","1","0","0","0","","0","0","0","","",""
"080025","0002","0","274000","274500","275000","275500","276500","278500","279000","280000","283000","285000","272000","271500","271000","270500","270000","269000","268500","268000","267000","266500","4","106","13","45","41","25","768","178","13","215","20","30","52","3","55","40","5","11","3","10","1408","229","0","0","0","0","0","-270500","5","-100.00","49","10","0","0","0","","0","0","0","","",""
"080026","0000","0","274000","274500","275000","275500","276000","276500","278000","278500","279000","280000","272000","271500","271000","270500","270000","269000","268500","268000","267000","266500","4","146","13","45","2","41","2","25","768","190","20","30","52","3","55","40","5","11","3","10","1236","229","0","0","0","0","0","-270500","5","-100.00","49","29","0","0","0","","0","0","0","","",""
"080026","0001","0","274000","274500","275000","275500","276000","276500","278000","278500","279000","280000","272000","271500","271000","270500","270000","269000","268500","268000","267000","266500","4","146","13","45","2","41","2","25","768","192","20","30","52","3","55","40","5","11","3","10","1238","229","0","0","0","0","0","-270500","5","-100.00","49","2","0","0","0","","0","0","0","","",""
"080028","0000","0","274000","274500","275000","275500","276000","276500","278000","278500","279000","280000","272000","271500","271000","270500","270000","269000","268500","268000","267000","266500","4","146","13","45","2","41","2","25","764","192","20","30","52","3","55","40","5","11","3","10","1234","229","0","0","0","0","0","-270500","5","-100.00","49","-4","0","0","0","","0","0","0","","",""
"080028","0001","0","274000","274500","275000","275500","276000","276500","277000","278000","278500","279000","272000","271500","271000","270500","270000","269000","268500","268000","267000","266500","4","146","16","45","2","41","24","2","25","764","20","30","52","7","55","40","5","11","3","10","1069","233","0","0","0","0","0","-270500","5","-100.00","49","-168","0","0","0","","0","0","0","","",""
"080029","0000","0","274000","274500","275000","275500","276000","276500","277000","278000","278500","279000","272000","271500","271000","270500","270000","269000","268500","268000","267000","266500","4","146","16","45","3","41","24","2","25","764","20","30","52","7","55","40","5","11","3","10","1070","233","0","0","0","0","0","-270500","5","-100.00","49","1","0","0","0","","0","0","0","","",""
"080030","0000","0","274000","274500","275000","275500","276000","276500","277000","278000","278500","279000","272000","271500","271000","270500","270000","269000","268500","268000","267000","266500","1","146","17","45","3","41","24","2","25","764","20","30","52","7","55","40","5","11","3","10","1068","233","0","0","0","0","0","-270500","5","-100.00","52","-2","0","0","0","","0","0","0","","",""
"080030","0001","0","274000","274500","275000","275500","276000","276500","277000","278000","278500","279000","272000","271500","271000","270500","270000","269000","268500","268000","267000","266500","1","146","17","45","3","41","24","2","25","764","20","30","52","7","75","40","5","11","3","10","1068","253","0","0","0","0","0","-270500","5","-100.00","52","0","20","0","0","","0","0","0","","",""
"080031","0000","0","274000","274500","275000","275500","276000","276500","277000","278000","278500","279000","272000","271500","271000","270500","270000","269000","268500","268000","267000","266500","1","146","17","45","3","41","24","2","259","764","20","30","52","7","75","40","5","11","3","10","1302","253","0","0","0","0","0","-270500","5","-100.00","52","234","0","0","0","","0","0","0","","",""
"080032","0000","0","274000","274500","275000","275500","276000","276500","277000","278000","278500","279000","272000","271500","271000","270500","270000","269000","268500","268000","267000","266500","18","146","17","45","3","41","24","2","259","764","20","30","52","7","75","40","5","11","3","10","1319","253","0","0","0","0","0","-270500","5","-100.00","52","17","0","0","0","","0","0","0","","",""
"080032","0001","0","274000","274500","275000","275500","276000","276500","277000","278000","278500","279000","272000","271500","271000","270500","270000","269000","268500","268000","267000","266500","18","146","17","45","3","41","24","2","259","764","20","30","52","7","80","40","5","11","3","10","1319","258","0","0","0","0","0","-270500","5","-100.00","52","0","5","0","0","","0","0","0","","",""
"080032","0002","0","274000","274500","275000","275500","276000","276500","277000","278000","278500","279000","272000","271500","271000","270500","270000","269000","268500","268000","267000","266500","20","161","17","45","3","41","24","2","259","764","20","30","52","7","80","40","5","11","3","10","1336","258","0","0","0","0","0","-270500","5","-100.00","52","3","0","0","0","","0","0","0","","",""
"080033","0000","0","274000","274500","275000","275500","276000","276500","277000","278000","278500","279000","272000","271500","271000","270500","270000","269000","268500","268000","267000","266500","50","161","17","45","3","41","24","2","259","764","20","30","52","7","80","40","5","11","3","10","1366","258","0","0","0","0","0","-270500","5","-100.00","52","30","0","0","0","","0","0","0","","",""
"080033","0001","0","274000","274500","275000","275500","276000","276500","277000","278000","278500","279000","272000","271500","271000","270500","270000","269000","268500","268000","267000","266500","50","161","24","45","3","41","24","2","259","764","20","30","52","7","80","40","5","11","3","10","1373","258","0","0","0","0","0","-270500","5","-100.00","52","7","0","0","0","","0","0","0","","",""
"080033","0002","0","274000","274500","275000","275500","276000","276500","277000","278000","278500","279000","272000","271500","271000","270500","270000","269000","268500","268000","267000","266500","60","161","24","45","3","41","24","2","259","764","20","30","52","7","80","40","5","11","3","10","1383","258","0","0","0","0","0","-270500","5","-100.00","52","10","0","0","0","","0","0","0","","",""
"080034","0000","0","274000","274500","275000","275500","276000","276500","277000","278000","278500","279000","272000","271500","271000","270500","270000","269000","268500","268000","267000","266500","60","161","24","46","3","41","24","2","259","764","20","30","52","7","80","40","5","11","3","10","1384","258","0","0","0","0","0","-270500","5","-100.00","52","1","0","0","0","","0","0","0","","",""
"080035","0000","0","274000","274500","275000","275500","276000","276500","277000","278000","278500","279000","272000","271500","271000","270500","270000","269000","268500","268000","267000","266500","60","161","24","46","3","41","24","2","259","764","20","30","52","6","81","40","5","11","3","10","1384","258","0","0","0","0","0","-270500","5","-100.00","53","0","0","0","0","","0","0","0","","",""
"080035","0001","0","274000","274500","275000","275500","276000","276500","277000","278000","278500","279000","272000","271500","271000","270500","270000","269000","268500","268000","267000","266500","60","161","24","46","4","41","24","2","259","764","20","30","52","6","81","40","5","11","3","10","1385","258","0","0","0","0","0","-270500","5","-100.00","53","1","0","0","0","","0","0","0","","",""
"080036","0000","0","274000","274500","275000","275500","276000","276500","277000","278000","278500","279000","272000","271500","271000","270500","270000","269000","268500","268000","267000","266500","40","161","24","46","4","41","24","2","259","764","20","30","52","6","81","40","5","11","3","10","1365","258","0","0","0","0","0","-270500","5","-100.00","73","-20","0","0","0","","0","0","0","","",""
"080036","0001","0","274000","274500","275000","275500","276000","276500","277000","278000","278500","279000","272000","271500","271000","270500","270000","269000","268500","268000","267000","266500","45","161","24","46","4","41","28","2","259","764","20","30","52","6","81","40","5","11","3","10","1374","258","0","0","0","0","0","-270500","5","-100.00","73","5","0","0","0","","0","0","0","","",""
"080036","0002","0","274000","274500","275000","275500","276000","276500","277000","278000","278500","279000","272000","271500","271000","270500","270000","269000","268500","268000","267000","266500","62","144","24","76","4","41","28","2","259","764","20","30","52","6","81","40","5","11","3","10","1404","258","0","0","0","0","0","-270500","5","-100.00","73","30","0","0","0","","0","0","0","","",""
"080036","0003","0","274000","274500","275000","275500","276000","276500","277000","278000","278500","279000","272000","271500","271000","270500","270000","269000","268500","268000","267000","266500","62","144","24","76","4","41","28","2","259","764","22","30","52","6","81","40","5","11","3","10","1404","260","0","0","0","0","0","-270500","5","-100.00","73","0","2","0","0","","0","0","0","","",""
"080037","0000","0","274000","274500","275000","275500","276000","276500","277000","278000","278500","279000","272000","271500","271000","270500","270000","269000","268500","268000","267000","266500","72","144","24","77","4","41","28","2","259","764","22","30","52","6","81","40","5","11","3","10","1415","260","0","0","0","0","0","-270500","5","-100.00","73","10","0","0","0","","0","0","0","","",""
"080037","0001","0","274000","274500","275000","275500","276000","276500","277000","278000","278500","279000","272000","271500","271000","270500","270000","269000","268500","268000","267000","266500","74","144","24","77","4","41","28","2","259","764","22","30","52","6","81","40","5","11","3","10","1417","260","0","0","0","0","0","-270500","5","-100.00","73","2","0","0","0","","0","0","0","","",""
"080037","0002","0","274000","274500","275000","275500","276000","276500","277000","278000","278500","279000","272000","271500","271000","270500","270000","269000","268500","268000","267000","266500","87","144","24","78","4","41","28","2","234","764","22","30","52","6","81","40","5","11","3","10","1406","260","0","0","0","0","0","-270500","5","-100.00","86","-12","0","0","0","","0","0","0","","",""
"080037","0003","0","274000","274500","275000","275500","276000","276500","277000","278000","278500","279000","272000","271000","270500","270000","269000","268500","268000","267000","266500","266000","87","144","24","78","4","41","28","2","234","764","22","52","36","81","40","5","11","3","10","10","1406","270","0","0","0","0","0","-270500","5","-100.00","86","0","10","0","0","","0","0","0","","",""
"080038","0000","0","274000","274500","275000","275500","276000","276500","277000","278000","278500","279000","272000","271000","270500","270000","269000","268500","268000","267000","266500","266000","129","105","24","78","4","41","28","2","234","764","22","52","36","81","40","5","11","3","10","10","1409","270","0","0","0","0","0","-270500","5","-100.00","86","2","0","0","0","","0","0","0","","",""
"080038","0001","0","274000","274500","275000","275500","276000","276500","277000","278000","278500","279000","272000","271000","270500","270000","269000","268500","268000","267000","266500","266000","133","105","24","78","114","41","28","2","234","764","22","52","36","81","40","5","12","2","10","10","1523","270","0","0","0","0","0","-270500","5","-100.00","86","110","0","0","0","","0","0","0","","",""
"080038","0002","0","274000","274500","275000","275500","276000","276500","277000","278000","278500","279000","272000","271000","270500","270000","269000","268500","268000","267000","266500","266000","152","105","24","78","114","41","28","2","234","764","22","52","36","81","40","5","12","2","10","10","1542","270","0","0","0","0","0","-270500","5","-100.00","86","19","0","0","0","","0","0","0","","",""
"080038","0003","0","273500","274000","274500","275000","275500","276000","276500","277000","278000","278500","272000","271000","270500","270000","269000","268500","268000","267000","266500","266000","10","152","105","24","78","114","41","28","2","234","22","52","36","81","40","5","12","2","10","10","788","270","0","0","0","0","0","-270500","5","-100.00","86","-754","0","0","0","","0","0","0","","",""
"080038","0004","0","273500","274000","274500","275000","275500","276000","276500","277000","278000","278500","272000","271000","270500","270000","269000","268500","268000","267000","266500","266000","10","152","108","24","78","114","41","28","2","234","22","52","36","81","40","5","12","2","10","10","791","270","0","0","0","0","0","-270500","5","-100.00","86","3","0","0","0","","0","0","0","","",""
"080039","0000","0","273500","274000","274500","275000","275500","276000","276500","277000","278000","278500","272000","271000","270500","270000","269000","268500","268000","267000","266500","266000","10","166","91","24","78","114","41","28","2","234","22","52","36","81","40","5","12","2","10","10","788","270","0","0","0","0","0","-270500","5","-100.00","86","14","0","0","0","","0","0","0","","",""
"080039","0001","0","273500","274000","274500","275000","275500","276000","276500","277000","277500","278000","272000","271000","270500","270000","269000","268500","268000","267000","266500","266000","10","166","91","24","78","114","41","28","4","2","22","52","36","81","40","5","12","2","10","10","558","270","0","0","0","0","0","-270500","5","-100.00","86","-230","0","0","0","","0","0","0","","",""
"080040","0000","0","273500","274000","274500","275000","275500","276000","276500","277000","277500","278000","272000","271000","270500","270000","269000","268500","268000","267000","266500","266000","10","168","91","24","78","114","41","28","30","33","22","52","36","81","40","5","12","2","10","10","617","270","0","0","0","0","0","-270500","5","-100.00","86","2","0","0","0","","0","0","0","","",""
"080040","0001","0","273500","274000","274500","275000","275500","276000","276500","277000","277500","278000","272000","271000","270500","270000","269000","268500","268000","267000","266500","266000","10","168","91","24","78","114","41","50","30","33","22","52","36","81","40","5","12","2","10","10","639","270","0","0","0","0","0","-270500","5","-100.00","86","22","0","0","0","","0","0","0","","",""
"080040","0002","0","273500","274000","274500","275000","275500","276000","276500","277000","277500","278000","272000","271000","270500","270000","269000","268500","268000","267000","266500","266000","10","178","101","24","78","127","59","50","30","34","22","52","36","81","40","5","12","2","10","10","691","270","0","0","0","0","0","-270500","5","-100.00","86","23","0","0","0","","0","0","0","","",""
"080040","0003","0","273500","274000","274500","275000","275500","276000","276500","277000","277500","278000","272000","271000","270500","270000","269000","268500","268000","267000","266500","266000","10","178","101","24","87","127","59","50","30","34","22","52","36","81","40","5","12","2","10","10","700","270","0","0","0","0","0","-270500","5","-100.00","86","9","0","0","0","","0","0","0","","",""
"080041","0000","0","273500","274000","274500","275000","275500","276000","276500","277000","277500","278000","272000","271000","270500","270000","269000","268500","268000","267000","266500","266000","10","178","101","28","87","127","59","50","30","34","22","52","36","81","40","5","12","2","10","10","704","270","0","0","0","0","0","-270500","5","-100.00","86","4","0","0","0","","0","0","0","","",""
"080041","0001","0","274000","274500","275000","275500","276000","276500","277000","277500","278000","278500","272000","271000","270500","270000","269000","268500","268000","267000","266500","266000","178","101","28","87","127","59","50","30","34","269","22","52","36","81","40","5","12","2","10","10","963","270","0","0","0","0","0","-270500","5","-100.00","96","259","0","0","0","","0","0","0","","",""
"080041","0002","0","274000","274500","275000","275500","276000","276500","277000","277500","278000","278500","272000","271000","270500","270000","269000","268500","268000","267000","266500","266000","178","101","28","87","127","59","50","30","34","269","21","52","36","81","40","5","12","2","10","10","963","269","0","0","0","0","0","-270500","5","-100.00","97","0","-1","0","0","","0","0","0","","",""
"080042","0000","0","274000","274500","275000","275500","276000","276500","277000","277500","278000","278500","272000","271000","270500","270000","269000","268500","268000","267000","266500","266000","178","101","28","87","127","59","50","30","47","269","21","52","36","81","40","5","12","2","10","10","976","269","0","0","0","0","0","-270500","5","-100.00","97","13","0","0","0","","0","0","0","","",""
"080043","0000","0","273500","274000","274500","275000","275500","276000","276500","277000","277500","278000","272000","271000","270500","270000","269000","268500","268000","267000","266500","266000","1","178","101","28","88","127","59","50","30","47","21","52","36","81","40","5","12","2","10","10","709","269","0","0","0","0","0","-270500","5","-100.00","97","-267","0","0","0","","0","0","0","","",""
"080044","0000","0","272500","273500","274000","274500","275000","275500","276000","276500","277000","277500","272000","271000","270500","270000","269000","268500","268000","267000","266500","266000","3","1","178","101","28","88","127","59","50","30","21","52","36","81","40","5","12","2","10","10","665","269","0","0","0","0","0","-270500","5","-100.00","98","-44","0","0","0","","0","0","0","","",""
"080044","0001","0","272500","273500","274000","274500","275000","275500","276000","276500","277000","277500","272000","271000","270500","270000","269000","268500","268000","267000","266500","266000","3","1","178","111","28","88","127","59","50","30","21","52","36","81","40","5","12","2","10","10","675","269","0","0","0","0","0","-270500","5","-100.00","98","10","0","0","0","","0","0","0","","",""
"080044","0002","0","272500","273500","274000","274500","275000","275500","276000","276500","277000","277500","272000","271000","270500","270000","269000","268500","268000","267000","266500","266000","3","1","178","111","31","88","127","59","50","30","21","52","36","81","40","5","12","2","10","10","678","269","0","0","0","0","0","-270500","5","-100.00","98","3","0","0","0","","0","0","0","","",""
"080044","0003","0","272500","273500","274000","274500","275000","275500","276000","276500","277000","277500","272000","271000","270500","270000","269000","268500","268000","267000","266500","266000","3","1","187","111","31","88","127","59","50","30","21","52","36","81","40","5","12","2","10","10","687","269","0","0","0","0","0","-270500","5","-100.00","98","9","0","0","0","","0","0","0","","",""
"080045","0000","0","272500","273500","274000","274500","275000","275500","276000","276500","277000","277500","272000","271000","270500","270000","269000","268500","268000","267000","266500","266000","3","1","189","111","31","88","127","59","50","30","21","52","36","81","40","5","12","2","10","10","689","269","0","0","0","0","0","-270500","5","-100.00","98","2","0","0","0","","0","0","0","","",""
"080045","0001","0","272500","273500","274000","274500","275000","275500","276000","276500","277000","277500","272000","271000","270500","270000","269000","268500","268000","267000","266500","266000","2","1","189","111","31","88","127","59","50","30","21","52","36","81","40","5","12","2","10","10","688","269","0","0","0","0","0","-270500","5","-100.00","99","-1","0","0","0","","0","0","0","","",""
"080047","0000","0","272500","273500","274000","274500","275000","275500","276000","276500","277000","277500","272000","271000","270500","270000","269000","268500","268000","267000","266500","266000","2","1","189","112","31","88","127","59","50","30","45","52","36","81","40","5","12","2","10","10","689","293","0","0","0","0","0","-270500","5","-100.00","99","1","24","0","0","","0","0","0","","",""
"080047","0001","0","272500","273500","274000","274500","275000","275500","276000","276500","277000","277500","272000","271000","270500","270000","269000","268500","268000","267000","266500","266000","2","2","189","112","31","88","127","59","50","30","45","52","36","81","40","5","12","2","10","10","690","293","0","0","0","0","0","-270500","5","-100.00","99","1","0","0","0","","0","0","0","","",""
"080047","0002","0","272500","273500","274000","274500","275000","275500","276000","276500","277000","277500","272000","271000","270500","270000","269000","268500","268000","267000","266500","266000","2","2","189","112","31","108","127","59","50","30","45","52","36","83","40","5","12","2","10","10","710","295","0","0","0","0","0","-270500","5","-100.00","99","20","2","0","0","","0","0","0","","",""
"080048","0000","0","272500","273500","274000","274500","275000","275500","276000","276500","277000","277500","272000","271000","270500","270000","269000","268500","268000","267000","266500","266000","4","2","170","112","31","108","127","59","50","30","45","52","36","83","40","5","12","2","10","10","693","295","0","0","0","0","0","-270500","5","-100.00","99","2","0","0","0","","0","0","0","","",""
"080048","0001","0","272500","273500","274000","274500","275000","275500","276000","276500","277000","277500","272000","271000","270500","270000","269000","268500","268000","267000","266500","266000","4","2","170","112","31","110","127","59","50","30","45","52","36","83","40","5","12","2","10","10","695","295","0","0","0","0","0","-270500","5","-100.00","99","2","0","0","0","","0","0","0","","",""
"080048","0002","0","272500","273500","274000","274500","275000","275500","276000","276500","277000","277500","272000","271000","270500","270000","269000","268500","268000","267000","266500","266000","1","2","170","112","31","110","127","59","50","30","45","52","36","83","40","5","12","83","10","10","692","376","0","0","0","0","0","-270500","5","-100.00","100","-3","81","0","0","","0","0","0","","",""
"080048","0003","0","273500","274000","274500","275000","275500","276000","276500","277000","277500","278000","272000","271000","270500","270000","269000","268500","268000","267000","266500","266000","2","170","112","31","110","127","59","50","30","79","45","52","36","83","40","5","12","83","10","10","770","376","0","0","0","0","0","-270500","5","-100.00","110","78","0","0","0","","0","0","0","","",""
"080049","0000","0","273500","274000","274500","275000","275500","276000","276500","277000","277500","278000","272000","271000","270500","270000","269000","268500","268000","267000","266500","266000","2","170","114","31","110","127","59","50","30","79","45","52","36","83","41","5","12","83","10","10","772","377","0","0","0","0","0","-270500","5","-100.00","110","2","0","0","0","","0","0","0","","",""
"080050","0000","0","272500","273500","274000","274500","275000","275500","276000","276500","277000","277500","272000","271000","270500","270000","269000","268500","268000","267000","266500","266000","1","2","169","114","31","110","127","59","50","30","45","52","36","83","41","5","12","83","10","10","693","377","0","0","0","0","0","-270500","5","-100.00","110","-79","0","0","0","","0","0","0","","",""
"080050","0001","0","272500","273500","274000","274500","275000","275500","276000","276500","277000","277500","272000","271000","270500","270000","269000","268500","268000","267000","266500","266000","1","2","169","114","31","120","127","59","50","30","45","52","36","83","41","5","12","83","10","10","703","377","0","0","0","0","0","-270500","5","-100.00","110","10","0","0","0","","0","0","0","","",""
"080050","0002","0","272500","273500","274000","274500","275000","275500","276000","276500","277000","277500","272000","271000","270500","270000","269000","268500","268000","267000","266500","266000","1","2","169","114","31","120","127","59","50","30","45","52","36","83","41","5","12","83","10","12","703","379","0","0","0","0","0","-270500","5","-100.00","110","0","2","0","0","","0","0","0","","",""
"080052","0000","0","273500","274000","274500","275000","275500","276000","276500","277000","277500","278000","272000","271000","270500","270000","269000","268500","268000","267000","266500","266000","2","169","114","31","120","127","59","50","30","79","45","52","36","83","41","5","12","83","10","22","781","389","0","0","0","0","0","-270500","5","-100.00","111","0","10","0","0","","0","0","0","","",""
"080052","0001","0","273500","274000","274500","275000","275500","276000","276500","277000","277500","278000","272500","272000","271000","270500","270000","269000","268500","268000","267000","266500","2","169","114","31","120","127","59","50","30","79","2","45","52","36","83","41","5","12","83","10","781","369","0","0","0","0","0","-270500","5","-100.00","175","0","-20","0","0","","0","0","0","","",""
"080052","0002","0","272500","273500","274000","274500","275000","275500","276000","276500","277000","277500","272000","271000","270500","270000","269000","268500","268000","267000","266500","266000","38","2","129","114","31","120","127","59","50","30","45","52","36","107","41","5","12","83","10","22","700","413","0","0","0","0","0","-270500","5","-100.00","177","-81","44","0","0","","0","0","0","","",""
"080053","0000","0","272500","273500","274000","274500","275000","275500","276000","276500","277000","277500","272000","271000","270500","270000","269000","268500","268000","267000","266500","266000","38","2","129","114","31","120","127","59","50","30","51","52","36","107","41","5","12","83","10","22","700","419","0","0","0","0","0","-270500","5","-100.00","177","0","5","0","0","","0","0","0","","",""
"080053","0001","0","272500","273500","274000","274500","275000","275500","276000","276500","277000","277500","272000","271500","271000","270500","270000","269000","268500","268000","267000","266500","38","2","129","114","31","120","127","59","50","30","51","113","52","36","117","41","5","12","83","10","700","520","0","0","0","0","0","-270500","5","-100.00","177","0","50","0","0","","0","0","0","","",""
"080054","0000","0","272500","273500","274000","274500","275000","275500","276000","276500","277000","277500","272000","271500","271000","270500","270000","269000","268500","268000","267000","266500","28","2","129","114","31","120","127","59","50","30","51","113","52","36","117","41","5","12","83","10","690","520","0","0","0","0","0","-270500","5","-100.00","187","-10","0","0","0","","0","0","0","","",""
"080055","0000","0","272500","273500","274000","274500","275000","275500","276000","276500","277000","277500","272000","271500","271000","270500","270000","269000","268500","268000","267000","266500","28","2","129","114","31","120","127","59","50","30","51","113","52","37","117","41","5","12","83","10","690","521","0","0","0","0","0","-270500","5","-100.00","187","0","1","0","0","","0","0","0","","",""
"080055","0001","0","272500","273500","274000","274500","275000","275500","276000","276500","277000","277500","272000","271500","271000","270500","270000","269000","268500","268000","267000","266500","45","2","129","114","31","120","130","59","50","30","51","113","52","37","117","41","5","12","83","10","710","521","0","0","0","0","0","-270500","5","-100.00","187","3","0","0","0","","0","0","0","","",""
"080055","0002","0","272500","273500","274000","274500","275000","275500","276000","276500","277000","277500","272000","271500","271000","270500","270000","269000","268500","268000","267000","266500","45","3","129","114","31","120","130","59","50","30","51","113","52","37","117","41","5","12","83","10","711","521","0","0","0","0","0","-270500","5","-100.00","187","1","0","0","0","","0","0","0","","",""
"080055","0003","0","272500","273500","274000","274500","275000","275500","276000","276500","277000","277500","272000","271500","271000","270500","270000","269000","268500","268000","267000","266500","45","3","129","114","31","120","130","59","53","30","51","113","52","37","117","41","5","12","83","10","714","521","0","0","0","0","0","-270500","5","-100.00","187","3","0","0","0","","0","0","0","","",""
"080056","0000","0","272500","273500","274000","274500","275000","275500","276000","276500","277000","277500","272000","271500","271000","270500","270000","269000","268500","268000","267000","266500","30","3","129","114","31","120","130","59","53","30","51","113","52","37","117","41","5","12","83","10","699","521","0","0","0","0","0","-270500","5","-100.00","202","-15","0","0","0","","0","0","0","","",""
"080056","0001","0","272500","273500","274000","274500","275000","275500","276000","276500","277000","277500","272000","271500","271000","270500","270000","269000","268500","268000","267000","266500","30","3","129","114","31","120","130","59","53","30","51","113","52","37","119","41","5","12","83","10","699","523","0","0","0","0","0","-270500","5","-100.00","202","0","2","0","0","","0","0","0","","",""
"080057","0000","0","272500","273500","274000","274500","275000","275500","276000","276500","277000","277500","272000","271500","271000","270500","270000","269000","268500","268000","267000","266500","30","3","129","114","31","120","130","59","53","30","51","113","52","37","119","41","5","22","83","10","699","533","0","0","0","0","0","-270500","5","-100.00","202","0","10","0","0","","0","0","0","","",""
"080057","0001","0","272500","273500","274000","274500","275000","275500","276000","276500","277000","277500","272000","271500","271000","270500","270000","269000","268500","268000","267000","266500","30","2","129","114","31","120","140","59","53","30","51","113","52","37","119","41","5","22","83","10","708","533","0","0","0","0","0","-270500","5","-100.00","202","9","0","0","0","","0","0","0","","",""
"080058","0000","0","272500","273500","274000","274500","275000","275500","276000","276500","277000","277500","272000","271500","271000","270500","270000","269500","269000","268500","268000","267000","30","2","129","114","31","120","140","59","53","30","61","113","52","37","119","40","41","5","22","83","708","573","0","0","0","0","0","-270500","5","-100.00","202","0","40","0","0","","0","0","0","","",""
"080058","0001","0","272500","273500","274000","274500","275000","275500","276000","276500","277000","277500","272000","271500","271000","270500","270000","269500","269000","268500","268000","267000","31","2","129","114","31","120","140","59","53","30","61","113","52","37","119","40","41","5","22","83","709","573","0","0","0","0","0","-270500","5","-100.00","202","1","0","0","0","","0","0","0","","",""
"080059","0000","0","272500","273500","274000","274500","275000","275500","276000","276500","277000","277500","272000","271500","271000","270500","270000","269500","269000","268500","268000","267000","31","2","129","114","31","120","140","59","53","30","51","113","52","37","119","40","41","5","22","83","709","563","0","0","0","0","0","-270500","5","-100.00","212","0","-10","0","0","","0","0","0","","",""
"080059","0001","0","272500","273500","274000","274500","275000","275500","276000","276500","277000","277500","272000","271500","271000","270500","270000","269500","269000","268500","268000","267000","31","2","129","114","31","146","140","59","53","30","51","113","52","37","119","40","41","5","22","83","735","563","0","0","0","0","0","-270500","5","-100.00","212","26","0","0","0","","0","0","0","","",""
"080059","0002","0","272500","273500","274000","274500","275000","275500","276000","276500","277000","277500","272000","271500","271000","270500","270000","269500","269000","268500","268000","267000","31","2","129","114","41","146","140","59","53","30","51","113","52","37","119","40","41","5","22","83","745","563","0","0","0","0","0","-270500","5","-100.00","212","10","0","0","0","","0","0","0","","",""
"080100","0000","0","272500","273500","274000","274500","275000","275500","276000","276500","277000","277500","272000","271500","271000","270500","270000","269500","269000","268500","268000","267000","21","2","129","114","41","146","140","59","53","30","51","113","52","37","119","40","41","5","22","83","735","563","0","0","0","0","0","-270500","5","-100.00","222","-10","0","0","0","","0","0","0","","",""
"080100","0001","0","272500","273500","274000","274500","275000","275500","276000","276500","277000","277500","272000","271500","271000","270500","270000","269500","269000","268500","268000","267000","21","2","129","114","41","146","140","59","53","47","51","113","52","37","119","40","41","5","22","88","752","568","0","0","0","0","0","-270500","5","-100.00","222","0","5","0","0","","0","0","0","","",""
"080100","0002","0","272500","273500","274000","274500","275000","275500","276000","276500","277000","277500","272000","271500","271000","270500","270000","269500","269000","268500","268000","267000","21","3","128","114","41","146","140","59","53","47","51","113","76","37","119","40","41","5","22","88","752","592","0","0","0","0","0","-270500","5","-100.00","222","0","24","0","0","","0","0","0","","",""
"080101","0000","0","272500","273500","274000","274500","275000","275500","276000","276500","277000","277500","272000","271500","271000","270500","270000","269500","269000","268500","268000","267000","21","3","128","114","41","146","140","59","53","47","52","113","76","37","119","40","41","5","22","88","752","593","0","0","0","0","0","-270500","5","-100.00","222","0","1","0","0","","0","0","0","","",""
"080101","0001","0","272500","273500","274000","274500","275000","275500","276000","276500","277000","277500","272000","271500","271000","270500","270000","269500","269000","268500","268000","267000","31","3","128","114","41","146","140","59","53","47","52","113","76","37","119","40","41","5","22","88","762","593","0","0","0","0","0","-270500","5","-100.00","222","10","0","0","0","","0","0","0","","",""
"080101","0002","0","272500","273500","274000","274500","275000","275500","276000","276500","277000","277500","272000","271500","271000","270500","270000","269500","269000","268500","268000","267000","31","3","128","114","41","146","140","59","53","47","53","113","76","37","119","40","41","5","22","88","762","594","0","0","0","0","0","-270500","5","-100.00","222","0","1","0","0","","0","0","0","","",""
"080102","0000","0","272500","273500","274000","274500","275000","275500","276000","276500","277000","277500","272000","271500","271000","270500","270000","269500","269000","268500","268000","267000","2","3","128","114","41","146","140","59","53","47","53","113","24","37","120","40","41","7","22","88","733","545","0","0","0","0","0","-270500","5","-100.00","279","-29","-51","0","0","","0","0","0","","",""
"080105","0000","0","273500","274000","274500","275000","275500","276000","276500","277000","277500","278000","272000","271500","271000","270500","270000","269500","269000","268500","268000","267000","3","128","114","44","146","140","59","53","47","82","103","113","24","37","120","40","41","7","22","88","816","595","0","0","0","0","0","-270500","5","-100.00","279","83","50","0","0","","0","0","0","","",""
"080105","0001","0","273500","274000","274500","275000","275500","276000","276500","277000","277500","278000","272500","272000","271500","271000","270500","270000","269500","269000","268500","268000","3","128","114","44","146","140","59","53","47","82","8","103","113","24","37","120","40","41","7","22","816","515","0","0","0","0","0","-270500","5","-100.00","281","0","-80","0","0","","0","0","0","","",""
"080105","0002","0","273500","274000","274500","275000","275500","276000","276500","277000","277500","278000","272500","272000","271500","271000","270500","270000","269500","269000","268500","268000","3","128","114","45","146","140","59","53","47","82","7","103","113","24","37","120","40","41","7","22","817","514","0","0","0","0","0","-270500","5","-100.00","282","0","-1","0","0","","0","0","0","","",""
"080105","0003","0","273500","274000","274500","275000","275500","276000","276500","277000","277500","278000","272500","272000","271500","271000","270500","270000","269500","269000","268500","268000","3","128","114","38","146","140","59","53","47","82","7","103","113","24","37","120","40","41","7","22","810","514","0","0","0","0","0","-270500","5","-100.00","282","-7","0","0","0","","0","0","0","","",""
"080106","0000","0","273500","274000","274500","275000","275500","276000","276500","277000","277500","278000","272500","272000","271500","271000","270500","270000","269500","269000","268500","268000","3","128","114","38","146","140","59","53","47","82","17","103","113","24","37","120","40","41","7","22","810","524","0","0","0","0","0","-270500","5","-100.00","282","0","10","0","0","","0","0","0","","",""
"080106","0001","0","273500","274000","274500","275000","275500","276000","276500","277000","277500","278000","272500","272000","271500","271000","270500","270000","269500","269000","268500","268000","3","128","114","38","146","140","59","53","47","82","17","106","113","24","37","120","40","41","7","22","810","527","0","0","0","0","0","-270500","5","-100.00","282","0","2","0","0","","0","0","0","","",""
"080107","0000","0","273500","274000","274500","275000","275500","276000","276500","277000","277500","278000","272500","272000","271500","271000","270500","270000","269500","269000","268500","268000","3","128","114","38","146","140","59","53","47","82","15","116","113","24","37","120","40","41","7","22","810","535","0","0","0","0","0","-270500","5","-100.00","284","0","10","0","0","","0","0","0","","",""
"080108","0000","0","273500","274000","274500","275000","275500","276000","276500","277000","277500","278000","272500","272000","271500","271000","270500","270000","269500","269000","268500","268000","3","128","114","38","146","140","59","53","47","82","15","136","113","24","37","120","40","41","7","22","810","555","0","0","0","0","0","-270500","5","-100.00","284","0","20","0","0","","0","0","0","","",""
"080108","0001","0","273500","274000","274500","275000","275500","276000","276500","277000","277500","278000","272500","272000","271500","271000","270500","270000","269500","269000","268500","268000","4","128","114","38","146","140","59","53","47","82","15","136","113","24","37","120","40","41","7","22","811","555","0","0","0","0","0","-270500","5","-100.00","284","1","0","0","0","","0","0","0","","",""
"080109","0000","0","273500","274000","274500","275000","275500","276000","276500","277000","277500","278000","272500","272000","271500","271000","270500","270000","269500","269000","268500","268000","4","124","114","38","146","140","59","53","47","82","11","136","113","24","37","120","40","41","7","22","807","551","0","0","0","0","0","-270500","5","-100.00","288","-4","-4","0","0","","0","0","0","","",""
"080109","0001","0","273500","274000","274500","275000","275500","276000","276500","277000","277500","278000","272500","272000","271500","271000","270500","270000","269500","269000","268500","268000","4","124","114","38","146","140","59","53","47","82","11","136","113","24","37","120","40","42","7","22","807","552","0","0","0","0","0","-270500","5","-100.00","288","0","1","0","0","","0","0","0","","",""
"080109","0002","0","273500","274000","274500","275000","275500","276000","276500","277000","277500","278000","272500","272000","271500","271000","270500","270000","269500","269000","268500","268000","4","124","114","38","146","140","59","53","47","83","11","136","113","24","37","120","40","42","7","22","808","552","0","0","0","0","0","-270500","5","-100.00","288","1","0","0","0","","0","0","0","","",""
"080111","0000","0","273500","274000","274500","275000","275500","276000","276500","277000","277500","278000","272500","272000","271500","271000","270500","270000","269500","269000","268500","268000","4","124","114","38","146","140","59","53","47","83","16","136","113","24","37","120","40","42","7","22","808","557","0","0","0","0","0","-270500","5","-100.00","288","0","5","0","0","","0","0","0","","",""
"080112","0000","0","273500","274000","274500","275000","275500","276000","276500","277000","277500","278000","272500","272000","271500","271000","270500","270000","269500","269000","268500","268000","4","124","114","38","126","140","59","53","47","83","16","146","113","24","37","120","40","42","7","22","788","567","0","0","0","0","0","-270500","5","-100.00","288","-20","0","0","0","","0","0","0","","",""
"080112","0001","0","273500","274000","274500","275000","275500","276000","276500","277000","277500","278000","272500","272000","271500","271000","270500","270000","269500","269000","268500","268000","4","124","114","38","126","140","59","53","47","83","15","146","113","24","37","120","40","42","7","22","788","566","0","0","0","0","0","-270500","5","-100.00","290","0","1","0","0","","0","0","0","","",""
"080112","0002","0","273500","274000","274500","275000","275500","276000","276500","277000","277500","278000","272500","272000","271500","271000","270500","270000","269500","269000","268500","268000","4","124","114","38","126","140","59","53","47","83","25","146","113","24","37","120","40","42","7","22","788","576","0","0","0","0","0","-270500","5","-100.00","290","0","10","0","0","","0","0","0","","",""
"080112","0003","0","273500","274000","274500","275000","275500","276000","276500","277000","277500","278000","272500","272000","271500","271000","270500","270000","269500","269000","268500","268000","4","124","114","48","126","140","59","53","47","83","25","146","113","24","37","120","40","42","7","22","798","576","0","0","0","0","0","-270500","5","-100.00","290","10","0","0","0","","0","0","0","","",""
"080112","0004","0","273500","274000","274500","275000","275500","276000","276500","277000","277500","278000","272500","272000","271500","271000","270500","270000","269500","269000","268500","268000","4","124","114","48","126","140","59","53","47","83","25","146","113","24","37","130","40","42","7","22","798","586","0","0","0","0","0","-270500","5","-100.00","290","0","10","0","0","","0","0","0","","",""
"080113","0000","0","273500","274000","274500","275000","275500","276000","276500","277000","277500","278000","272500","272000","271500","271000","270500","270000","269500","269000","268500","268000","4","124","114","48","126","140","59","53","47","83","25","156","113","24","37","230","40","42","7","22","798","696","0","0","0","0","0","-270500","5","-100.00","290","0","10","0","0","","0","0","0","","",""
"080113","0001","0","273500","274000","274500","275000","275500","276000","276500","277000","277500","278000","272500","272000","271500","271000","270500","270000","269500","269000","268500","268000","3","126","114","51","126","140","59","53","47","83","25","156","113","24","37","230","40","42","7","22","802","696","0","0","0","0","0","-270500","5","-100.00","291","5","0","0","0","","0","0","0","","",""
"080114","0000","0","273500","274000","274500","275000","275500","276000","276500","277000","277500","278000","272500","272000","271500","271000","270500","270000","269500","269000","268500","268000","3","130","114","51","126","140","59","53","47","83","25","156","113","24","37","230","40","42","7","22","806","696","0","0","0","0","0","-270500","5","-100.00","291","4","0","0","0","","0","0","0","","",""
"080114","0001","0","273500","274000","274500","275000","275500","276000","276500","277000","277500","278000","272500","272000","271500","271000","270500","270000","269500","269000","268500","268000","3","130","114","51","126","140","59","53","47","83","25","156","113","24","37","231","40","42","7","22","806","697","0","0","0","0","0","-270500","5","-100.00","291","0","1","0","0","","0","0","0","","",""
"080114","0002","0","273500","274000","274500","275000","275500","276000","276500","277000","277500","278000","272500","272000","271500","271000","270500","270000","269500","269000","268500","268000","3","130","114","51","127","140","59","53","47","83","25","156","113","24","37","231","40","42","7","22","807","697","0","0","0","0","0","-270500","5","-100.00","291","1","0","0","0","","0","0","0","","",""
"080114","0003","0","273500","274000","274500","275000","275500","276000","276500","277000","277500","278000","272500","272000","271500","271000","270500","270000","269500","269000","268500","268000","3","130","114","51","128","141","60","54","48","84","25","156","113","24","37","231","40","42","7","22","813","697","0","0","0","0","0","-270500","5","-100.00","291","2","0","0","0","","0","0","0","","",""
"080114","0004","0","273500","274000","274500","275000","275500","276000","276500","277000","277500","278000","272500","272000","271500","271000","270500","270000","269500","269000","268500","268000","3","130","114","51","129","141","60","54","48","84","25","156","113","24","37","231","40","42","7","22","814","697","0","0","0","0","0","-270500","5","-100.00","291","1","0","0","0","","0","0","0","","",""
"080115","0000","0","273500","274000","274500","275000","275500","276000","276500","277000","277500","278000","272500","272000","271500","271000","270500","270000","269500","269000","268500","268000","8","130","114","51","129","141","60","54","48","84","25","156","113","24","37","231","40","42","7","22","819","697","0","0","0","0","0","-270500","5","-100.00","291","5","0","0","0","","0","0","0","","",""
"080115","0001","0","273500","274000","274500","275000","275500","276000","276500","277000","277500","278000","272500","272000","271500","271000","270500","270000","269500","269000","268500","268000","8","130","114","52","129","141","60","54","48","84","25","156","113","24","37","231","40","42","7","22","820","697","0","0","0","0","0","-270500","5","-100.00","291","1","0","0","0","","0","0","0","","",""
"080116","0000","0","273500","274000","274500","275000","275500","276000","276500","277000","277500","278000","272500","272000","271500","271000","270500","270000","269500","269000","268500","268000","8","130","114","52","129","141","60","54","48","84","25","156","113","24","7","231","40","42","7","22","820","667","0","0","0","0","0","-270500","5","-100.00","291","0","-30","0","0","","0","0","0","","",""
"080117","0000","0","273500","274000","274500","275000","275500","276000","276500","277000","277500","278000","272500","272000","271500","271000","270500","270000","269500","269000","268500","268000","8","130","114","152","129","141","60","54","48","84","25","156","113","24","7","231","40","42","7","22","920","667","0","0","0","0","0","-270500","5","-100.00","291","100","0","0","0","","0","0","0","","",""
"080117","0001","0","273500","274000","274500","275000","275500","276000","276500","277000","277500","278000","272500","272000","271500","271000","270500","270000","269500","269000","268500","268000","8","130","114","152","129","141","60","54","48","84","35","156","113","24","7","232","40","42","7","22","920","678","0","0","0","0","0","-270500","5","-100.00","291","0","11","0","0","","0","0","0","","",""
"080117","0002","0","274000","274500","275000","275500","276000","276500","277000","277500","278000","278500","273500","272500","272000","271500","271000","270500","270000","269500","269000","268500","130","114","152","129","141","60","54","48","84","272","1","35","156","113","24","7","232","40","42","7","1184","657","0","0","0","0","0","-270500","5","-100.00","310","264","-21","0","0","","0","0","0","","",""
"080118","0000","0","274000","274500","275000","275500","276000","276500","277000","277500","278000","278500","273500","272500","272000","271500","271000","270500","270000","269500","269000","268500","130","114","152","129","141","60","54","48","94","272","1","35","156","113","24","7","232","40","42","7","1194","657","0","0","0","0","0","-270500","5","-100.00","310","10","0","0","0","","0","0","0","","",""
"080120","0000","0","274000","274500","275000","275500","276000","276500","277000","277500","278000","278500","273500","272500","272000","271500","271000","270500","270000","269500","269000","268500","130","114","148","129","141","60","54","48","94","272","1","35","156","113","24","7","232","40","42","7","1190","657","0","0","0","0","0","-270500","5","-100.00","310","-4","0","0","0","","0","0","0","","",""
"080120","0001","0","274000","274500","275000","275500","276000","276500","277000","277500","278000","278500","273500","272500","272000","271500","271000","270500","270000","269500","269000","268500","130","114","148","120","141","60","54","48","94","272","1","35","156","113","24","7","232","40","42","7","1181","657","0","0","0","0","0","-270500","5","-100.00","310","-9","0","0","0","","0","0","0","","",""
"080120","0002","0","274000","274500","275000","275500","276000","276500","277000","277500","278000","278500","273500","272500","272000","271500","271000","270500","270000","269500","269000","268500","130","114","148","120","128","42","32","48","94","272","2","35","156","113","24","7","232","40","42","7","1128","658","0","0","0","0","0","-270500","5","-100.00","310","-22","0","0","0","","0","0","0","","",""
"080121","0000","0","274000","274500","275000","275500","276000","276500","277000","277500","278000","278500","273500","272500","272000","271500","271000","270500","270000","269500","269000","268500","130","114","148","120","128","42","32","22","63","272","2","65","156","113","24","7","232","40","42","37","1071","718","0","0","0","0","0","-270500","5","-100.00","310","-31","0","0","0","","0","0","0","","",""
"080121","0001","0","274000","274500","275000","275500","276000","276500","277000","277500","278000","278500","273500","272500","272000","271500","271000","270500","270000","269500","269000","268500","130","114","148","120","128","42","33","22","63","237","1","65","156","113","24","7","232","40","42","37","1037","717","0","0","0","0","0","-270500","5","-100.00","311","0","0","0","0","","0","0","0","","",""
"080121","0002","0","274000","274500","275000","275500","276000","276500","277000","277500","278000","278500","273500","272500","272000","271500","271000","270500","270000","269500","269000","268500","130","114","148","120","128","42","33","22","63","237","1","65","156","113","24","7","232","40","42","37","1037","717","0","0","0","0","0","-270500","5","-100.00","311","0","0","0","0","","0","0","0","","",""
"080122","0000","0","273500","274000","274500","275000","275500","276000","276500","277000","277500","278000","272500","272000","271500","271000","270500","270000","269500","269000","268500","268000","3","126","114","148","120","128","42","33","22","63","65","159","113","24","7","232","40","42","37","22","799","741","0","0","0","0","0","-270500","5","-100.00","312","-238","21","0","0","","0","0","0","","",""
"080122","0001","0","273500","274000","274500","275000","275500","276000","276500","277000","277500","278000","272500","272000","271500","271000","270500","270000","269500","269000","268500","268000","3","126","114","148","120","128","42","33","22","63","65","149","113","24","7","232","40","42","37","22","799","731","0","0","0","0","0","-270500","5","-100.00","312","0","-10","0","0","","0","0","0","","",""
"080122","0002","0","273500","274000","274500","275000","275500","276000","276500","277000","277500","278000","272500","272000","271500","271000","270500","270000","269500","269000","268500","268000","3","126","114","148","120","128","42","33","22","63","65","149","113","24","69","232","40","42","37","22","799","793","0","0","0","0","0","-270500","5","-100.00","312","0","62","0","0","","0","0","0","","",""
"080123","0000","0","273500","274000","274500","275000","275500","276000","276500","277000","277500","278000","272500","272000","271500","271000","270500","270000","269500","269000","268500","268000","3","127","114","148","120","128","42","33","22","63","65","149","113","24","69","232","40","42","37","22","800","793","0","0","0","0","0","-270500","5","-100.00","312","1","0","0","0","","0","0","0","","",""
"080123","0001","0","273500","274000","274500","275000","275500","276000","276500","277000","277500","278000","272500","272000","271500","271000","270500","270000","269500","269000","268500","268000","5","127","114","148","120","128","42","33","22","63","65","149","113","24","69","232","40","42","37","22","802","793","0","0","0","0","0","-270500","5","-100.00","312","2","0","0","0","","0","0","0","","",""
"080123","0002","0","273500","274000","274500","275000","275500","276000","276500","277000","277500","278000","272500","272000","271500","271000","270500","270000","269500","269000","268500","268000","5","127","114","148","120","128","42","33","22","63","65","149","113","24","69","232","40","42","38","22","802","794","0","0","0","0","0","-270500","5","-100.00","312","0","1","0","0","","0","0","0","","",""
"080123","0003","0","273500","274000","274500","275000","275500","276000","276500","277000","277500","278000","272500","272000","271500","271000","270500","270000","269500","269000","268500","268000","4","127","114","148","120","128","42","33","22","63","65","149","113","24","69","232","40","42","38","22","801","794","0","0","0","0","0","-270500","5","-100.00","313","-1","0","0","0","","0","0","0","","",""
"080124","0000","0","273500","274000","274500","275000","275500","276000","276500","277000","277500","278000","272500","272000","271500","271000","270500","270000","269500","269000","268500","268000","5","127","114","148","120","128","42","33","22","63","65","149","113","24","69","232","40","42","38","22","802","794","0","0","0","0","0","-270500","5","-100.00","313","1","0","0","0","","0","0","0","","",""
"080125","0000","0","273500","274000","274500","275000","275500","276000","276500","277000","277500","278000","272500","272000","271500","271000","270500","270000","269500","269000","268500","268000","5","127","114","148","120","128","42","33","22","63","70","149","113","24","69","232","40","42","38","22","802","799","0","0","0","0","0","-270500","5","-100.00","313","0","5","0","0","","0","0","0","","",""
"080126","0000","0","273500","274000","274500","275000","275500","276000","276500","277000","277500","278000","272500","272000","271500","271000","270500","270000","269500","269000","268500","268000","5","127","114","148","120","128","43","33","22","63","70","149","113","24","69","232","40","42","38","22","803","799","0","0","0","0","0","-270500","5","-100.00","313","1","0","0","0","","0","0","0","","",""
"080126","0001","0","273500","274000","274500","275000","275500","276000","276500","277000","277500","278000","272500","272000","271500","271000","270500","270000","269500","269000","268500","268000","5","127","114","148","120","128","43","33","22","63","70","154","113","24","69","232","40","42","38","22","803","804","0","0","0","0","0","-270500","5","-100.00","313","0","5","0","0","","0","0","0","","",""
"080127","0000","0","273500","274000","274500","275000","275500","276000","276500","277000","277500","278000","272500","272000","271500","271000","270500","270000","269500","269000","268500","268000","4","127","114","148","120","128","43","147","22","63","70","154","113","24","69","232","40","42","38","22","916","804","0","0","0","0","0","-270500","5","-100.00","314","-1","0","0","0","","0","0","0","","",""
"080127","0001","0","273500","274000","274500","275000","275500","276000","276500","277000","277500","278000","272500","272000","271500","271000","270500","270000","269500","269000","268500","268000","3","127","114","148","120","128","43","147","22","63","70","154","113","24","69","232","40","42","38","22","915","804","0","0","0","0","0","-270500","5","-100.00","315","-1","0","0","0","","0","0","0","","",""
"080128","0000","0","273500","274000","274500","275000","275500","276000","276500","277000","277500","278000","272500","272000","271500","271000","270500","270000","269500","269000","268500","268000","3","127","114","148","120","128","43","147","22","63","80","154","113","24","69","232","40","42","38","22","915","814","0","0","0","0","0","-270500","5","-100.00","315","0","10","0","0","","0","0","0","","",""
"080129","0000","0","273500","274000","274500","275000","275500","276000","276500","277000","277500","278000","272500","272000","271500","271000","270500","270000","269500","269000","268500","268000","3","127","114","148","120","128","43","147","22","63","75","154","113","24","69","232","40","42","38","22","915","809","0","0","0","0","0","-270500","5","-100.00","320","0","-5","0","0","","0","0","0","","",""
"080129","0001","0","273500","274000","274500","275000","275500","276000","276500","277000","277500","278000","272500","272000","271500","271000","270500","270000","269500","269000","268500","268000","3","128","114","148","120","128","43","147","22","63","75","154","113","24","69","232","40","42","38","22","916","809","0","0","0","0","0","-270500","5","-100.00","320","1","0","0","0","","0","0","0","","",""
"080129","0002","0","273500","274000","274500","275000","275500","276000","276500","277000","277500","278000","272500","272000","271500","271000","270500","270000","269500","269000","268500","268000","3","228","114","148","120","128","43","147","22","63","75","154","113","24","69","232","40","42","38","22","1016","809","0","0","0","0","0","-270500","5","-100.00","320","100","0","0","0","","0","0","0","","",""
"080130","0000","0","273500","274000","274500","275000","275500","276000","276500","277000","277500","278000","272500","272000","271500","271000","270500","270000","269500","269000","268500","268000","3","228","114","148","120","128","43","147","22","63","75","156","113","24","67","232","40","42","38","22","1016","809","0","0","0","0","0","-270500","5","-100.00","320","0","0","0","0","","0","0","0","","",""
"080130","0001","0","273500","274000","274500","275000","275500","276000","276500","277000","277500","278000","273000","272500","272000","271500","271000","270500","270000","269500","269000","268500","2","228","114","148","120","128","43","147","22","63","2","75","156","113","24","67","232","40","42","38","1015","789","0","0","0","0","0","-270500","5","-100.00","321","0","-20","0","0","","0","0","0","","",""
"080130","0002","0","273500","274000","274500","275000","275500","276000","276500","277000","277500","278000","273000","272500","272000","271500","271000","270500","270000","269500","269000","268500","3","228","114","148","120","128","43","147","22","63","10","75","156","113","24","67","232","40","47","38","1016","802","0","0","0","0","0","-270500","5","-100.00","321","0","8","0","0","","0","0","0","","",""
"080131","0000","0","273500","274000","274500","275000","275500","276000","276500","277000","277500","278000","273000","272500","272000","271500","271000","270500","270000","269500","269000","268500","3","228","114","148","122","128","77","147","22","63","10","75","156","113","24","67","232","40","47","38","1052","802","0","0","0","0","0","-270500","5","-100.00","321","36","0","0","0","","0","0","0","","",""
"080131","0001","0","273500","274000","274500","275000","275500","276000","276500","277000","277500","278000","273000","272500","272000","271500","271000","270500","270000","269500","269000","268500","2","228","114","148","122","128","77","147","22","63","10","75","156","113","24","67","232","40","47","38","1051","802","0","0","0","0","0","-270500","5","-100.00","322","-1","0","0","0","","0","0","0","","",""
"080133","0000","0","273500","274000","274500","275000","275500","276000","276500","277000","277500","278000","273000","272500","272000","271500","271000","270500","270000","269500","269000","268500","1","228","114","148","122","128","77","147","22","63","10","75","156","113","24","67","232","40","47","38","1050","802","0","0","0","0","0","-270500","5","-100.00","323","-1","0","0","0","","0","0","0","","",""
"080133","0001","0","273500","274000","274500","275000","275500","276000","276500","277000","277500","278000","273000","272500","272000","271500","271000","270500","270000","269500","269000","268500","1","228","114","149","122","128","77","147","22","63","10","75","156","113","24","67","232","40","47","38","1051","802","0","0","0","0","0","-270500","5","-100.00","323","1","0","0","0","","0","0","0","","",""
"080134","0000","0","273500","274000","274500","275000","275500","276000","276500","277000","277500","278000","273000","272500","272000","271500","271000","270500","270000","269500","269000","268500","1","228","114","149","122","128","77","148","22","63","10","75","156","113","24","67","232","40","47","38","1052","802","0","0","0","0","0","-270500","5","-100.00","323","1","0","0","0","","0","0","0","","",""
"080134","0001","0","274000","274500","275000","275500","276000","276500","277000","277500","278000","278500","273500","273000","272500","272000","271500","271000","270500","270000","269500","269000","228","114","149","122","128","77","148","22","63","237","4","10","75","156","113","24","67","232","40","47","1288","768","0","0","0","0","0","-270500","5","-100.00","324","236","-34","0","0","","0","0","0","","",""
"080134","0002","0","274000","274500","275000","275500","276000","276500","277000","277500","278000","278500","273500","273000","272500","272000","271500","271000","270500","270000","269500","269000","228","114","149","122","128","77","148","22","63","237","4","10","85","146","113","24","67","232","40","47","1288","768","0","0","0","0","0","-270500","5","-100.00","324","0","0","0","0","","0","0","0","","",""
"080134","0003","0","274000","274500","275000","275500","276000","276500","277000","277500","278000","278500","273500","273000","272500","272000","271500","271000","270500","270000","269500","269000","228","114","149","122","128","77","148","22","63","237","16","10","85","146","113","24","67","232","40","47","1288","780","0","0","0","0","0","-270500","5","-100.00","324","0","12","0","0","","0","0","0","","",""
"080135","0000","0","274000","274500","275000","275500","276000","276500","277000","277500","278000","278500","273500","273000","272500","272000","271500","271000","270500","270000","269500","269000","228","114","149","122","128","77","148","22","63","237","16","13","85","146","113","24","68","231","40","47","1288","783","0","0","0","0","0","-270500","5","-100.00","324","0","3","0","0","","0","0","0","","",""
"080135","0001","0","274000","274500","275000","275500","276000","276500","277000","277500","278000","278500","273500","273000","272500","272000","271500","271000","270500","270000","269500","269000","228","114","149","122","128","77","148","18","63","237","16","13","85","146","113","24","68","231","40","47","1284","783","0","0","0","0","0","-270500","5","-100.00","324","-4","0","0","0","","0","0","0","","",""
"080135","0002","0","274000","274500","275000","275500","276000","276500","277000","277500","278000","278500","273500","273000","272500","272000","271500","271000","270500","270000","269500","269000","218","114","149","122","128","77","148","18","63","237","16","13","85","146","113","24","68","231","40","47","1274","783","0","0","0","0","0","-270500","5","-100.00","334","-10","0","0","0","","0","0","0","","",""
"080137","0000","0","274000","274500","275000","275500","276000","276500","277000","277500","278000","278500","273500","273000","272500","272000","271500","271000","270500","270000","269500","269000","218","114","149","122","128","77","148","18","63","237","16","13","85","146","113","24","68","234","40","47","1274","786","0","0","0","0","0","-270500","5","-100.00","334","0","3","0","0","","0","0","0","","",""
"080137","0001","0","274000","274500","275000","275500","276000","276500","277000","277500","278000","278500","273500","273000","272500","272000","271500","271000","270500","270000","269500","269000","218","114","149","122","128","77","148","18","63","237","18","13","85","146","113","24","68","234","40","47","1274","788","0","0","0","0","0","-270500","5","-100.00","334","0","2","0","0","","0","0","0","","",""
"080137","0002","0","274000","274500","275000","275500","276000","276500","277000","277500","278000","278500","273500","273000","272500","272000","271500","271000","270500","270000","269500","269000","218","114","149","122","128","77","148","18","63","237","18","13","85","146","113","24","68","234","41","47","1274","789","0","0","0","0","0","-270500","5","-100.00","334","0","1","0","0","","0","0","0","","",""
"080138","0000","0","274000","274500","275000","275500","276000","276500","277000","277500","278000","278500","273500","273000","272500","272000","271500","271000","270500","270000","269500","269000","218","114","149","122","128","77","148","18","63","237","22","13","85","146","113","24","68","234","41","47","1274","793","0","0","0","0","0","-270500","5","-100.00","334","0","4","0","0","","0","0","0","","",""
"080138","0001","0","274000","274500","275000","275500","276000","276500","277000","277500","278000","278500","273500","273000","272500","272000","271500","271000","270500","270000","269500","269000","218","114","149","122","128","77","148","18","107","286","22","13","85","146","113","24","68","234","41","47","1367","793","0","0","0","0","0","-270500","5","-100.00","334","93","0","0","0","","0","0","0","","",""
"080138","0002","0","274000","274500","275000","275500","276000","276500","277000","277500","278000","278500","273500","273000","272500","272000","271500","271000","270500","270000","269500","269000","218","114","149","123","128","77","148","58","107","286","22","13","85","146","113","24","68","234","41","47","1408","793","0","0","0","0","0","-270500","5","-100.00","334","1","0","0","0","","0","0","0","","",""
"080139","0000","0","274000","274500","275000","275500","276000","276500","277000","277500","278000","278500","273500","273000","272500","272000","271500","271000","270500","270000","269500","269000","208","114","149","123","128","108","183","58","107","286","1","13","85","146","113","24","68","234","41","47","1464","772","0","0","0","0","0","-270500","5","-100.00","355","31","0","0","0","","0","0","0","","",""
"080139","0001","0","273500","274000","274500","275000","275500","276000","276500","277000","277500","278000","273000","272500","272000","271500","271000","270500","270000","269500","269000","268500","9","208","114","149","123","154","108","183","58","107","13","85","146","113","24","68","234","41","47","38","1213","809","0","0","0","0","0","-270500","5","-100.00","356","26","0","0","0","","0","0","0","","",""
"080139","0002","0","273500","274000","274500","275000","275500","276000","276500","277000","277500","278000","273000","272500","272000","271500","271000","270500","270000","269500","269000","268500","9","208","114","167","145","154","108","183","58","107","13","85","146","113","24","68","234","41","47","38","1253","809","0","0","0","0","0","-270500","5","-100.00","356","40","0","0","0","","0","0","0","","",""
"080139","0003","0","273500","274000","274500","275000","275500","276000","276500","277000","277500","278000","273000","272500","272000","271500","271000","270500","270000","269500","269000","268500","6","217","127","167","145","154","108","183","58","107","10","85","146","113","24","68","234","41","47","38","1272","806","0","0","0","0","0","-270500","5","-100.00","359","6","-3","0","0","","0","0","0","","",""
"080139","0004","0","273500","274000","274500","275000","275500","276000","276500","277000","277500","278000","273000","272500","272000","271500","271000","270500","270000","269500","269000","268500","20","207","127","167","145","154","108","183","58","107","10","85","146","113","24","68","234","41","47","38","1276","806","0","0","0","0","0","-270500","5","-100.00","359","0","0","0","0","","0","0","0","","",""
"080140","0000","0","273500","274000","274500","275000","275500","276000","276500","277000","277500","278000","273000","272500","272000","271500","271000","270500","270000","269500","269000","268500","20","208","127","167","145","154","108","183","60","107","10","85","146","113","24","68","234","41","47","38","1279","806","0","0","0","0","0","-270500","5","-100.00","359","3","0","0","0","","0","0","0","","",""
"080140","0001","0","273500","274000","274500","275000","275500","276000","276500","277000","277500","278000","273000","272500","272000","271500","271000","270500","270000","269500","269000","268500","20","208","127","167","145","154","108","183","60","107","10","85","146","113","24","68","234","51","47","38","1279","816","0","0","0","0","0","-270500","5","-100.00","359","0","10","0","0","","0","0","0","","",""
"080141","0000","0","273500","274000","274500","275000","275500","276000","276500","277000","277500","278000","273000","272500","272000","271500","271000","270500","270000","269500","269000","268500","20","208","128","167","145","154","108","183","60","110","10","85","146","113","24","68","234","51","47","38","1283","816","0","0","0","0","0","-270500","5","-100.00","359","3","0","0","0","","0","0","0","","",""
"080141","0001","0","273500","274000","274500","275000","275500","276000","276500","277000","277500","278000","273000","272500","272000","271500","271000","270500","270000","269500","269000","268500","20","208","128","167","145","155","108","183","60","110","10","85","146","113","24","68","234","51","47","38","1284","816","0","0","0","0","0","-270500","5","-100.00","359","1","0","0","0","","0","0","0","","",""
"080141","0002","0","273500","274000","274500","275000","275500","276000","276500","277000","277500","278000","273000","272500","272000","271500","271000","270500","270000","269500","269000","268500","26","208","128","167","145","155","108","183","60","110","10","85","146","113","24","68","234","51","47","38","1290","816","0","0","0","0","0","-270500","5","-100.00","359","6","0","0","0","","0","0","0","","",""
"080142","0000","0","273500","274000","274500","275000","275500","276000","276500","277000","277500","278000","273000","272500","272000","271500","271000","270500","270000","269500","269000","268500","24","208","128","167","145","155","108","183","60","110","10","85","146","113","24","68","234","51","47","38","1288","816","0","0","0","0","0","-270500","5","-100.00","361","-2","0","0","0","","0","0","0","","",""
"080142","0001","0","273500","274000","274500","275000","275500","276000","276500","277000","277500","278000","273000","272500","272000","271500","271000","270500","270000","269500","269000","268500","24","208","128","167","145","155","108","183","60","110","10","85","146","113","24","68","239","51","47","38","1288","821","0","0","0","0","0","-270500","5","-100.00","361","0","5","0","0","","0","0","0","","",""
"080144","0000","0","273500","274000","274500","275000","275500","276000","276500","277000","277500","278000","273000","272500","272000","271500","271000","270500","270000","269500","269000","268500","31","208","128","167","145","155","108","183","60","110","10","85","146","113","24","68","239","51","47","38","1295","821","0","0","0","0","0","-270500","5","-100.00","361","7","0","0","0","","0","0","0","","",""
"080144","0001","0","273500","274000","274500","275000","275500","276000","276500","277000","277500","278000","273000","272500","272000","271500","271000","270500","270000","269500","269000","268500","31","208","128","167","145","155","108","183","60","110","12","85","146","113","24","68","239","51","47","38","1295","823","0","0","0","0","0","-270500","5","-100.00","361","0","2","0","0","","0","0","0","","",""
"080144","0002","0","273500","274000","274500","275000","275500","276000","276500","277000","277500","278000","273000","272500","272000","271500","271000","270500","270000","269500","269000","268500","31","208","128","167","145","155","108","183","60","110","12","85","156","113","24","68","239","51","47","38","1295","833","0","0","0","0","0","-270500","5","-100.00","361","0","10","0","0","","0","0","0","","",""
"080145","0000","0","273500","274000","274500","275000","275500","276000","276500","277000","277500","278000","273000","272500","272000","271500","271000","270500","270000","269500","269000","268500","31","208","128","167","145","155","108","183","114","110","12","85","156","113","24","68","239","51","47","38","1349","833","0","0","0","0","0","-270500","5","-100.00","361","54","0","0","0","","0","0","0","","",""
"080146","0000","0","273500","274000","274500","275000","275500","276000","276500","277000","277500","278000","273000","272500","272000","271500","271000","270500","270000","269500","269000","268500","31","208","128","168","145","155","108","183","114","110","12","85","156","113","24","68","239","51","47","38","1350","833","0","0","0","0","0","-270500","5","-100.00","361","1","0","0","0","","0","0","0","","",""
"080146","0001","0","273500","274000","274500","275000","275500","276000","276500","277000","277500","278000","273000","272500","272000","271500","271000","270500","270000","269500","269000","268500","31","226","128","168","145","155","108","183","114","110","12","85","156","113","24","68","239","51","47","38","1368","833","0","0","0","0","0","-270500","5","-100.00","361","18","0","0","0","","0","0","0","","",""
"080146","0002","0","273500","274000","274500","275000","275500","276000","276500","277000","277500","278000","273000","272500","272000","271500","271000","270500","270000","269500","269000","268500","29","226","128","168","145","155","108","183","114","110","12","85","156","113","24","68","239","51","47","38","1366","833","0","0","0","0","0","-270500","5","-100.00","363","-2","0","0","0","","0","0","0","","",""
"080147","0000","0","273500","274000","274500","275000","275500","276000","276500","277000","277500","278000","273000","272500","272000","271500","271000","270500","270000","269500","269000","268500","7","226","128","168","145","155","108","183","114","110","12","85","156","113","24","68","239","51","47","38","1344","833","0","0","0","0","0","-270500","5","-100.00","379","-22","0","0","0","","0","0","0","","",""
"080148","0000","0","273500","274000","274500","275000","275500","276000","276500","277000","277500","278000","273000","272500","272000","271500","271000","270500","270000","269500","269000","268500","9","226","128","168","145","155","108","183","114","110","12","85","156","113","24","68","239","51","47","38","1346","833","0","0","0","0","0","-270500","5","-100.00","379","2","0","0","0","","0","0","0","","",""
"080148","0001","0","273500","274000","274500","275000","275500","276000","276500","277000","277500","278000","273000","272500","272000","271500","271000","270500","270000","269500","269000","268500","16","316","128","168","145","155","108","183","114","110","12","85","156","113","24","68","239","51","47","38","1443","833","0","0","0","0","0","-270500","5","-100.00","379","97","0","0","0","","0","0","0","","",""
"080149","0000","0","273500","274000","274500","275000","275500","276000","276500","277000","277500","278000","273000","272500","272000","271500","271000","270500","270000","269500","269000","268500","18","316","128","168","145","155","108","183","114","110","12","85","156","113","24","68","239","51","47","38","1445","833","0","0","0","0","0","-270500","5","-100.00","379","2","0","0","0","","0","0","0","","",""
"080149","0001","0","273500","274000","274500","275000","275500","276000","276500","277000","277500","278000","273000","272500","272000","271500","271000","270500","270000","269500","269000","268500","18","316","128","168","145","155","108","183","114","110","12","75","147","113","24","68","239","51","47","38","1445","814","0","0","0","0","0","-270500","5","-100.00","379","0","1","0","0","","0","0","0","","",""
"080149","0002","0","273500","274000","274500","275000","275500","276000","276500","277000","277500","278000","273000","272500","272000","271500","271000","270500","270000","269500","269000","268500","18","316","128","168","145","155","108","183","114","110","23","75","147","113","24","68","239","51","47","38","1445","825","0","0","0","0","0","-270500","5","-100.00","379","0","11","0","0","","0","0","0","","",""
"080151","0000","0","273500","274000","274500","275000","275500","276000","276500","277000","277500","278000","273000","272500","272000","271500","271000","270500","270000","269500","269000","268500","18","316","128","168","145","155","108","183","114","115","23","75","147","113","24","68","239","51","47","38","1450","825","0","0","0","0","0","-270500","5","-100.00","379","5","0","0","0","","0","0","0","","",""
"080151","0001","0","273500","274000","274500","275000","275500","276000","276500","277000","277500","278000","273000","272500","272000","271500","271000","270500","270000","269500","269000","268500","18","316","128","168","145","155","108","183","114","115","25","75","147","113","24","68","239","51","47","38","1450","827","0","0","0","0","0","-270500","5","-100.00","379","0","2","0","0","","0","0","0","","",""
