"time","millisec","HOUR_CLS_CODE","ASKP1","ASKP2","ASKP3","ASKP4","ASKP5","ASKP6","ASKP7","ASKP8","ASKP9","ASKP10","BIDP1","BIDP2","BIDP3","BIDP4","BIDP5","BIDP6","BIDP7","BIDP8","BIDP9","BIDP10","ASKP_RSQN1","ASKP_RSQN2","ASKP_RSQN3","ASKP_RSQN4","ASKP_RSQN5","ASKP_RSQN6","ASKP_RSQN7","ASKP_RSQN8","ASKP_RSQN9","ASKP_RSQN10","BIDP_RSQN1","BIDP_RSQN2","BIDP_RSQN3","BIDP_RSQN4","BIDP_RSQN5","BIDP_RSQN6","BIDP_RSQN7","BIDP_RSQN8","BIDP_RSQN9","BIDP_RSQN10","TOTAL_ASKP_RSQN","TOTAL_BIDP_RSQN","OVTM_TOTAL_ASKP_RSQN","OVTM_TOTAL_BIDP_RSQN","ANTC_CNPR","ANTC_CNQN","ANTC_VOL","ANTC_CNTG_VRSS","ANTC_CNTG_VRSS_SIGN","ANTC_CNTG_PRDY_CTRT","ACML_VOL","TOTAL_ASKP_RSQN_ICDC","TOTAL_BIDP_RSQN_ICDC","OVTM_TOTAL_ASKP_ICDC","OVTM_TOTAL_BIDP_ICDC","STCK_DEAL_CLS_CODE","KMID_PRC","KMID_TOTAL_RSQN","KMID_CLS_CODE","NMID_PRC","NMID_TOTAL_RSQN","NMID_CLS_CODE"
"080000","0000","0","159500","159700","161500","162200","166700","0","0","0","0","0","157000","0","0","0","0","0","0","0","0","0","2","4","50","40","28","0","0","0","0","0","3","0","0","0","0","0","0","0","0","0","124","3","0","0","0","0","0","-158800","5","-100.00","0","0","0","0","0","","0","0","0","","",""
"080001","0000","0","159400","159500","159700","161500","162200","162300","164900","165300","166700","175000","157000","156600","156400","156200","151000","0","0","0","0","0","70","2","8","50","40","5","10","140","28","35","3","100","300","3","200","0","0","0","0","0","388","606","0","0","0","0","0","-158800","5","-100.00","0","264","603","0","0","","0","0","0","","",""
"080001","0001","0","159400","159500","159700","159800","160000","161000","161500","162200","162300","162400","158400","157000","156600","156500","156400","156200","151000","150500","143500","0","70","2","8","2","100","1","50","40","5","1","2","3","100","3","300","3","200","1","10","0","279","622","0","0","0","0","0","-158800","5","-100.00","0","-109","16","0","0","","0","0","0","","",""
"080002","0000","0","159400","159500","159700","159800","159900","160000","160500","161000","161500","162200","158400","157100","157000","156600","156500","156400","156200","154400","151000","150500","132","2","8","2","30","100","32","1","50","40","2","4","3","100","3","300","3","130","200","1","397","746","0","0","0","0","0","-158800","5","-100.00","0","118","124","0","0","","0","0","0","","",""
"080002","0001","0","158800","159400","159500","159700","159800","159900","160000","160500","161000","161500","158400","157100","157000","156600","156500","156400","156300","156200","155800","154400","1","132","2","8","2","30","100","32","1","50","2","4","3","100","3","300","33","3","33","130","358","611","0","0","0","0","0","-158800","5","-100.00","0","-39","-135","0","0","","0","0","0","","",""
"080003","0000","0","158800","159400","159500","159700","159800","159900","160000","160500","161000","161500","158400","157100","157000","156600","156500","156400","156300","156200","155800","155000","1","132","2","8","2","30","100","32","1","50","2","8","3","100","3","300","33","3","33","10","358","495","0","0","0","0","0","-158800","5","-100.00","0","0","-116","0","0","","0","0","0","","",""
"080003","0001","0","158800","159400","159500","159700","159800","159900","160000","160500","160700","161000","158400","157100","157000","156600","156500","156400","156300","156200","155800","155000","1","132","2","8","2","30","100","32","25","1","2","8","3","100","3","300","33","3","33","11","333","496","0","0","0","0","0","-158800","5","-100.00","0","-25","1","0","0","","0","0","0","","",""
"080004","0000","0","158800","159400","159500","159700","159800","159900","160000","160500","160700","161000","158400","157100","157000","156600","156500","156400","156300","156200","155800","155500","21","132","2","8","2","30","100","32","25","1","2","8","3","100","3","300","33","3","33","800","353","1285","0","0","0","0","0","-158800","5","-100.00","0","20","789","0","0","","0","0","0","","",""
"080004","0001","0","158800","159400","159500","159700","159800","159900","160000","160500","160700","161000","158400","157100","157000","156600","156500","156400","156300","156200","155800","155500","21","132","82","8","2","30","100","32","25","1","2","8","3","100","3","300","33","3","33","800","433","1285","0","0","0","0","0","-158800","5","-100.00","0","80","0","0","0","","0","0","0","","",""
"080005","0000","0","158400","158800","159200","159400","159500","159700","159800","159900","160000","160500","157100","157000","156600","156500","156400","156300","156200","155800","155500","155000","36","21","2","132","82","8","2","30","100","32","8","3","100","3","300","33","3","33","800","11","445","1294","0","0","0","0","0","-158800","5","-100.00","2","12","9","0","0","","0","0","0","","",""
"080006","0000","0","158400","158800","159200","159400","159500","159700","159800","159900","160000","160500","157100","157000","156600","156500","156400","156300","156200","155900","155800","155600","36","21","2","132","82","8","2","30","100","32","8","3","100","8","300","33","8","5","33","5","445","503","0","0","0","0","0","-158800","5","-100.00","2","0","-791","0","0","","0","0","0","","",""
"080007","0000","0","158400","158800","159200","159400","159500","159600","159700","159800","159900","160000","157100","157000","156600","156500","156400","156300","156200","155900","155800","155600","36","21","2","132","82","5","8","2","30","100","8","3","100","8","300","33","8","5","33","5","418","503","0","0","0","0","0","-158800","5","-100.00","2","-27","0","0","0","","0","0","0","","",""
"080007","0001","0","158400","158800","159200","159400","159500","159600","159700","159800","159900","160000","157100","157000","156600","156500","156400","156300","156200","156000","155900","155800","36","21","2","132","82","5","8","2","30","100","8","3","100","8","300","33","8","1","5","33","418","499","0","0","0","0","0","-158800","5","-100.00","2","0","-4","0","0","","0","0","0","","",""
"080008","0000","0","158400","158800","159200","159300","159400","159500","159600","159700","159800","159900","157100","157000","156600","156500","156400","156300","156200","156000","155900","155800","36","21","2","50","132","82","5","8","2","30","8","3","100","8","300","33","8","1","5","33","368","499","0","0","0","0","0","-158800","5","-100.00","2","-50","0","0","0","","0","0","0","","",""
"080008","0001","0","158400","158800","159200","159300","159400","159500","159600","159700","159800","159900","157100","157000","156700","156600","156500","156400","156300","156200","156000","155900","36","21","2","50","132","82","5","8","2","30","8","3","500","100","8","300","33","8","1","5","368","966","0","0","0","0","0","-158800","5","-100.00","2","0","467","0","0","","0","0","0","","",""
"080009","0000","0","158300","158400","158800","159200","159300","159400","159500","159600","159700","159800","157100","157000","156700","156600","156500","156400","156300","156200","156000","155900","14","36","21","2","50","138","82","5","8","2","8","3","500","100","8","300","33","8","1","5","358","966","0","0","0","0","0","-158800","5","-100.00","2","-10","0","0","0","","0","0","0","","",""
"080009","0001","0","158300","158400","158800","159200","159300","159400","159500","159600","159700","159800","157100","157000","156700","156600","156500","156400","156300","156200","156000","155900","14","36","21","2","50","138","82","5","8","2","8","3","500","100","8","301","33","8","1","5","358","967","0","0","0","0","0","-158800","5","-100.00","2","0","1","0","0","","0","0","0","","",""
"080009","0002","0","158300","158400","158800","159200","159300","159400","159500","159600","159700","159800","157100","157000","156700","156600","156500","156400","156300","156200","156000","155900","14","36","21","2","50","138","82","5","8","2","8","3","500","105","8","301","33","8","1","5","358","972","0","0","0","0","0","-158800","5","-100.00","2","0","5","0","0","","0","0","0","","",""
"080010","0000","0","158300","158400","158800","159200","159300","159400","159500","159600","159700","159800","157100","157000","156700","156600","156500","156400","156300","156200","156000","155900","14","36","21","2","50","138","82","5","8","2","8","3","500","105","8","301","33","8","11","5","358","982","0","0","0","0","0","-158800","5","-100.00","2","0","10","0","0","","0","0","0","","",""
"080011","0000","0","158300","158400","158800","159200","159300","159400","159500","159600","159700","159800","157100","157000","156700","156600","156500","156400","156300","156200","156000","155900","14","36","21","2","50","138","82","5","16","2","8","3","500","105","8","301","33","8","11","5","366","982","0","0","0","0","0","-158800","5","-100.00","2","8","0","0","0","","0","0","0","","",""
"080012","0000","0","158300","158400","158800","159200","159300","159400","159500","159600","159700","159800","157100","157000","156700","156600","156500","156400","156300","156200","156000","155900","14","36","21","2","50","138","82","5","16","2","8","3","500","105","8","301","33","8","11","5","366","982","0","0","0","0","0","-158800","5","-100.00","2","0","0","0","0","","0","0","0","","",""
"080012","0001","0","158300","158400","158800","159100","159200","159300","159400","159500","159600","159700","157100","157000","156700","156600","156500","156400","156300","156200","156000","155900","14","36","21","70","2","50","138","82","5","16","8","3","500","105","8","301","33","8","11","5","434","982","0","0","0","0","0","-158800","5","-100.00","2","68","0","0","0","","0","0","0","","",""
"080014","0000","0","158300","158400","158800","159100","159200","159300","159400","159500","159600","159700","157100","157000","156700","156600","156500","156400","156300","156200","156000","155900","14","36","21","70","2","50","138","82","5","16","8","3","500","105","9","301","33","8","11","5","434","983","0","0","0","0","0","-158800","5","-100.00","2","0","1","0","0","","0","0","0","","",""
"080015","0000","0","158300","158400","158800","159100","159200","159300","159400","159500","159600","159700","157100","157000","156700","156600","156500","156400","156300","156200","156000","155900","14","36","21","70","2","50","138","82","5","16","8","3","500","105","9","301","33","8","11","5","434","983","0","0","0","0","0","-158800","5","-100.00","2","0","0","0","0","","0","0","0","","",""
"080015","0001","0","158300","158400","158800","159100","159200","159300","159400","159500","159600","159700","157100","157000","156700","156600","156500","156400","156300","156200","156000","155900","13","36","21","70","2","100","138","82","5","16","8","4","500","105","9","301","33","8","11","5","483","984","0","0","0","0","0","-158800","5","-100.00","3","49","1","0","0","","0","0","0","","",""
"080016","0000","0","158300","158400","158800","159100","159200","159300","159400","159500","159600","159700","157100","157000","156700","156600","156500","156400","156300","156200","156000","155900","12","36","21","70","2","100","138","82","5","16","8","4","500","105","9","301","33","8","11","5","482","984","0","0","0","0","0","-158800","5","-100.00","4","-1","0","0","0","","0","0","0","","",""
"080017","0000","0","158300","158400","158800","159100","159200","159300","159400","159500","159600","159700","157100","157000","156700","156600","156500","156400","156300","156200","156000","155900","10","36","21","70","2","100","138","82","5","16","8","4","500","105","9","301","33","8","11","5","480","984","0","0","0","0","0","-158800","5","-100.00","6","-2","0","0","0","","0","0","0","","",""
"080018","0000","0","158300","158400","158800","159100","159200","159300","159400","159500","159600","159700","157100","157000","156700","156600","156500","156400","156300","156200","156000","155900","10","36","25","70","2","100","138","82","5","16","8","4","500","105","9","301","33","8","11","5","484","984","0","0","0","0","0","-158800","5","-100.00","6","4","0","0","0","","0","0","0","","",""
"080018","0001","0","158300","158400","158800","159100","159200","159300","159400","159500","159600","159700","157100","157000","156700","156600","156500","156400","156300","156200","156000","155900","10","36","25","70","2","100","138","82","5","16","8","5","500","105","9","301","33","8","11","5","484","985","0","0","0","0","0","-158800","5","-100.00","6","0","1","0","0","","0","0","0","","",""
"080019","0000","0","158300","158400","158800","159100","159200","159300","159400","159500","159600","159700","157100","157000","156700","156600","156500","156400","156300","156200","156000","155900","10","36","25","70","2","100","138","82","5","16","58","5","500","105","9","301","33","8","11","5","484","1035","0","0","0","0","0","-158800","5","-100.00","6","0","50","0","0","","0","0","0","","",""
"080021","0000","0","158300","158400","158800","159100","159200","159300","159400","159500","159600","159700","157100","157000","156700","156600","156500","156400","156300","156200","156000","155900","10","36","25","70","5","100","138","82","5","16","58","5","500","105","9","301","33","8","11","5","487","1035","0","0","0","0","0","-158800","5","-100.00","6","3","0","0","0","","0","0","0","","",""
"080021","0001","0","158300","158400","158800","159100","159200","159300","159400","159500","159600","159700","158200","157200","157100","157000","156700","156600","156500","156400","156300","156200","10","36","25","70","5","100","138","82","5","16","1","10","58","5","500","105","9","301","33","8","487","1030","0","0","0","0","0","-158800","5","-100.00","15","0","-5","0","0","","0","0","0","","",""
"080022","0000","0","158300","158700","158800","159100","159200","159300","159400","159500","159600","159700","157100","157000","156700","156600","156500","156400","156300","156200","156000","155900","10","4","25","70","5","100","138","82","5","16","95","5","500","105","9","301","33","8","11","5","455","1072","0","0","0","0","0","-158800","5","-100.00","51","-32","42","0","0","","0","0","0","","",""
"080023","0000","0","158300","158700","158800","159000","159100","159200","159300","159400","159500","159600","157100","157000","156700","156600","156500","156400","156300","156200","156000","155900","10","4","25","3","70","5","100","138","82","5","95","5","500","105","9","301","33","8","11","5","442","1072","0","0","0","0","0","-158800","5","-100.00","51","-13","0","0","0","","0","0","0","","",""
"080023","0001","0","158300","158700","158800","159000","159100","159200","159300","159400","159500","159600","157100","157000","156700","156600","156500","156400","156300","156200","156000","155900","10","4","25","3","70","5","100","138","82","5","95","10","500","105","9","301","33","8","11","5","442","1077","0","0","0","0","0","-158800","5","-100.00","51","0","5","0","0","","0","0","0","","",""
"080024","0000","0","158300","158700","158800","159000","159100","159200","159300","159400","159500","159600","157100","157000","156700","156600","156500","156400","156300","156200","156000","155900","10","4","25","3","70","5","100","138","82","5","95","10","500","105","9","301","33","18","11","5","442","1087","0","0","0","0","0","-158800","5","-100.00","51","0","10","0","0","","0","0","0","","",""
"080025","0000","0","158300","158700","158800","159000","159100","159200","159300","159400","159500","159600","157500","157300","157100","157000","156700","156600","156500","156400","156300","156200","10","4","25","3","70","5","100","138","82","5","7","10","108","10","500","105","9","301","33","18","442","1101","0","0","0","0","0","-158800","5","-100.00","51","0","14","0","0","","0","0","0","","",""
"080026","0000","0","158300","158700","158800","159000","159100","159200","159300","159400","159500","159600","157500","157300","157100","157000","156700","156600","156500","156400","156300","156200","5","4","25","3","70","5","100","138","82","5","7","10","108","10","500","105","9","301","33","18","437","1101","0","0","0","0","0","-158800","5","-100.00","56","-5","0","0","0","","0","0","0","","",""
"080027","0000","0","158300","158700","158800","159000","159100","159200","159300","159400","159500","159600","157500","157300","157100","157000","156700","156600","156500","156400","156300","156200","5","4","25","3","70","5","100","138","383","5","7","10","108","10","500","105","9","301","33","18","738","1101","0","0","0","0","0","-158800","5","-100.00","56","301","0","0","0","","0","0","0","","",""
"080027","0001","0","158300","158700","158800","159000","159100","159200","159300","159400","159500","159600","157500","157300","157100","157000","156700","156600","156500","156400","156300","156200","5","4","25","3","70","5","100","156","383","5","7","10","108","10","500","105","9","301","33","18","756","1101","0","0","0","0","0","-158800","5","-100.00","56","18","0","0","0","","0","0","0","","",""
"080027","0002","0","158300","158700","158800","159000","159100","159200","159300","159400","159500","159600","157500","157300","157100","157000","156700","156600","156500","156400","156300","156200","5","4","25","3","70","5","105","156","383","5","7","10","108","10","500","105","9","301","33","18","761","1101","0","0","0","0","0","-158800","5","-100.00","56","5","0","0","0","","0","0","0","","",""
"080028","0000","0","158300","158700","158800","159000","159100","159200","159300","159400","159500","159600","157500","157300","157100","157000","156700","156600","156500","156400","156300","156200","5","4","25","3","70","35","105","156","383","5","7","10","108","10","500","105","9","301","33","18","791","1101","0","0","0","0","0","-158800","5","-100.00","56","30","0","0","0","","0","0","0","","",""
"080029","0000","0","158300","158700","158800","159000","159100","159200","159300","159400","159500","159600","157500","157300","157100","157000","156700","156600","156500","156400","156300","156200","5","4","25","3","70","35","105","156","383","5","7","10","108","10","500","105","9","301","33","18","791","1101","0","0","0","0","0","-158800","5","-100.00","56","0","0","0","0","","0","0","0","","",""
"080029","0001","0","158300","158700","158800","159000","159100","159200","159300","159400","159500","159600","158100","157500","157300","157100","157000","156700","156600","156500","156400","156300","5","4","25","3","70","35","105","156","383","5","1","7","10","108","10","500","105","9","301","33","791","1084","0","0","0","0","0","-158800","5","-100.00","56","0","-17","0","0","","0","0","0","","",""
"080029","0002","0","158300","158700","158800","159000","159100","159200","159300","159400","159500","159600","158100","157500","157300","157100","157000","156700","156600","156500","156400","156300","5","4","25","3","70","35","105","156","383","5","1","7","10","108","10","500","105","9","301","33","791","1084","0","0","0","0","0","-158800","5","-100.00","56","0","0","0","0","","0","0","0","","",""
"080031","0000","0","158300","158700","158800","159000","159100","159200","159300","159400","159500","159600","158100","157500","157300","157100","157000","156700","156600","156500","156400","156300","5","4","28","3","70","35","105","156","383","5","1","7","10","108","10","500","105","9","301","33","794","1084","0","0","0","0","0","-158800","5","-100.00","56","3","0","0","0","","0","0","0","","",""
"080031","0001","0","158300","158700","158800","159000","159200","159300","159400","159500","159600","159700","158100","157500","157300","157100","157000","156700","156600","156500","156400","156300","5","4","28","3","35","105","156","383","5","36","1","7","10","108","10","500","105","9","301","33","760","1084","0","0","0","0","0","-158800","5","-100.00","56","-34","0","0","0","","0","0","0","","",""
"080031","0002","0","158300","158700","158800","159000","159200","159300","159400","159500","159600","159700","158000","157500","157300","157100","157000","156700","156600","156500","156400","156300","205","4","28","3","35","105","156","383","5","36","1","7","10","108","10","500","105","9","301","33","960","1084","0","0","0","0","0","-158800","5","-100.00","106","200","0","0","0","","0","0","0","","",""
"080032","0000","0","158300","158700","158800","159000","159200","159300","159400","159500","159600","159700","158000","157500","157300","157100","157000","156700","156600","156500","156400","156300","236","4","28","3","35","105","156","383","5","36","1","7","12","108","10","500","105","9","301","33","991","1086","0","0","0","0","0","-158800","5","-100.00","106","31","2","0","0","","0","0","0","","",""
"080032","0001","0","158300","158700","158800","159000","159200","159300","159400","159500","159600","159700","158000","157500","157300","157100","157000","156700","156600","156500","156400","156300","236","4","53","3","35","105","156","383","5","36","1","7","12","108","10","500","105","9","301","33","1016","1086","0","0","0","0","0","-158800","5","-100.00","106","25","0","0","0","","0","0","0","","",""
"080032","0002","0","158300","158700","158800","159000","159200","159300","159400","159500","159600","159700","158000","157500","157300","157100","157000","156700","156600","156500","156400","156300","236","4","53","3","35","105","156","383","5","36","1","7","12","108","20","500","105","9","301","33","1016","1096","0","0","0","0","0","-158800","5","-100.00","106","0","10","0","0","","0","0","0","","",""
"080033","0000","0","158300","158700","158800","159000","159200","159300","159400","159500","159600","159700","158000","157500","157300","157100","157000","156700","156600","156500","156400","156300","265","4","53","3","35","105","156","383","5","51","1","7","12","108","20","500","105","9","301","33","1060","1096","0","0","0","0","0","-158800","5","-100.00","106","44","0","0","0","","0","0","0","","",""
"080036","0000","0","158300","158700","158800","159000","159200","159300","159400","159500","159600","159700","158000","157500","157300","157100","157000","156700","156600","156500","156400","156300","265","4","53","3","35","105","156","383","5","51","1","7","75","108","24","500","105","9","301","33","1060","1163","0","0","0","0","0","-158800","5","-100.00","106","0","67","0","0","","0","0","0","","",""
"080036","0001","0","158300","158700","158800","159000","159200","159300","159400","159500","159600","159700","158100","158000","157500","157300","157100","157000","156700","156600","156500","156400","265","4","53","3","35","105","156","383","5","51","7","1","7","75","108","24","500","105","9","301","1060","1137","0","0","0","0","0","-158800","5","-100.00","106","0","-26","0","0","","0","0","0","","",""
"080037","0000","0","158300","158700","158800","159000","159200","159300","159400","159500","159600","159700","158100","158000","157500","157300","157200","157100","157000","156700","156600","156500","265","4","53","3","35","105","156","383","5","51","7","1","7","75","15","108","24","500","105","9","1060","851","0","0","0","0","0","-158800","5","-100.00","106","0","-286","0","0","","0","0","0","","",""
"080038","0000","0","158300","158700","158800","159000","159200","159300","159400","159500","159600","159700","158100","158000","157500","157300","157200","157100","157000","156700","156600","156500","265","4","53","3","35","105","156","383","5","51","5","1","7","75","15","108","24","500","105","14","1060","854","0","0","0","0","0","-158800","5","-100.00","108","0","3","0","0","","0","0","0","","",""
"080038","0001","0","158300","158700","158800","159000","159200","159300","159400","159500","159600","159700","158100","158000","157500","157300","157200","157100","157000","156700","156600","156500","265","4","53","3","35","105","156","383","5","51","5","21","7","75","15","108","24","500","105","14","1060","874","0","0","0","0","0","-158800","5","-100.00","108","0","20","0","0","","0","0","0","","",""
"080038","0002","0","158300","158700","158800","159000","159200","159300","159400","159500","159600","159700","158100","158000","157500","157300","157200","157100","157000","156700","156600","156500","265","4","53","3","35","105","156","383","5","51","5","21","7","75","15","108","24","500","105","14","1060","874","0","0","0","0","0","-158800","5","-100.00","108","0","0","0","0","","0","0","0","","",""
"080039","0000","0","158300","158700","158800","159000","159200","159300","159400","159500","159600","159700","158100","158000","157500","157300","157200","157100","157000","156700","156600","156500","265","4","53","3","35","105","156","383","5","51","5","21","7","75","15","108","24","510","105","14","1060","884","0","0","0","0","0","-158800","5","-100.00","108","0","10","0","0","","0","0","0","","",""
"080039","0001","0","158300","158700","158800","159000","159200","159300","159400","159500","159600","159700","158100","158000","157500","157300","157200","157100","157000","156700","156600","156500","265","4","53","3","35","105","156","383","5","51","5","21","7","75","15","110","24","510","105","14","1060","886","0","0","0","0","0","-158800","5","-100.00","108","0","2","0","0","","0","0","0","","",""
"080039","0002","0","158300","158700","158800","159000","159200","159300","159400","159500","159600","159700","158100","158000","157500","157300","157200","157100","157000","156700","156600","156500","265","4","53","3","35","105","156","383","5","51","5","21","7","75","15","120","24","510","105","14","1060","896","0","0","0","0","0","-158800","5","-100.00","108","0","10","0","0","","0","0","0","","",""
"080040","0000","0","158300","158700","158800","159000","159200","159300","159400","159500","159600","159700","158100","158000","157500","157300","157200","157100","157000","156700","156600","156500","265","4","53","3","35","105","156","383","5","51","5","21","7","75","15","130","24","510","105","14","1060","906","0","0","0","0","0","-158800","5","-100.00","108","0","10","0","0","","0","0","0","","",""
"080041","0000","0","158300","158700","158800","159000","159200","159300","159400","159500","159600","159700","158100","158000","157500","157300","157200","157100","157000","156700","156600","156500","265","4","53","3","35","105","156","383","5","51","5","21","7","75","15","130","24","510","105","24","1060","916","0","0","0","0","0","-158800","5","-100.00","108","0","10","0","0","","0","0","0","","",""
"080041","0001","0","158300","158700","158800","159000","159200","159300","159400","159500","159600","159700","158100","158000","157500","157300","157200","157100","157000","156700","156600","156500","265","4","53","3","35","105","156","383","5","51","5","21","7","75","25","130","24","510","105","24","1060","926","0","0","0","0","0","-158800","5","-100.00","108","0","10","0","0","","0","0","0","","",""
"080042","0000","0","158300","158700","158800","159000","159200","159300","159400","159500","159600","159700","158100","158000","157500","157300","157200","157100","157000","156700","156600","156500","265","4","53","3","35","105","156","383","5","51","25","1","7","75","25","160","24","510","105","24","1060","956","0","0","0","0","0","-158800","5","-100.00","108","0","30","0","0","","0","0","0","","",""
"080042","0001","0","158300","158700","158800","159000","159200","159300","159400","159500","159600","159700","158100","158000","157500","157300","157200","157100","157000","156700","156600","156500","265","4","53","3","35","105","156","383","5","51","25","1","7","75","75","160","24","510","105","24","1060","1006","0","0","0","0","0","-158800","5","-100.00","108","0","50","0","0","","0","0","0","","",""
"080043","0000","0","158100","158300","158700","158800","159000","159200","159300","159400","159500","159600","158000","157500","157300","157200","157100","157000","156700","156600","156500","156400","1","236","4","53","3","35","105","156","383","5","1","7","75","75","160","24","510","105","24","301","981","1282","0","0","0","0","0","-158800","5","-100.00","136","-79","276","0","0","","0","0","0","","",""
"080043","0001","0","158300","158700","158800","159000","159200","159300","159400","159500","159600","159700","158000","157500","157300","157200","157100","157000","156700","156600","156500","156400","236","4","53","3","35","105","156","383","5","51","1","7","75","75","160","24","510","105","24","301","1031","1282","0","0","0","0","0","-158800","5","-100.00","137","50","0","0","0","","0","0","0","","",""
"080044","0000","0","158300","158700","158800","159000","159200","159300","159400","159500","159600","159700","158000","157500","157300","157200","157100","157000","156700","156600","156500","156400","236","4","53","4","35","105","156","383","5","51","1","7","75","75","160","24","510","105","24","301","1032","1282","0","0","0","0","0","-158800","5","-100.00","137","1","0","0","0","","0","0","0","","",""
"080045","0000","0","158100","158300","158700","158800","159000","159200","159300","159400","159500","159600","158000","157500","157300","157200","157100","157000","156700","156600","156500","156400","10","236","4","53","4","35","105","156","383","5","1","9","75","75","160","24","510","105","24","301","991","1284","0","0","0","0","0","-158800","5","-100.00","137","-41","2","0","0","","0","0","0","","",""
"080045","0001","0","158100","158300","158700","158800","159000","159200","159300","159400","159500","159600","158000","157500","157300","157200","157100","157000","156700","156600","156500","156400","10","236","4","53","4","35","105","156","383","5","1","9","75","75","180","24","510","105","24","311","991","1314","0","0","0","0","0","-158800","5","-100.00","137","0","30","0","0","","0","0","0","","",""
"080046","0000","0","158100","158300","158700","158800","159000","159200","159300","159400","159500","159600","158000","157500","157300","157200","157100","157000","156700","156600","156500","156400","10","236","4","53","4","35","105","156","383","5","1","11","75","75","180","24","510","105","24","311","991","1316","0","0","0","0","0","-158800","5","-100.00","137","0","2","0","0","","0","0","0","","",""
"080046","0001","0","158100","158300","158700","158800","159000","159200","159300","159400","159500","159600","158000","157500","157300","157200","157100","157000","156700","156600","156500","156400","9","236","4","53","4","35","105","156","383","5","1","11","75","75","180","24","510","105","24","311","990","1316","0","0","0","0","0","-158800","5","-100.00","138","-1","0","0","0","","0","0","0","","",""
"080048","0000","0","158100","158300","158700","158800","159000","159200","159300","159400","159500","159600","158000","157500","157300","157200","157100","157000","156700","156600","156500","156400","9","236","4","53","4","35","105","156","383","5","1","11","75","77","180","24","510","105","24","311","990","1318","0","0","0","0","0","-158800","5","-100.00","138","0","2","0","0","","0","0","0","","",""
"080050","0000","0","158100","158300","158700","158800","159000","159200","159300","159400","159500","159600","158000","157500","157300","157200","157100","157000","156700","156600","156500","156400","9","236","4","53","4","35","105","156","383","5","1","11","75","97","180","24","510","105","24","311","990","1338","0","0","0","0","0","-158800","5","-100.00","138","0","20","0","0","","0","0","0","","",""
"080052","0000","0","158100","158300","158700","158800","159000","159200","159300","159400","159500","159600","158000","157500","157300","157200","157100","157000","156700","156600","156500","156400","9","236","4","53","4","35","105","156","383","5","1","11","75","97","180","24","510","105","24","315","990","1342","0","0","0","0","0","-158800","5","-100.00","138","0","4","0","0","","0","0","0","","",""
"080053","0000","0","158100","158300","158700","158800","159000","159200","159300","159400","159500","159600","158000","157500","157300","157200","157100","157000","156700","156600","156500","156400","19","236","4","53","4","35","105","156","383","5","2","11","75","97","180","24","510","105","24","315","1000","1343","0","0","0","0","0","-158800","5","-100.00","138","10","1","0","0","","0","0","0","","",""
"080053","0001","0","158100","158300","158700","158800","159000","159200","159300","159400","159500","159600","158000","157500","157300","157200","157100","157000","156700","156600","156500","156400","19","236","4","53","4","35","105","156","383","5","2","11","75","97","180","44","510","105","24","325","1000","1373","0","0","0","0","0","-158800","5","-100.00","138","0","30","0","0","","0","0","0","","",""
"080054","0000","0","158100","158300","158700","158800","159000","159200","159300","159400","159500","159600","158000","157500","157300","157200","157100","157000","156700","156600","156500","156400","19","236","4","53","4","35","105","156","523","5","2","11","75","97","180","44","510","105","24","325","1140","1373","0","0","0","0","0","-158800","5","-100.00","138","140","0","0","0","","0","0","0","","",""
"080054","0001","0","158100","158300","158700","158800","159000","159200","159300","159400","159500","159600","158000","157500","157300","157200","157100","157000","156700","156600","156500","156400","19","236","4","53","4","35","105","156","523","5","2","11","125","97","180","44","510","105","54","325","1140","1453","0","0","0","0","0","-158800","5","-100.00","138","0","80","0","0","","0","0","0","","",""
"080054","0002","0","158100","158300","158700","158800","159000","159200","159300","159400","159500","159600","158000","157500","157300","157200","157100","157000","156700","156600","156500","156400","4","236","4","53","4","35","105","156","523","5","2","11","125","97","180","44","510","105","54","325","1125","1453","0","0","0","0","0","-158800","5","-100.00","153","-15","0","0","0","","0","0","0","","",""
"080055","0000","0","158100","158300","158700","158800","159000","159200","159300","159400","159500","159600","158000","157500","157300","157200","157100","157000","156700","156600","156500","156400","4","236","4","53","4","35","105","156","523","5","2","14","125","97","180","44","510","105","54","325","1125","1456","0","0","0","0","0","-158800","5","-100.00","153","0","3","0","0","","0","0","0","","",""
"080055","0001","0","158100","158300","158700","158800","159000","159200","159300","159400","159500","159600","158000","157500","157300","157200","157100","157000","156700","156600","156500","156400","4","236","4","53","4","35","105","156","523","5","2","14","125","97","180","44","510","105","56","325","1125","1458","0","0","0","0","0","-158800","5","-100.00","153","0","2","0","0","","0","0","0","","",""
"080056","0000","0","158100","158300","158700","158800","159000","159200","159300","159400","159500","159600","158000","157500","157300","157200","157100","157000","156700","156600","156500","156400","4","236","4","53","4","35","105","156","523","5","2","14","125","97","180","44","510","105","58","325","1125","1460","0","0","0","0","0","-158800","5","-100.00","153","0","2","0","0","","0","0","0","","",""
"080056","0001","0","158100","158300","158700","158800","159000","159200","159300","159400","159500","159600","158000","157500","157300","157200","157100","157000","156700","156600","156500","156400","9","236","4","53","4","35","105","156","523","5","2","14","125","97","180","44","510","105","58","325","1130","1460","0","0","0","0","0","-158800","5","-100.00","153","5","0","0","0","","0","0","0","","",""
"080057","0000","0","158100","158300","158700","158800","159000","159200","159300","159400","159500","159600","158000","157500","157300","157200","157100","157000","156700","156600","156500","156400","36","236","4","53","4","35","105","156","523","5","2","14","125","97","180","44","510","105","58","325","1157","1460","0","0","0","0","0","-158800","5","-100.00","153","27","0","0","0","","0","0","0","","",""
"080058","0000","0","158100","158300","158700","158800","159000","159200","159300","159400","159500","159600","158000","157500","157300","157200","157100","157000","156700","156600","156500","156400","16","236","4","53","4","76","105","156","523","5","2","14","125","97","180","44","510","105","58","325","1178","1460","0","0","0","0","0","-158800","5","-100.00","173","21","0","0","0","","0","0","0","","",""
"080059","0000","0","158100","158300","158700","158800","159000","159200","159300","159400","159500","159600","158000","157500","157300","157200","157100","157000","156700","156600","156500","156400","15","236","4","53","4","76","105","156","523","5","2","14","125","97","180","44","510","105","58","325","1177","1460","0","0","0","0","0","-158800","5","-100.00","174","-1","0","0","0","","0","0","0","","",""
"080059","0001","0","158100","158300","158700","158800","159000","159200","159300","159400","159500","159600","158000","157500","157300","157200","157100","157000","156700","156600","156500","156400","14","236","4","53","4","76","105","156","523","5","2","14","125","97","180","46","510","105","58","325","1176","1462","0","0","0","0","0","-158800","5","-100.00","175","-1","2","0","0","","0","0","0","","",""
"080059","0002","0","158100","158300","158700","158800","159000","159200","159300","159400","159500","159600","158000","157500","157300","157200","157100","157000","156700","156600","156500","156400","14","236","4","53","4","76","105","156","524","5","2","14","125","97","180","46","510","105","58","325","1177","1462","0","0","0","0","0","-158800","5","-100.00","175","1","0","0","0","","0","0","0","","",""
"080101","0000","0","158100","158300","158700","158800","159000","159200","159300","159400","159500","159600","158000","157500","157300","157200","157100","157000","156700","156600","156500","156400","14","236","4","53","9","76","105","156","524","5","2","14","125","97","180","46","510","105","58","325","1182","1462","0","0","0","0","0","-158800","5","-100.00","175","5","0","0","0","","0","0","0","","",""
"080101","0001","0","158100","158300","158700","158800","159000","159200","159300","159400","159500","159600","158000","157500","157300","157200","157100","157000","156700","156600","156500","156400","45","236","4","53","9","76","105","156","524","5","2","15","125","97","180","47","510","105","58","325","1213","1464","0","0","0","0","0","-158800","5","-100.00","175","31","2","0","0","","0","0","0","","",""
"080103","0000","0","158100","158300","158700","158800","159000","159200","159300","159400","159500","159600","158000","157500","157300","157200","157100","157000","156700","156600","156500","156400","45","236","4","53","9","76","105","156","524","5","2","15","125","99","180","47","510","105","58","325","1213","1466","0","0","0","0","0","-158800","5","-100.00","175","0","2","0","0","","0","0","0","","",""
"080104","0000","0","158100","158300","158700","158800","159000","159200","159300","159400","159500","159600","158000","157500","157300","157200","157100","157000","156700","156600","156500","156400","45","236","4","53","9","76","105","156","524","5","2","15","125","99","180","48","510","105","58","325","1213","1467","0","0","0","0","0","-158800","5","-100.00","175","0","1","0","0","","0","0","0","","",""
"080104","0001","0","158100","158300","158700","158800","159000","159200","159300","159400","159500","159600","158000","157500","157300","157200","157100","157000","156700","156600","156500","156400","44","236","4","53","9","76","105","156","524","5","2","15","125","99","180","48","510","105","58","325","1212","1467","0","0","0","0","0","-158800","5","-100.00","176","-1","0","0","0","","0","0","0","","",""
"080104","0002","0","158100","158300","158700","158800","159000","159200","159300","159400","159500","159600","158000","157500","157300","157200","157100","157000","156700","156600","156500","156400","44","236","4","53","9","76","105","156","524","5","2","35","125","99","180","48","510","105","58","325","1212","1487","0","0","0","0","0","-158800","5","-100.00","176","0","20","0","0","","0","0","0","","",""
"080105","0000","0","158100","158300","158700","158800","159000","159200","159300","159400","159500","159600","158000","157500","157300","157200","157100","157000","156700","156600","156500","156400","34","236","4","53","9","76","105","156","524","5","2","35","125","99","180","48","510","105","58","325","1202","1487","0","0","0","0","0","-158800","5","-100.00","186","-10","0","0","0","","0","0","0","","",""
"080105","0001","0","158100","158300","158700","158800","159000","159200","159300","159400","159500","159600","158000","157500","157300","157200","157100","157000","156700","156600","156500","156400","34","236","4","53","9","76","105","156","524","5","2","35","125","99","190","48","510","105","58","325","1202","1497","0","0","0","0","0","-158800","5","-100.00","186","0","10","0","0","","0","0","0","","",""
"080105","0002","0","158100","158300","158700","158800","159000","159200","159300","159400","159500","159600","158000","157500","157300","157200","157100","157000","156700","156600","156500","156400","29","236","4","53","9","76","105","156","524","5","2","35","125","99","190","48","510","105","58","325","1197","1497","0","0","0","0","0","-158800","5","-100.00","191","-5","0","0","0","","0","0","0","","",""
"080106","0000","0","158100","158300","158700","158800","159000","159200","159300","159400","159500","159600","158000","157500","157300","157200","157100","157000","156700","156600","156500","156400","29","236","4","53","9","76","105","156","524","5","102","35","125","99","190","48","510","105","58","325","1197","1597","0","0","0","0","0","-158800","5","-100.00","191","0","100","0","0","","0","0","0","","",""
"080106","0001","0","158100","158300","158700","158800","159000","159200","159300","159400","159500","159600","158000","157500","157300","157200","157100","157000","156700","156600","156500","156400","30","236","4","53","9","76","105","156","524","5","105","35","125","99","190","48","510","105","58","325","1198","1600","0","0","0","0","0","-158800","5","-100.00","191","1","3","0","0","","0","0","0","","",""
"080107","0000","0","158100","158300","158700","158800","159000","159200","159300","159400","159500","159600","158000","157500","157300","157200","157100","157000","156700","156600","156500","156400","30","236","4","53","9","76","105","156","524","5","105","36","125","99","190","48","510","105","58","325","1198","1601","0","0","0","0","0","-158800","5","-100.00","191","0","1","0","0","","0","0","0","","",""
"080107","0001","0","158100","158300","158700","158800","159000","159200","159300","159400","159500","159600","158000","157500","157300","157200","157100","157000","156700","156600","156500","156400","30","236","14","53","9","76","105","156","524","5","105","36","125","99","190","48","510","105","58","325","1208","1601","0","0","0","0","0","-158800","5","-100.00","191","10","0","0","0","","0","0","0","","",""
"080108","0000","0","158100","158300","158700","158800","159000","159200","159300","159400","159500","159600","158000","157500","157300","157200","157100","157000","156700","156600","156500","156400","29","236","14","53","32","76","105","156","524","5","105","36","125","99","190","48","510","105","58","325","1230","1601","0","0","0","0","0","-158800","5","-100.00","192","22","0","0","0","","0","0","0","","",""
"080109","0000","0","158100","158300","158700","158800","159000","159200","159300","159400","159500","159600","158000","157500","157300","157200","157100","157000","156700","156600","156500","156400","29","236","14","53","32","76","105","156","524","5","106","36","125","99","190","48","515","105","58","325","1230","1607","0","0","0","0","0","-158800","5","-100.00","192","0","6","0","0","","0","0","0","","",""
"080110","0000","0","158100","158300","158700","158800","159000","159200","159300","159400","159500","159600","158000","157500","157300","157200","157100","157000","156700","156600","156500","156400","29","236","14","53","32","76","105","156","524","5","106","36","125","99","190","50","515","105","58","325","1230","1609","0","0","0","0","0","-158800","5","-100.00","192","0","2","0","0","","0","0","0","","",""
"080110","0001","0","158100","158300","158700","158800","159000","159200","159300","159400","159500","159600","158000","157500","157300","157200","157100","157000","156700","156600","156500","156400","27","236","14","53","32","76","105","156","524","5","106","36","125","99","190","50","515","105","58","325","1228","1609","0","0","0","0","0","-158800","5","-100.00","194","-2","0","0","0","","0","0","0","","",""
"080111","0000","0","158100","158300","158700","158800","159000","159200","159300","159400","159500","159600","158000","157500","157300","157200","157100","157000","156700","156600","156500","156400","60","236","14","53","32","76","105","156","524","5","106","36","125","99","190","50","515","105","58","325","1261","1609","0","0","0","0","0","-158800","5","-100.00","194","33","0","0","0","","0","0","0","","",""
"080112","0000","0","158100","158300","158700","158800","159000","159200","159300","159400","159500","159600","158000","157500","157300","157200","157100","157000","156700","156600","156500","156400","260","236","14","53","32","76","105","156","524","5","106","36","125","99","190","50","515","105","58","325","1461","1609","0","0","0","0","0","-158800","5","-100.00","194","200","0","0","0","","0","0","0","","",""
"080113","0000","0","158100","158300","158700","158800","159000","159200","159300","159400","159500","159600","158000","157500","157300","157200","157100","157000","156700","156600","156500","156400","260","236","14","50","32","76","105","156","524","5","106","36","125","99","190","50","515","105","58","325","1458","1609","0","0","0","0","0","-158800","5","-100.00","194","-3","0","0","0","","0","0","0","","",""
"080115","0000","0","158100","158300","158700","158800","159000","159200","159300","159400","159500","159600","158000","157500","157300","157200","157100","157000","156700","156600","156500","156400","291","205","14","50","32","76","105","156","524","5","106","36","125","99","190","50","515","105","58","325","1458","1609","0","0","0","0","0","-158800","5","-100.00","194","0","0","0","0","","0","0","0","","",""
"080115","0001","0","158100","158300","158700","158800","159000","159200","159300","159400","159500","159600","158000","157500","157300","157200","157100","157000","156700","156600","156500","156400","291","205","14","50","32","76","105","156","524","5","108","36","125","99","190","50","515","105","58","325","1458","1611","0","0","0","0","0","-158800","5","-100.00","194","0","2","0","0","","0","0","0","","",""
"080118","0000","0","158100","158300","158700","158800","159000","159200","159300","159400","159500","159600","158000","157500","157300","157200","157100","157000","156700","156600","156500","156400","291","205","14","50","132","76","105","156","524","5","108","36","125","99","190","50","515","105","58","325","1558","1611","0","0","0","0","0","-158800","5","-100.00","194","100","0","0","0","","0","0","0","","",""
"080119","0000","0","158100","158300","158700","158800","159000","159200","159300","159400","159500","159600","158000","157500","157300","157200","157100","157000","156700","156600","156500","156400","291","205","14","50","132","76","105","156","524","5","108","37","125","99","190","50","515","105","58","325","1558","1612","0","0","0","0","0","-158800","5","-100.00","194","0","1","0","0","","0","0","0","","",""
"080120","0000","0","158100","158300","158700","158800","159000","159200","159300","159400","159500","159600","158000","157500","157300","157200","157100","157000","156700","156600","156500","156400","291","205","14","50","132","76","105","156","524","5","108","37","125","99","190","54","515","105","58","325","1558","1616","0","0","0","0","0","-158800","5","-100.00","194","0","4","0","0","","0","0","0","","",""
"080120","0001","0","158100","158300","158700","158800","159000","159200","159300","159400","159500","159600","158000","157500","157300","157200","157100","157000","156700","156600","156500","156400","291","205","14","50","132","76","105","156","524","5","108","37","125","99","190","54","515","108","58","325","1558","1619","0","0","0","0","0","-158800","5","-100.00","194","0","3","0","0","","0","0","0","","",""
"080121","0000","0","158100","158300","158700","158800","159000","159200","159300","159400","159500","159600","158000","157500","157300","157200","157100","157000","156700","156600","156500","156400","291","205","14","50","132","76","105","156","524","5","108","37","125","99","190","54","515","108","61","325","1558","1622","0","0","0","0","0","-158800","5","-100.00","194","0","3","0","0","","0","0","0","","",""
"080121","0001","0","158100","158300","158700","158800","159000","159200","159300","159400","159500","159600","158000","157500","157300","157200","157100","157000","156700","156600","156500","156400","281","205","14","50","132","76","105","156","524","5","108","37","125","99","190","54","515","108","61","325","1548","1622","0","0","0","0","0","-158800","5","-100.00","204","-10","0","0","0","","0","0","0","","",""
"080122","0000","0","158100","158300","158700","158800","159000","159200","159300","159400","159500","159600","158000","157500","157300","157200","157100","157000","156700","156600","156500","156400","279","205","14","50","132","76","105","156","524","5","108","37","125","99","190","54","515","108","61","325","1546","1622","0","0","0","0","0","-158800","5","-100.00","206","-2","0","0","0","","0","0","0","","",""
"080124","0000","0","158100","158300","158700","158800","159000","159200","159300","159400","159500","159600","158000","157500","157300","157200","157100","157000","156700","156600","156500","156400","279","205","14","50","132","76","105","156","524","5","110","37","125","99","190","54","515","108","61","325","1546","1624","0","0","0","0","0","-158800","5","-100.00","206","0","2","0","0","","0","0","0","","",""
"080125","0000","0","158100","158300","158700","158800","159000","159200","159300","159400","159500","159600","158000","157500","157300","157200","157100","157000","156700","156600","156500","156400","279","205","14","50","132","76","105","156","524","5","111","37","125","100","190","54","515","108","61","325","1546","1626","0","0","0","0","0","-158800","5","-100.00","206","0","2","0","0","","0","0","0","","",""
"080125","0001","0","158100","158300","158700","158800","159000","159200","159300","159400","159500","159600","158000","157500","157400","157300","157200","157100","157000","156700","156600","156500","279","205","14","50","132","76","105","156","524","5","111","37","2","125","100","190","54","515","108","61","1546","1303","0","0","0","0","0","-158800","5","-100.00","206","0","-323","0","0","","0","0","0","","",""
"080125","0002","0","158100","158300","158700","158800","159000","159200","159300","159400","159500","159600","158000","157500","157400","157300","157200","157100","157000","156700","156600","156500","309","205","14","50","132","76","105","156","524","5","111","37","2","125","100","190","54","515","108","61","1576","1303","0","0","0","0","0","-158800","5","-100.00","206","30","0","0","0","","0","0","0","","",""
"080126","0000","0","158100","158300","158700","158800","159000","159200","159300","159400","159500","159600","158000","157500","157400","157300","157200","157100","157000","156700","156600","156500","309","205","14","50","132","76","105","156","524","5","111","37","2","125","100","190","54","515","108","64","1576","1306","0","0","0","0","0","-158800","5","-100.00","206","0","3","0","0","","0","0","0","","",""
"080127","0000","0","158100","158300","158700","158800","159000","159200","159300","159400","159500","159600","158000","157900","157500","157400","157300","157200","157100","157000","156700","156600","309","205","14","50","132","76","105","156","524","5","111","10","37","2","125","100","190","54","515","108","1576","1252","0","0","0","0","0","-158800","5","-100.00","206","0","-54","0","0","","0","0","0","","",""
"080128","0000","0","158100","158300","158700","158800","159000","159200","159300","159400","159500","159600","158000","157900","157500","157400","157300","157200","157100","157000","156700","156600","307","205","14","50","132","76","105","156","524","5","111","10","37","2","125","100","190","54","515","108","1574","1252","0","0","0","0","0","-158800","5","-100.00","208","-2","0","0","0","","0","0","0","","",""
"080129","0000","0","158100","158300","158700","158800","159000","159200","159300","159400","159500","159600","158000","157900","157500","157400","157300","157200","157100","157000","156700","156600","277","205","14","50","132","76","105","156","524","5","111","10","37","2","125","100","190","54","515","108","1544","1252","0","0","0","0","0","-158800","5","-100.00","238","-30","0","0","0","","0","0","0","","",""
"080130","0000","0","158100","158300","158700","158800","159000","159200","159300","159400","159500","159600","158000","157900","157500","157400","157300","157200","157100","157000","156700","156600","267","205","14","50","132","76","105","156","524","5","111","10","37","2","125","100","190","54","515","108","1534","1252","0","0","0","0","0","-158800","5","-100.00","248","-10","0","0","0","","0","0","0","","",""
"080131","0000","0","158100","158300","158700","158800","159000","159200","159300","159400","159500","159600","158000","157900","157800","157500","157400","157300","157200","157100","157000","156700","267","205","14","50","132","76","105","156","524","5","113","10","10","37","2","125","100","190","54","515","1534","1156","0","0","0","0","0","-158800","5","-100.00","248","0","-96","0","0","","0","0","0","","",""
"080132","0000","0","158100","158300","158700","158800","159000","159200","159300","159400","159500","159600","157900","157800","157500","157400","157300","157200","157100","157000","156700","156600","226","205","14","50","132","76","105","156","524","5","10","10","37","2","125","100","190","54","515","108","1493","1151","0","0","0","0","0","-158800","5","-100.00","461","-41","-5","0","0","","0","0","0","","",""
"080132","0001","0","158100","158300","158700","158800","159000","159200","159300","159400","159500","159600","158000","157900","157800","157500","157400","157300","157200","157100","157000","156700","226","205","14","50","132","76","105","156","524","5","1","10","10","37","2","125","100","190","54","515","1493","1044","0","0","0","0","0","-158800","5","-100.00","461","0","-107","0","0","","0","0","0","","",""
"080132","0002","0","158100","158300","158700","158800","159000","159200","159300","159400","159500","159600","158000","157900","157800","157500","157400","157300","157200","157100","157000","156700","223","205","14","50","132","76","105","156","524","5","1","10","10","37","2","125","100","190","54","515","1490","1044","0","0","0","0","0","-158800","5","-100.00","464","-3","0","0","0","","0","0","0","","",""
"080133","0000","0","158100","158300","158700","158800","159000","159200","159300","159400","159500","159600","158000","157900","157800","157500","157400","157300","157200","157100","157000","156700","223","205","14","50","132","76","105","156","524","5","4","10","10","37","2","125","100","190","54","515","1490","1047","0","0","0","0","0","-158800","5","-100.00","464","0","3","0","0","","0","0","0","","",""
"080134","0000","0","158100","158300","158700","158800","159000","159200","159300","159400","159500","159600","158000","157900","157800","157500","157400","157300","157200","157100","157000","156700","223","205","14","50","132","76","105","156","524","5","4","12","10","37","2","125","100","190","54","515","1490","1049","0","0","0","0","0","-158800","5","-100.00","464","0","2","0","0","","0","0","0","","",""
"080134","0001","0","158100","158300","158700","158800","159000","159200","159300","159400","159500","159600","158000","157900","157800","157500","157400","157300","157200","157100","157000","156700","223","205","14","50","132","76","105","156","524","5","4","12","10","38","2","125","100","190","54","515","1490","1050","0","0","0","0","0","-158800","5","-100.00","464","0","1","0","0","","0","0","0","","",""
"080134","0002","0","158100","158300","158700","158800","159000","159200","159300","159400","159500","159600","158000","157900","157800","157500","157400","157300","157200","157100","157000","156700","223","205","14","50","132","76","105","156","524","5","4","12","10","38","2","125","100","190","55","515","1490","1051","0","0","0","0","0","-158800","5","-100.00","464","0","1","0","0","","0","0","0","","",""
"080135","0000","0","158100","158300","158700","158800","159000","159200","159300","159400","159500","159600","158000","157900","157800","157500","157400","157300","157200","157100","157000","156700","223","205","14","50","132","76","105","156","524","5","1","12","10","38","2","125","100","190","55","515","1490","1048","0","0","0","0","0","-158800","5","-100.00","467","0","-3","0","0","","0","0","0","","",""
"080135","0001","0","158100","158300","158700","158800","159000","159200","159300","159400","159500","159600","158000","157900","157800","157500","157400","157300","157200","157100","157000","156700","223","205","14","50","132","76","105","156","524","5","1","13","10","38","2","125","100","190","55","515","1490","1049","0","0","0","0","0","-158800","5","-100.00","467","0","1","0","0","","0","0","0","","",""
"080136","0000","0","158100","158300","158700","158800","159000","159200","159300","159400","159500","159600","158000","157900","157800","157500","157400","157300","157200","157100","157000","156700","223","205","14","50","132","76","105","156","524","5","1","13","12","38","2","125","100","253","55","515","1490","1114","0","0","0","0","0","-158800","5","-100.00","467","0","65","0","0","","0","0","0","","",""
"080137","0000","0","158000","158100","158300","158700","158800","159000","159200","159300","159400","159500","157900","157800","157500","157400","157300","157200","157100","157000","156700","156600","3","223","205","14","50","132","76","105","156","524","13","12","38","2","125","100","253","55","515","108","1488","1221","0","0","0","0","0","-158800","5","-100.00","468","-2","107","0","0","","0","0","0","","",""
"080137","0001","0","158000","158100","158300","158700","158800","159000","159200","159300","159400","159500","157900","157800","157700","157500","157400","157300","157200","157100","157000","156700","3","223","205","14","50","132","76","105","156","524","13","12","10","38","2","125","100","253","55","515","1488","1123","0","0","0","0","0","-158800","5","-100.00","468","0","-98","0","0","","0","0","0","","",""
"080137","0002","0","158000","158100","158300","158700","158800","159000","159200","159300","159400","159500","157900","157800","157700","157500","157400","157300","157200","157100","157000","156700","2","223","205","14","50","132","76","105","156","524","13","12","10","38","2","125","100","253","55","515","1487","1123","0","0","0","0","0","-158800","5","-100.00","469","-1","0","0","0","","0","0","0","","",""
"080139","0000","0","158000","158100","158300","158700","158800","159000","159200","159300","159400","159500","157900","157800","157700","157500","157400","157300","157200","157100","157000","156700","2","223","205","14","50","132","76","105","156","524","13","12","12","38","2","125","100","253","55","515","1487","1125","0","0","0","0","0","-158800","5","-100.00","469","0","2","0","0","","0","0","0","","",""
"080140","0000","0","158000","158100","158300","158700","158800","159000","159200","159300","159400","159500","157900","157800","157700","157500","157400","157300","157200","157100","157000","156700","2","223","205","14","50","132","76","105","156","524","14","12","12","38","2","125","100","253","55","515","1487","1126","0","0","0","0","0","-158800","5","-100.00","469","0","1","0","0","","0","0","0","","",""
"080141","0000","0","158000","158100","158300","158700","158800","159000","159200","159300","159400","159500","157900","157800","157700","157600","157500","157400","157300","157200","157100","157000","2","223","205","14","50","132","76","105","156","524","14","12","12","10","38","2","125","100","253","55","1487","621","0","0","0","0","0","-158800","5","-100.00","469","0","-505","0","0","","0","0","0","","",""
"080142","0000","0","158000","158100","158300","158700","158800","159000","159200","159300","159400","159500","157900","157800","157700","157600","157500","157400","157300","157200","157100","157000","2","223","205","14","50","132","76","105","156","524","14","12","12","10","38","3","125","100","253","55","1487","622","0","0","0","0","0","-158800","5","-100.00","469","0","1","0","0","","0","0","0","","",""
"080142","0001","0","158000","158100","158300","158700","158800","159000","159200","159300","159400","159500","157900","157800","157700","157600","157500","157400","157300","157200","157100","157000","2","223","205","14","50","132","76","105","156","524","14","12","12","12","38","3","125","100","253","55","1487","624","0","0","0","0","0","-158800","5","-100.00","469","0","2","0","0","","0","0","0","","",""
"080142","0002","0","158000","158100","158300","158700","158800","159000","159200","159300","159400","159500","157900","157800","157700","157600","157500","157400","157300","157200","157100","157000","1","223","205","14","50","132","76","105","156","524","14","12","12","12","38","3","125","100","253","55","1486","624","0","0","0","0","0","-158800","5","-100.00","470","-1","0","0","0","","0","0","0","","",""
"080143","0000","0","158100","158300","158700","158800","159000","159200","159300","159400","159500","159600","158000","157900","157800","157700","157600","157500","157400","157300","157200","157100","223","205","14","50","132","76","105","156","524","5","49","14","12","12","12","38","3","125","100","253","1490","618","0","0","0","0","0","-158800","5","-100.00","471","4","-6","0","0","","0","0","0","","",""
"080145","0000","0","158100","158300","158700","158800","159000","159200","159300","159400","159500","159600","158000","157900","157800","157700","157600","157500","157400","157300","157200","157100","223","205","14","50","132","76","105","156","524","5","49","14","12","12","12","40","3","125","100","253","1490","620","0","0","0","0","0","-158800","5","-100.00","471","0","2","0","0","","0","0","0","","",""
"080146","0000","0","158100","158300","158700","158800","159000","159200","159300","159400","159500","159600","158000","157900","157800","157700","157600","157500","157400","157300","157200","157100","223","205","14","50","132","76","105","156","524","5","49","14","12","12","12","45","3","125","100","253","1490","625","0","0","0","0","0","-158800","5","-100.00","471","0","5","0","0","","0","0","0","","",""
"080146","0001","0","158100","158300","158700","158800","159000","159200","159300","159400","159500","159600","158000","157900","157800","157700","157600","157500","157400","157300","157200","157100","225","205","14","50","132","76","105","156","524","5","49","14","12","12","12","45","3","125","100","253","1492","625","0","0","0","0","0","-158800","5","-100.00","471","2","0","0","0","","0","0","0","","",""
"080148","0000","0","158100","158300","158700","158800","159000","159200","159300","159400","159500","159600","158000","157900","157800","157700","157600","157500","157400","157300","157200","157100","225","205","14","50","132","76","105","156","524","5","50","14","12","12","12","45","3","125","100","253","1492","626","0","0","0","0","0","-158800","5","-100.00","471","0","1","0","0","","0","0","0","","",""
"080148","0001","0","158100","158300","158700","158800","159000","159200","159300","159400","159500","159600","158000","157900","157800","157700","157600","157500","157400","157300","157200","157100","225","205","14","50","132","76","105","156","524","5","68","14","14","12","12","45","3","125","100","253","1492","646","0","0","0","0","0","-158800","5","-100.00","471","0","20","0","0","","0","0","0","","",""
"080148","0002","0","158100","158300","158700","158800","159000","159200","159300","159400","159500","159600","158000","157900","157800","157700","157600","157500","157400","157300","157200","157100","225","205","14","50","132","76","105","156","524","5","67","14","14","12","12","45","3","125","100","253","1492","645","0","0","0","0","0","-158800","5","-100.00","472","0","-1","0","0","","0","0","0","","",""
"080149","0000","0","158100","158300","158700","158800","159000","159200","159300","159400","159500","159600","158000","157900","157800","157700","157600","157500","157400","157300","157200","157100","194","205","14","50","132","76","105","156","524","5","36","14","14","12","12","45","3","125","100","253","1461","614","0","0","0","0","0","-158800","5","-100.00","503","-31","-31","0","0","","0","0","0","","",""
"080150","0000","0","158100","158300","158700","158800","159000","159200","159300","159400","159500","159600","158000","157900","157800","157700","157600","157500","157400","157300","157200","157100","194","205","14","50","132","76","105","156","567","5","36","14","14","12","12","45","3","125","100","253","1504","614","0","0","0","0","0","-158800","5","-100.00","503","43","0","0","0","","0","0","0","","",""
"080150","0001","0","158100","158300","158700","158800","159000","159200","159300","159400","159500","159600","158000","157900","157800","157700","157600","157500","157400","157300","157200","157100","194","205","14","50","132","76","105","156","567","5","37","14","14","12","12","45","3","125","100","253","1504","615","0","0","0","0","0","-158800","5","-100.00","503","0","1","0","0","","0","0","0","","",""
"080151","0000","0","158100","158300","158700","158800","159000","159200","159300","159400","159500","159600","158000","157900","157800","157700","157600","157500","157400","157300","157200","157100","194","205","14","50","132","76","105","156","567","5","37","14","14","14","12","45","3","125","100","253","1504","617","0","0","0","0","0","-158800","5","-100.00","503","0","2","0","0","","0","0","0","","",""
"080152","0000","0","158100","158300","158700","158800","159000","159200","159300","159400","159500","159600","158000","157900","157800","157700","157600","157500","157400","157300","157200","157100","194","205","14","50","132","76","105","156","567","5","37","14","14","14","12","45","3","125","100","253","1504","617","0","0","0","0","0","-158800","5","-100.00","503","0","0","0","0","","0","0","0","","",""
"080153","0000","0","158100","158300","158700","158800","159000","159200","159300","159400","159500","159600","158000","157900","157800","157700","157600","157500","157400","157300","157200","157100","194","205","14","50","132","76","105","156","567","5","13","14","14","14","12","45","3","125","100","253","1504","593","0","0","0","0","0","-158800","5","-100.00","527","0","-24","0","0","","0","0","0","","",""
"080153","0001","0","158100","158300","158700","158800","159000","159200","159300","159400","159500","159600","158000","157900","157800","157700","157600","157500","157400","157300","157200","157100","194","205","14","50","132","76","105","156","567","5","19","14","14","14","12","45","3","125","100","253","1504","599","0","0","0","0","0","-158800","5","-100.00","527","0","6","0","0","","0","0","0","","",""
"080154","0000","0","158100","158300","158700","158800","159000","159200","159300","159400","159500","159600","158000","157900","157800","157700","157600","157500","157400","157300","157200","157100","194","205","14","50","132","76","105","156","567","5","20","14","14","14","12","45","3","125","100","253","1504","600","0","0","0","0","0","-158800","5","-100.00","527","0","1","0","0","","0","0","0","","",""
"080155","0000","0","158100","158300","158700","158800","159000","159200","159300","159400","159500","159600","158000","157900","157800","157700","157600","157500","157400","157300","157200","157100","194","205","14","50","132","76","105","156","567","5","20","15","14","14","12","45","3","125","100","253","1504","601","0","0","0","0","0","-158800","5","-100.00","527","0","1","0","0","","0","0","0","","",""
"080156","0000","0","158100","158300","158700","158800","159000","159200","159300","159400","159500","159600","158000","157900","157800","157700","157600","157500","157400","157300","157200","157100","194","205","14","50","132","76","105","156","567","5","20","15","64","14","12","45","3","125","100","253","1504","651","0","0","0","0","0","-158800","5","-100.00","527","0","50","0","0","","0","0","0","","",""
"080156","0001","0","158100","158300","158700","158800","159000","159200","159300","159400","159500","159600","158000","157900","157800","157700","157600","157500","157400","157300","157200","157100","194","205","14","50","132","76","105","156","567","5","20","15","64","14","15","45","3","125","100","253","1504","654","0","0","0","0","0","-158800","5","-100.00","527","0","3","0","0","","0","0","0","","",""
"080156","0002","0","158100","158300","158700","158800","159000","159200","159300","159400","159500","159600","158000","157900","157800","157700","157600","157500","157400","157300","157200","157100","194","205","14","50","132","76","105","156","567","5","25","15","64","14","15","45","3","125","100","253","1504","659","0","0","0","0","0","-158800","5","-100.00","527","0","5","0","0","","0","0","0","","",""
"080158","0000","0","158100","158300","158700","158800","159000","159200","159300","159400","159500","159600","158000","157900","157800","157700","157600","157500","157400","157300","157200","157100","194","205","14","50","132","76","105","156","567","5","25","15","64","14","15","45","23","125","100","253","1504","679","0","0","0","0","0","-158800","5","-100.00","527","0","20","0","0","","0","0","0","","",""
"080159","0000","0","158100","158300","158700","158800","159000","159200","159300","159400","159500","159600","158000","157900","157800","157700","157600","157500","157400","157300","157200","157100","194","205","14","50","132","76","105","156","567","5","24","15","64","14","15","45","23","125","100","253","1504","678","0","0","0","0","0","-158800","5","-100.00","528","0","-1","0","0","","0","0","0","","",""
"080200","0000","0","158100","158300","158700","158800","159000","159200","159300","159400","159500","159600","158000","157900","157800","157700","157600","157500","157400","157300","157200","157100","194","205","14","50","132","76","105","156","567","5","24","15","64","14","15","45","23","130","100","253","1504","683","0","0","0","0","0","-158800","5","-100.00","528","0","5","0","0","","0","0","0","","",""
"080202","0000","0","158100","158300","158700","158800","159000","159200","159300","159400","159500","159600","158000","157900","157800","157700","157600","157500","157400","157300","157200","157100","194","205","14","50","132","76","105","156","567","5","24","15","64","14","15","45","107","130","100","253","1504","767","0","0","0","0","0","-158800","5","-100.00","528","0","84","0","0","","0","0","0","","",""
"080203","0000","0","158100","158300","158700","158800","159000","159200","159300","159400","159500","159600","158000","157900","157800","157700","157600","157500","157400","157300","157200","157100","194","205","14","50","132","76","105","156","567","5","17","15","64","14","15","45","107","130","100","253","1504","760","0","0","0","0","0","-158800","5","-100.00","535","0","-7","0","0","","0","0","0","","",""
"080204","0000","0","158100","158300","158700","158800","159000","159200","159300","159400","159500","159600","158000","157900","157800","157700","157600","157500","157400","157300","157200","157100","194","205","14","50","132","78","105","156","567","5","17","15","64","14","15","45","107","130","100","253","1506","760","0","0","0","0","0","-158800","5","-100.00","535","2","0","0","0","","0","0","0","","",""
"080204","0001","0","158100","158300","158700","158800","159000","159200","159300","159400","159500","159600","158000","157900","157800","157700","157600","157500","157400","157300","157200","157100","194","205","14","50","132","78","105","156","567","5","17","15","65","14","15","45","107","130","100","253","1506","761","0","0","0","0","0","-158800","5","-100.00","535","0","1","0","0","","0","0","0","","",""
"080204","0002","0","158100","158300","158700","158800","159000","159200","159300","159400","159500","159600","158000","157900","157800","157700","157600","157500","157400","157300","157200","157100","194","205","14","50","132","78","105","156","567","5","17","15","65","14","15","45","107","130","100","258","1506","766","0","0","0","0","0","-158800","5","-100.00","535","0","5","0","0","","0","0","0","","",""
"080204","0003","0","158100","158300","158700","158800","159000","159200","159300","159400","159500","159600","158000","157900","157800","157700","157600","157500","157400","157300","157200","157100","194","205","14","50","132","78","105","156","567","5","17","15","65","14","15","45","307","130","100","258","1506","966","0","0","0","0","0","-158800","5","-100.00","535","0","200","0","0","","0","0","0","","",""
"080205","0000","0","158100","158300","158700","158800","159000","159200","159300","159400","159500","159600","158000","157900","157800","157700","157600","157500","157400","157300","157200","157100","194","205","14","46","132","78","105","156","567","5","17","15","65","14","15","45","307","130","100","258","1502","966","0","0","0","0","0","-158800","5","-100.00","535","-4","0","0","0","","0","0","0","","",""
"080205","0001","0","158100","158300","158700","158800","159000","159200","159300","159400","159500","159600","158000","157900","157800","157700","157600","157500","157400","157300","157200","157100","194","205","14","46","132","78","105","156","567","5","16","15","65","14","15","45","307","130","100","258","1502","965","0","0","0","0","0","-158800","5","-100.00","536","0","-1","0","0","","0","0","0","","",""
"080208","0000","0","158100","158300","158700","158800","159000","159200","159300","159400","159500","159600","158000","157900","157800","157700","157600","157500","157400","157300","157200","157100","194","205","14","46","132","78","105","156","567","5","16","15","65","14","15","76","307","130","100","258","1502","996","0","0","0","0","0","-158800","5","-100.00","536","0","31","0","0","","0","0","0","","",""
"080208","0001","0","158000","158100","158300","158700","158800","159000","159200","159300","159400","159500","157900","157800","157700","157600","157500","157400","157300","157200","157100","157000","238","194","205","14","46","132","78","105","156","567","15","65","14","15","76","307","130","100","258","76","1735","1056","0","0","0","0","0","-158800","5","-100.00","552","233","60","0","0","","0","0","0","","",""
"080210","0000","0","158000","158100","158300","158700","158800","159000","159200","159300","159400","159500","157900","157800","157700","157600","157500","157400","157300","157200","157100","157000","238","194","205","14","46","132","78","105","156","567","15","65","14","16","76","307","130","100","258","76","1735","1057","0","0","0","0","0","-158800","5","-100.00","552","0","1","0","0","","0","0","0","","",""
"080211","0000","0","158000","158100","158300","158700","158800","158900","159000","159200","159300","159400","157900","157800","157700","157600","157500","157400","157300","157200","157100","157000","238","194","205","14","46","2","132","78","105","156","15","65","14","16","76","307","130","100","258","76","1170","1057","0","0","0","0","0","-158800","5","-100.00","552","-565","0","0","0","","0","0","0","","",""
"080213","0000","0","158000","158100","158300","158700","158800","158900","159000","159200","159300","159400","157900","157800","157700","157600","157500","157400","157300","157200","157100","157000","238","194","205","14","46","2","132","78","105","161","15","65","14","16","76","307","130","100","258","76","1175","1057","0","0","0","0","0","-158800","5","-100.00","552","5","0","0","0","","0","0","0","","",""
"080214","0000","0","158000","158100","158300","158700","158800","158900","159000","159200","159300","159400","157900","157800","157700","157600","157500","157400","157300","157200","157100","157000","238","194","205","14","46","2","132","78","105","161","15","65","14","16","76","307","130","100","258","77","1175","1058","0","0","0","0","0","-158800","5","-100.00","552","0","1","0","0","","0","0","0","","",""
"080215","0000","0","158000","158100","158300","158700","158800","158900","159000","159200","159300","159400","157900","157800","157700","157600","157500","157400","157300","157200","157100","157000","238","194","205","14","46","2","132","78","105","161","15","65","14","16","76","307","137","100","258","77","1175","1065","0","0","0","0","0","-158800","5","-100.00","552","0","7","0","0","","0","0","0","","",""
"080215","0001","0","158000","158100","158300","158700","158800","158900","159000","159200","159300","159400","157900","157800","157700","157600","157500","157400","157300","157200","157100","157000","189","194","205","14","46","2","132","78","105","161","15","65","14","16","76","307","137","100","258","77","1126","1065","0","0","0","0","0","-158800","5","-100.00","602","-49","0","0","0","","0","0","0","","",""
"080215","0002","0","158000","158100","158300","158700","158800","158900","159000","159200","159300","159400","157900","157800","157700","157600","157500","157400","157300","157200","157100","157000","189","194","205","14","46","2","132","78","105","161","15","65","14","16","76","307","137","100","259","77","1126","1066","0","0","0","0","0","-158800","5","-100.00","602","0","1","0","0","","0","0","0","","",""
"080216","0000","0","158000","158100","158300","158700","158800","158900","159000","159200","159300","159400","157900","157800","157700","157600","157500","157400","157300","157200","157100","157000","183","194","205","14","46","2","132","78","105","161","15","65","14","16","76","307","137","100","259","77","1120","1066","0","0","0","0","0","-158800","5","-100.00","608","-6","0","0","0","","0","0","0","","",""
"080217","0000","0","158000","158100","158300","158600","158700","158800","158900","159000","159200","159300","157900","157800","157700","157600","157500","157400","157300","157200","157100","157000","183","194","205","2","14","46","2","132","78","105","15","65","14","16","76","307","137","100","259","77","961","1066","0","0","0","0","0","-158800","5","-100.00","608","-159","0","0","0","","0","0","0","","",""
"080218","0000","0","158000","158100","158300","158600","158700","158800","158900","159000","159200","159300","157900","157800","157700","157600","157500","157400","157300","157200","157100","157000","183","194","205","2","14","46","2","132","78","105","15","65","14","16","76","307","137","101","259","77","961","1067","0","0","0","0","0","-158800","5","-100.00","608","0","1","0","0","","0","0","0","","",""
"080220","0000","0","158000","158100","158300","158600","158700","158800","158900","159000","159200","159300","157900","157800","157700","157600","157500","157400","157300","157200","157100","157000","183","194","205","2","14","48","2","132","78","105","15","65","14","16","76","307","137","101","259","77","963","1067","0","0","0","0","0","-158800","5","-100.00","608","2","0","0","0","","0","0","0","","",""
"080221","0000","0","158000","158100","158300","158600","158700","158800","158900","159000","159200","159300","157900","157800","157700","157600","157500","157400","157300","157200","157100","157000","433","194","205","2","14","48","2","132","78","105","15","65","14","16","76","307","137","101","259","77","1213","1067","0","0","0","0","0","-158800","5","-100.00","608","250","0","0","0","","0","0","0","","",""
"080222","0000","0","158000","158100","158300","158600","158700","158800","158900","159000","159200","159300","157900","157800","157700","157600","157500","157400","157300","157200","157100","157000","463","194","205","2","14","48","2","132","78","105","15","65","14","16","76","307","137","101","259","77","1243","1067","0","0","0","0","0","-158800","5","-100.00","608","30","0","0","0","","0","0","0","","",""
"080222","0001","0","158000","158100","158300","158600","158700","158800","158900","159000","159200","159300","157900","157800","157700","157600","157500","157400","157300","157200","157100","157000","463","194","205","2","14","48","2","132","78","105","15","65","14","16","76","307","137","101","259","75","1243","1065","0","0","0","0","0","-158800","5","-100.00","608","0","-2","0","0","","0","0","0","","",""
"080223","0000","0","157900","158000","158100","158300","158600","158700","158800","158900","159000","159200","157800","157700","157600","157500","157400","157300","157200","157100","157000","156700","5","463","194","205","2","14","48","2","132","78","65","14","16","76","307","137","101","259","75","515","1143","1565","0","0","0","0","0","-158800","5","-100.00","623","-100","500","0","0","","0","0","0","","",""
"080224","0000","0","157900","158000","158100","158300","158600","158700","158800","158900","159000","159200","157800","157700","157600","157500","157400","157300","157200","157100","157000","156700","7","463","194","205","2","14","48","2","132","78","65","14","16","76","307","137","101","259","75","515","1145","1565","0","0","0","0","0","-158800","5","-100.00","623","2","0","0","0","","0","0","0","","",""
"080225","0000","0","158000","158100","158300","158600","158700","158800","158900","159000","159200","159300","157900","157800","157700","157600","157500","157400","157300","157200","157100","157000","463","194","205","2","14","48","2","132","78","105","1","65","14","16","76","307","137","101","259","75","1243","1051","0","0","0","0","0","-158800","5","-100.00","630","98","-514","0","0","","0","0","0","","",""
"080227","0000","0","158000","158100","158300","158600","158700","158800","158900","159000","159200","159300","157900","157800","157700","157600","157500","157400","157300","157200","157100","157000","463","194","205","2","14","48","2","132","78","105","1","65","14","16","76","307","137","101","260","75","1243","1052","0","0","0","0","0","-158800","5","-100.00","630","0","1","0","0","","0","0","0","","",""
"080228","0000","0","158000","158100","158300","158600","158700","158800","158900","159000","159200","159300","157900","157800","157700","157600","157500","157400","157300","157200","157100","157000","463","194","205","2","14","48","2","132","78","105","1","65","14","16","76","307","137","101","270","75","1243","1062","0","0","0","0","0","-158800","5","-100.00","630","0","10","0","0","","0","0","0","","",""
"080229","0000","0","158000","158100","158300","158600","158700","158800","158900","159000","159200","159300","157900","157800","157700","157600","157500","157400","157300","157200","157100","157000","463","194","205","2","14","48","2","132","78","105","1","65","14","16","77","307","137","101","270","75","1243","1063","0","0","0","0","0","-158800","5","-100.00","630","0","1","0","0","","0","0","0","","",""
"080229","0001","0","157900","158000","158100","158300","158600","158700","158800","158900","159000","159200","157800","157700","157600","157500","157400","157300","157200","157100","157000","156700","29","463","194","205","2","14","48","2","132","78","65","14","16","77","307","137","101","270","75","515","1167","1577","0","0","0","0","0","-158800","5","-100.00","631","-76","514","0","0","","0","0","0","","",""
"080229","0002","0","157900","158000","158100","158300","158600","158700","158800","158900","159000","159200","157800","157700","157600","157500","157400","157300","157200","157100","157000","156700","49","463","194","205","2","14","48","2","132","78","65","14","16","77","307","137","101","270","75","515","1187","1577","0","0","0","0","0","-158800","5","-100.00","631","20","0","0","0","","0","0","0","","",""
"080230","0000","0","157900","158000","158100","158300","158600","158700","158800","158900","159000","159200","157800","157700","157600","157500","157400","157300","157200","157100","157000","156700","49","535","194","205","2","14","48","2","132","78","68","14","16","77","307","137","101","270","75","515","1259","1580","0","0","0","0","0","-158800","5","-100.00","631","72","3","0","0","","0","0","0","","",""
"080231","0000","0","157900","158000","158100","158300","158600","158700","158800","158900","159000","159200","157800","157700","157600","157500","157400","157300","157200","157100","157000","156700","49","535","194","205","2","14","48","2","132","78","68","14","16","77","308","137","101","270","75","515","1259","1581","0","0","0","0","0","-158800","5","-100.00","631","0","1","0","0","","0","0","0","","",""
"080232","0000","0","157900","158000","158100","158300","158600","158700","158800","158900","159000","159200","157800","157700","157600","157500","157400","157300","157200","157100","157000","156700","49","535","194","205","2","14","48","2","132","78","68","15","16","77","308","137","101","270","75","515","1259","1582","0","0","0","0","0","-158800","5","-100.00","631","0","1","0","0","","0","0","0","","",""
"080232","0001","0","157900","158000","158100","158300","158600","158700","158800","158900","159000","159200","157800","157700","157600","157500","157400","157300","157200","157100","157000","156700","56","535","194","205","2","14","48","2","132","78","68","15","16","77","308","137","101","270","125","515","1266","1632","0","0","0","0","0","-158800","5","-100.00","631","7","50","0","0","","0","0","0","","",""
"080234","0000","0","157900","158000","158100","158300","158600","158700","158800","158900","159000","159200","157800","157700","157600","157500","157400","157300","157200","157100","157000","156700","56","575","194","205","2","14","48","2","132","78","68","15","17","77","308","137","101","270","125","515","1306","1633","0","0","0","0","0","-158800","5","-100.00","631","40","1","0","0","","0","0","0","","",""
"080235","0000","0","157900","158000","158100","158300","158600","158700","158800","158900","159000","159200","157800","157700","157600","157500","157400","157300","157200","157100","157000","156700","56","575","194","205","2","14","48","2","132","78","68","25","17","87","308","137","101","270","125","515","1306","1653","0","0","0","0","0","-158800","5","-100.00","631","0","20","0","0","","0","0","0","","",""
"080235","0001","0","157900","158000","158100","158300","158600","158700","158800","158900","159000","159200","157800","157700","157600","157500","157400","157300","157200","157100","157000","156700","56","575","194","205","2","14","48","2","132","78","68","25","17","87","308","137","106","270","125","515","1306","1658","0","0","0","0","0","-158800","5","-100.00","631","0","5","0","0","","0","0","0","","",""
"080236","0000","0","157900","158000","158100","158300","158600","158700","158800","158900","159000","159200","157800","157700","157600","157500","157400","157300","157200","157100","157000","156700","56","575","194","205","2","14","48","2","132","78","78","25","17","87","308","137","106","270","125","516","1306","1669","0","0","0","0","0","-158800","5","-100.00","631","0","11","0","0","","0","0","0","","",""
"080236","0001","0","157900","158000","158100","158300","158600","158700","158800","158900","159000","159200","157800","157700","157600","157500","157400","157300","157200","157100","157000","156700","56","575","194","205","2","14","48","2","132","78","78","25","17","87","308","137","106","270","130","516","1306","1674","0","0","0","0","0","-158800","5","-100.00","631","0","5","0","0","","0","0","0","","",""
"080236","0002","0","157900","158000","158100","158300","158600","158700","158800","158900","159000","159200","157800","157700","157600","157500","157400","157300","157200","157100","157000","156700","83","575","194","205","2","14","48","2","132","78","78","25","17","87","308","137","106","270","130","516","1333","1674","0","0","0","0","0","-158800","5","-100.00","631","27","0","0","0","","0","0","0","","",""
"080237","0000","0","157900","158000","158100","158300","158600","158700","158800","158900","159000","159200","157800","157700","157600","157500","157400","157300","157200","157100","157000","156700","83","638","194","205","2","14","48","2","132","78","78","25","17","87","308","137","106","270","130","516","1396","1674","0","0","0","0","0","-158800","5","-100.00","631","63","0","0","0","","0","0","0","","",""
"080238","0000","0","157900","158000","158100","158300","158600","158700","158800","158900","159000","159200","157800","157700","157600","157500","157400","157300","157200","157100","157000","156700","83","638","194","205","2","14","48","2","132","78","78","25","17","87","308","137","106","270","130","517","1396","1675","0","0","0","0","0","-158800","5","-100.00","631","0","1","0","0","","0","0","0","","",""
"080238","0001","0","157900","158000","158100","158300","158600","158700","158800","158900","159000","159200","157800","157700","157600","157500","157400","157300","157200","157100","157000","156700","83","638","194","205","2","14","48","2","132","78","78","45","27","87","308","137","106","270","130","517","1396","1705","0","0","0","0","0","-158800","5","-100.00","631","0","30","0","0","","0","0","0","","",""
"080238","0002","0","157900","158000","158100","158300","158600","158700","158800","158900","159000","159200","157800","157700","157600","157500","157400","157300","157200","157100","157000","156700","83","638","194","205","2","14","48","2","132","78","78","45","27","87","313","137","106","270","130","517","1396","1710","0","0","0","0","0","-158800","5","-100.00","631","0","5","0","0","","0","0","0","","",""
"080238","0003","0","157900","158000","158100","158300","158600","158700","158800","158900","159000","159200","157800","157700","157600","157500","157400","157300","157200","157100","157000","156700","83","638","194","205","2","14","48","2","132","78","78","45","27","87","313","137","107","270","130","517","1396","1711","0","0","0","0","0","-158800","5","-100.00","631","0","1","0","0","","0","0","0","","",""
"080239","0000","0","157900","158000","158100","158300","158600","158700","158800","158900","159000","159200","157800","157700","157600","157500","157400","157300","157200","157100","157000","156700","83","638","194","205","2","14","48","2","132","78","78","45","27","87","313","137","107","270","150","517","1396","1731","0","0","0","0","0","-158800","5","-100.00","631","0","20","0","0","","0","0","0","","",""
"080240","0000","0","157900","158000","158100","158300","158600","158700","158800","158900","159000","159200","157800","157700","157600","157500","157400","157300","157200","157100","157000","156700","82","638","194","205","2","14","48","2","132","78","78","45","27","87","313","137","107","270","150","517","1395","1731","0","0","0","0","0","-158800","5","-100.00","632","-1","0","0","0","","0","0","0","","",""
"080240","0001","0","157900","158000","158100","158300","158600","158700","158800","158900","159000","159200","157800","157700","157600","157500","157400","157300","157200","157100","157000","156700","82","638","194","205","2","14","48","2","132","78","79","45","27","87","313","137","107","270","150","517","1395","1732","0","0","0","0","0","-158800","5","-100.00","632","0","1","0","0","","0","0","0","","",""
"080241","0000","0","157900","158000","158100","158300","158600","158700","158800","158900","159000","159200","157800","157700","157600","157500","157400","157300","157200","157100","157000","156700","82","648","194","205","2","14","48","2","132","78","79","45","27","87","313","137","107","270","150","517","1405","1732","0","0","0","0","0","-158800","5","-100.00","632","10","0","0","0","","0","0","0","","",""
"080242","0000","0","157900","158000","158100","158300","158600","158700","158800","158900","159000","159200","157800","157700","157600","157500","157400","157300","157200","157100","157000","156700","82","648","194","205","2","14","48","2","132","78","78","45","27","87","313","137","107","270","150","517","1405","1731","0","0","0","0","0","-158800","5","-100.00","633","0","-1","0","0","","0","0","0","","",""
"080242","0001","0","157900","158000","158100","158300","158600","158700","158800","158900","159000","159200","157800","157700","157600","157500","157400","157300","157200","157100","157000","156700","67","648","194","205","2","14","48","2","132","78","78","45","27","87","313","137","107","270","150","517","1390","1731","0","0","0","0","0","-158800","5","-100.00","648","-15","0","0","0","","0","0","0","","",""
"080243","0000","0","157900","158000","158100","158300","158600","158700","158800","158900","159000","159200","157800","157700","157600","157500","157400","157300","157200","157100","157000","156700","66","648","194","205","2","14","48","2","132","78","78","45","27","87","313","137","107","270","150","517","1389","1731","0","0","0","0","0","-158800","5","-100.00","649","-1","0","0","0","","0","0","0","","",""
"080243","0001","0","157900","158000","158100","158300","158600","158700","158800","158900","159000","159200","157800","157700","157600","157500","157400","157300","157200","157100","157000","156700","66","648","194","205","2","14","48","2","132","78","78","45","27","87","313","137","107","272","150","517","1389","1733","0","0","0","0","0","-158800","5","-100.00","649","0","2","0","0","","0","0","0","","",""
"080243","0002","0","157900","158000","158100","158300","158600","158700","158800","158900","159000","159200","157800","157700","157600","157500","157400","157300","157200","157100","157000","156700","65","648","194","205","2","14","48","2","132","78","78","45","27","87","313","137","107","272","150","517","1388","1733","0","0","0","0","0","-158800","5","-100.00","650","-1","0","0","0","","0","0","0","","",""
"080244","0000","0","157900","158000","158100","158300","158600","158700","158800","158900","159000","159200","157800","157700","157600","157500","157400","157300","157200","157100","157000","156700","65","648","194","205","2","14","48","2","132","78","78","45","27","87","313","137","107","273","150","517","1388","1734","0","0","0","0","0","-158800","5","-100.00","650","0","1","0","0","","0","0","0","","",""
"080245","0000","0","157900","158000","158100","158300","158600","158700","158800","158900","159000","159200","157800","157700","157600","157500","157400","157300","157200","157100","157000","156700","64","648","194","205","2","14","48","2","132","78","78","45","27","87","313","137","107","273","150","517","1387","1734","0","0","0","0","0","-158800","5","-100.00","651","-1","0","0","0","","0","0","0","","",""
"080245","0001","0","157900","158000","158100","158300","158600","158700","158800","158900","159000","159200","157800","157700","157600","157500","157400","157300","157200","157100","157000","156700","54","648","194","205","2","14","48","2","132","78","78","45","27","87","313","137","107","273","150","517","1377","1734","0","0","0","0","0","-158800","5","-100.00","661","-10","0","0","0","","0","0","0","","",""
"080247","0000","0","157900","158000","158100","158300","158600","158700","158800","158900","159000","159200","157800","157700","157600","157500","157400","157300","157200","157100","157000","156700","54","648","194","205","2","14","48","2","132","79","79","45","27","87","313","137","107","273","150","517","1378","1735","0","0","0","0","0","-158800","5","-100.00","661","1","1","0","0","","0","0","0","","",""
"080248","0000","0","157900","158000","158100","158300","158600","158700","158800","158900","159000","159200","157800","157700","157600","157500","157400","157300","157200","157100","157000","156700","54","648","194","205","2","14","48","2","132","79","79","45","27","87","313","137","107","278","150","517","1378","1740","0","0","0","0","0","-158800","5","-100.00","661","0","5","0","0","","0","0","0","","",""
"080248","0001","0","157900","158000","158100","158300","158600","158700","158800","158900","159000","159200","157800","157700","157600","157500","157400","157300","157200","157100","157000","156700","55","648","194","205","2","14","48","2","132","79","79","45","27","87","313","137","107","278","150","517","1379","1740","0","0","0","0","0","-158800","5","-100.00","661","1","0","0","0","","0","0","0","","",""
"080248","0002","0","157900","158000","158100","158300","158600","158700","158800","158900","159000","159200","157800","157700","157600","157500","157400","157300","157200","157100","157000","156700","55","648","194","205","2","14","48","2","132","79","79","45","27","92","313","137","107","278","150","517","1379","1745","0","0","0","0","0","-158800","5","-100.00","661","0","5","0","0","","0","0","0","","",""
"080249","0000","0","157900","158000","158100","158300","158600","158700","158800","158900","159000","159200","157800","157700","157600","157500","157400","157300","157200","157100","157000","156700","55","648","194","205","2","14","48","2","132","79","79","45","27","97","313","137","109","278","150","517","1379","1752","0","0","0","0","0","-158800","5","-100.00","661","0","7","0","0","","0","0","0","","",""
"080251","0000","0","157900","158000","158100","158300","158600","158700","158800","158900","159000","159200","157800","157700","157600","157500","157400","157300","157200","157100","157000","156700","55","648","194","205","2","14","48","2","132","79","79","46","27","97","313","137","109","278","150","517","1379","1753","0","0","0","0","0","-158800","5","-100.00","661","0","1","0","0","","0","0","0","","",""
"080252","0000","0","157900","158000","158100","158300","158600","158700","158800","158900","159000","159200","157800","157700","157600","157500","157400","157300","157200","157100","157000","156700","25","648","194","205","2","14","48","2","132","79","79","46","27","97","313","137","109","278","150","517","1349","1753","0","0","0","0","0","-158800","5","-100.00","691","-30","0","0","0","","0","0","0","","",""
"080253","0000","0","157900","158000","158100","158300","158600","158700","158800","158900","159000","159200","157800","157700","157600","157500","157400","157300","157200","157100","157000","156700","20","648","194","205","2","14","48","2","132","79","89","46","27","97","313","137","109","278","150","517","1344","1763","0","0","0","0","0","-158800","5","-100.00","696","-5","10","0","0","","0","0","0","","",""
"080253","0001","0","157900","158000","158100","158300","158600","158700","158800","158900","159000","159200","157800","157700","157600","157500","157400","157300","157200","157100","157000","156700","20","648","194","205","2","14","48","2","132","79","89","46","27","97","413","137","109","278","150","517","1344","1863","0","0","0","0","0","-158800","5","-100.00","696","0","100","0","0","","0","0","0","","",""
"080254","0000","0","157900","158000","158100","158300","158600","158700","158800","158900","159000","159200","157800","157700","157600","157500","157400","157300","157200","157100","157000","156700","20","648","194","205","2","14","48","2","133","79","89","46","27","97","413","137","109","278","150","517","1345","1863","0","0","0","0","0","-158800","5","-100.00","696","1","0","0","0","","0","0","0","","",""
"080255","0000","0","157900","158000","158100","158300","158600","158700","158800","158900","159000","159200","157800","157700","157600","157500","157400","157300","157200","157100","157000","156700","20","648","194","205","2","14","48","2","133","79","89","46","527","97","413","137","109","278","150","17","1345","1863","0","0","0","0","0","-158800","5","-100.00","696","0","0","0","0","","0","0","0","","",""
"080255","0001","0","157900","158000","158100","158300","158600","158700","158800","158900","159000","159200","157800","157700","157600","157500","157400","157300","157200","157100","157000","156700","18","648","194","205","2","14","48","2","133","79","89","46","527","97","413","137","109","278","150","17","1343","1863","0","0","0","0","0","-158800","5","-100.00","698","-2","0","0","0","","0","0","0","","",""
"080256","0000","0","157800","157900","158000","158100","158300","158600","158700","158800","158900","159000","157700","157600","157500","157400","157300","157200","157100","157000","156700","156600","41","18","648","194","205","2","14","48","2","133","46","527","97","413","137","109","278","150","17","108","1305","1882","0","0","0","0","0","-158800","5","-100.00","847","-38","19","0","0","","0","0","0","","",""
