"time","millisec","HOUR_CLS_CODE","ASKP1","ASKP2","ASKP3","ASKP4","ASKP5","ASKP6","ASKP7","ASKP8","ASKP9","ASKP10","BIDP1","BIDP2","BIDP3","BIDP4","BIDP5","BIDP6","BIDP7","BIDP8","BIDP9","BIDP10","ASKP_RSQN1","ASKP_RSQN2","ASKP_RSQN3","ASKP_RSQN4","ASKP_RSQN5","ASKP_RSQN6","ASKP_RSQN7","ASKP_RSQN8","ASKP_RSQN9","ASKP_RSQN10","BIDP_RSQN1","BIDP_RSQN2","BIDP_RSQN3","BIDP_RSQN4","BIDP_RSQN5","BIDP_RSQN6","BIDP_RSQN7","BIDP_RSQN8","BIDP_RSQN9","BIDP_RSQN10","TOTAL_ASKP_RSQN","TOTAL_BIDP_RSQN","OVTM_TOTAL_ASKP_RSQN","OVTM_TOTAL_BIDP_RSQN","ANTC_CNPR","ANTC_CNQN","ANTC_VOL","ANTC_CNTG_VRSS","ANTC_CNTG_VRSS_SIGN","ANTC_CNTG_PRDY_CTRT","ACML_VOL","TOTAL_ASKP_RSQN_ICDC","TOTAL_BIDP_RSQN_ICDC","OVTM_TOTAL_ASKP_ICDC","OVTM_TOTAL_BIDP_ICDC","STCK_DEAL_CLS_CODE","KMID_PRC","KMID_TOTAL_RSQN","KMID_CLS_CODE","NMID_PRC","NMID_TOTAL_RSQN","NMID_CLS_CODE"
"080000","0000","0","205000","0","0","0","0","0","0","0","0","0","200500","0","0","0","0","0","0","0","0","0","10","0","0","0","0","0","0","0","0","0","14","0","0","0","0","0","0","0","0","0","10","14","0","0","0","0","0","-203500","5","-100.00","0","0","0","0","0","","0","0","0","","",""
"080000","0001","0","204500","205000","206000","207000","208000","209000","210000","211000","211500","212000","200500","199000","195700","195600","195200","195000","192200","191000","190000","0","2","15","10","10","10","11","20","1","26","10","14","20","5","5","2","34","1","5","20","0","115","106","0","0","0","0","0","-203500","5","-100.00","0","105","92","0","0","","0","0","0","","",""
"080001","0000","0","204500","205000","205500","206000","207000","208000","209000","210000","211000","211500","201000","200500","200000","199900","199000","198000","197000","195700","195600","195200","2","15","8","10","11","11","12","30","1","26","1","14","1","1","21","1","1","5","5","2","126","52","0","0","0","0","0","-203500","5","-100.00","0","11","-54","0","0","","0","0","0","","",""
"080001","0001","0","204500","205000","205500","206000","207000","208000","209000","210000","211000","211500","201500","201000","200500","200000","199900","199000","198000","197500","197000","195700","2","16","8","10","11","11","12","30","1","26","1","201","24","31","1","21","1","1","1","5","127","287","0","0","0","0","0","-203500","5","-100.00","0","1","235","0","0","","0","0","0","","",""
"080002","0000","0","204500","205000","205500","206000","207000","208000","209000","210000","211000","211500","202000","201500","201000","200500","200000","199900","199000","198000","197500","197000","2","16","18","85","11","11","12","30","1","26","4","1","201","24","31","1","21","1","1","1","212","286","0","0","0","0","0","-203500","5","-100.00","0","85","-1","0","0","","0","0","0","","",""
"080002","0001","0","204500","205000","205500","206000","207000","208000","209000","210000","211000","211500","202000","201500","201000","200500","200000","199900","199000","198000","197500","197000","2","16","18","85","11","16","12","30","2","26","4","1","201","24","31","1","21","1","1","1","218","286","0","0","0","0","0","-203500","5","-100.00","0","6","0","0","0","","0","0","0","","",""
"080002","0002","0","204500","205000","205500","206000","207000","208000","209000","210000","211000","211500","202000","201500","201000","200500","200000","199900","199000","198000","197500","197000","2","16","18","85","11","16","12","32","2","26","4","1","202","24","31","1","21","1","1","1","220","287","0","0","0","0","0","-203500","5","-100.00","0","2","1","0","0","","0","0","0","","",""
"080003","0000","0","204500","205000","205500","206000","207000","208000","209000","210000","211000","211500","202000","201500","201000","200500","200000","199900","199000","198700","198000","197500","2","16","18","85","11","16","12","32","2","26","4","1","202","24","31","1","21","10","1","1","220","296","0","0","0","0","0","-203500","5","-100.00","0","0","9","0","0","","0","0","0","","",""
"080003","0001","0","204500","205000","205500","206000","207000","208000","209000","210000","211000","211500","202000","201500","201000","200500","200000","199900","199000","198700","198000","197500","2","16","18","85","11","16","12","122","2","26","4","1","202","24","31","1","21","10","1","1","310","296","0","0","0","0","0","-203500","5","-100.00","0","90","0","0","0","","0","0","0","","",""
"080004","0000","0","204000","204500","205000","205500","206000","207000","208000","209000","210000","211000","202000","201500","201000","200500","200000","199900","199000","198700","198000","197500","529","2","16","18","85","11","16","87","122","2","4","1","202","24","31","1","21","10","1","1","888","296","0","0","0","0","0","-203500","5","-100.00","0","578","0","0","0","","0","0","0","","",""
"080004","0001","0","204000","204500","205000","205500","206000","207000","208000","209000","210000","211000","202000","201000","200500","200000","199900","199000","198700","198000","197500","197000","529","2","16","18","85","11","16","87","122","2","4","202","24","31","1","21","10","1","1","1","888","296","0","0","0","0","0","-203500","5","-100.00","0","0","0","0","0","","0","0","0","","",""
"080004","0002","0","204000","204500","205000","205500","206000","207000","208000","209000","210000","211000","202000","201000","200500","200000","199900","199000","198700","198000","197500","197000","529","2","16","18","85","11","16","87","122","2","4","202","24","31","1","21","10","1","1","1","888","296","0","0","0","0","0","-203500","5","-100.00","0","0","0","0","0","","0","0","0","","",""
"080005","0000","0","204000","204500","205000","205500","206000","207000","208000","209000","210000","211000","202000","201000","200500","200000","199900","199000","198700","198000","197500","197000","529","2","16","18","85","11","16","87","122","2","4","202","24","31","1","24","10","1","1","1","888","299","0","0","0","0","0","-203500","5","-100.00","0","0","3","0","0","","0","0","0","","",""
"080005","0001","0","204000","204500","205000","205500","206000","207000","208000","209000","210000","211000","202000","201000","200500","200000","199900","199000","198700","198000","197500","197000","529","77","16","18","85","11","16","87","122","2","4","202","24","31","1","24","10","1","1","1","963","299","0","0","0","0","0","-203500","5","-100.00","0","75","0","0","0","","0","0","0","","",""
"080006","0000","0","204000","204500","205000","205500","206000","207000","208000","209000","210000","211000","202000","201000","200500","200000","199900","199000","198700","198000","197500","197000","529","77","16","18","85","11","16","87","122","2","4","202","24","31","1","24","10","1","41","1","963","339","0","0","0","0","0","-203500","5","-100.00","0","0","40","0","0","","0","0","0","","",""
"080008","0000","0","202000","204000","204500","205000","205500","206000","207000","208000","209000","210000","201000","200500","200000","199900","199000","198700","198000","197500","197000","196000","5","529","77","16","18","86","11","17","87","122","202","24","31","1","24","10","1","41","1","71","968","406","0","0","0","0","0","-203500","5","-100.00","5","5","67","0","0","","0","0","0","","",""
"080008","0001","0","202000","204000","204500","205000","205500","206000","207000","207500","208000","209000","201000","200500","200000","199900","199000","198700","198000","197500","197000","196000","5","529","77","16","18","86","11","1","17","87","202","24","31","1","24","10","1","41","1","71","847","406","0","0","0","0","0","-203500","5","-100.00","5","-121","0","0","0","","0","0","0","","",""
"080009","0000","0","202000","203500","204000","204500","205000","205500","206000","207000","207500","208000","201000","200500","200000","199900","199000","198700","198000","197500","197000","196000","5","75","529","77","17","18","86","11","1","17","202","24","131","1","24","10","1","41","1","71","836","506","0","0","0","0","0","-203500","5","-100.00","5","1","0","0","0","","0","0","0","","",""
"080010","0000","0","202000","203500","204000","204500","205000","205500","206000","207000","207500","208000","201000","200500","200000","199900","199000","198700","198000","197500","197000","196000","5","75","529","77","17","18","86","11","1","17","202","24","131","1","24","10","1","41","1","91","836","526","0","0","0","0","0","-203500","5","-100.00","5","0","20","0","0","","0","0","0","","",""
"080012","0000","0","202000","203500","204000","204500","205000","205500","206000","207000","207500","208000","201000","200500","200000","199900","199000","198700","198000","197500","197000","196000","4","75","529","77","17","18","86","11","1","17","202","24","131","1","24","10","1","41","1","91","835","526","0","0","0","0","0","-203500","5","-100.00","6","-1","0","0","0","","0","0","0","","",""
"080012","0001","0","202000","203500","204000","204500","205000","205500","206000","207000","207500","208000","201000","200500","200000","199900","199000","198700","198000","197500","197100","197000","4","75","529","77","17","18","86","11","1","17","202","24","131","1","24","10","1","41","10","1","835","445","0","0","0","0","0","-203500","5","-100.00","6","0","-81","0","0","","0","0","0","","",""
"080012","0002","0","202000","203500","204000","204500","205000","205500","206000","207000","207500","208000","201000","200500","200000","199900","199000","198700","198000","197500","197100","197000","4","75","529","77","17","18","86","11","1","17","205","24","131","1","24","10","1","41","10","1","835","448","0","0","0","0","0","-203500","5","-100.00","6","0","3","0","0","","0","0","0","","",""
"080013","0000","0","202000","203500","204000","204500","205000","205500","206000","207000","207500","208000","201000","200500","200000","199900","199000","198700","198400","198000","197500","197100","4","75","529","77","17","18","86","11","1","17","205","24","131","1","24","10","1","2","41","10","835","449","0","0","0","0","0","-203500","5","-100.00","6","0","0","0","0","","0","0","0","","",""
"080013","0001","0","202000","203500","204000","204500","205000","205500","206000","207000","207500","208000","201000","200500","200000","199900","199000","198700","198400","198000","197500","197100","4","75","529","77","17","18","86","11","1","17","205","29","131","1","24","10","1","2","41","10","835","454","0","0","0","0","0","-203500","5","-100.00","6","0","5","0","0","","0","0","0","","",""
"080015","0000","0","202000","203500","204000","204500","205000","205500","206000","207000","207500","208000","201000","200500","200000","199900","199000","198700","198400","198000","197500","197100","4","75","529","77","17","18","86","11","1","17","240","29","131","1","24","10","1","2","41","10","835","489","0","0","0","0","0","-203500","5","-100.00","6","0","35","0","0","","0","0","0","","",""
"080015","0001","0","202000","203500","204000","204500","205000","205500","206000","207000","207500","208000","201000","200500","200000","199900","199000","198700","198400","198000","197500","197100","4","75","529","77","17","18","86","11","1","17","240","29","141","1","24","10","1","2","41","10","835","499","0","0","0","0","0","-203500","5","-100.00","6","0","10","0","0","","0","0","0","","",""
"080015","0002","0","202000","203500","204000","204500","205000","205500","206000","207000","207500","208000","201000","200500","200000","199900","199000","198700","198400","198000","197500","197100","4","75","529","77","17","18","86","11","1","17","239","29","141","1","24","10","1","2","41","10","835","498","0","0","0","0","0","-203500","5","-100.00","6","0","-1","0","0","","0","0","0","","",""
"080015","0003","0","202000","203500","204000","204500","205000","205500","206000","207000","207500","208000","201000","200500","200000","199900","199000","198700","198400","198000","197500","197100","4","75","529","77","17","18","86","11","1","17","244","29","141","1","24","10","1","2","41","10","835","503","0","0","0","0","0","-203500","5","-100.00","6","0","5","0","0","","0","0","0","","",""
"080016","0000","0","202000","203500","204000","204500","205000","205500","206000","207000","207500","208000","201000","200500","200000","199900","199500","199000","198700","198400","198000","197500","4","75","529","77","17","18","86","11","1","17","244","29","141","1","1","24","10","1","2","41","835","494","0","0","0","0","0","-203500","5","-100.00","6","0","-9","0","0","","0","0","0","","",""
"080016","0001","0","202000","203500","204000","204500","205000","205500","206000","207000","207500","208000","201000","200500","200000","199900","199500","199000","198700","198400","198000","197500","4","75","529","77","17","18","86","11","1","17","264","29","141","1","1","24","10","1","2","41","835","514","0","0","0","0","0","-203500","5","-100.00","6","0","20","0","0","","0","0","0","","",""
"080017","0000","0","202000","203500","204000","204500","205000","205500","206000","207000","207500","208000","201000","200500","200000","199900","199500","199000","198700","198400","198000","197500","4","75","529","77","17","18","86","11","2","17","264","29","141","1","1","24","10","1","2","41","836","514","0","0","0","0","0","-203500","5","-100.00","6","1","0","0","0","","0","0","0","","",""
"080017","0001","0","202000","203500","204000","204500","205000","205500","206000","207000","207500","208000","201000","200500","200000","199900","199500","199000","198700","198400","198000","197500","4","75","529","81","17","14","86","11","2","17","264","29","141","1","1","24","10","1","2","41","836","514","0","0","0","0","0","-203500","5","-100.00","6","0","0","0","0","","0","0","0","","",""
"080017","0002","0","203500","204000","204500","205000","205500","206000","207000","207500","208000","209000","201000","200500","200000","199900","199500","199000","198700","198400","198000","197500","69","529","81","17","14","86","11","2","17","32","264","29","141","1","1","24","10","1","2","41","858","514","0","0","0","0","0","-203500","5","-100.00","16","0","0","0","0","","0","0","0","","",""
"080018","0000","0","203500","204000","204500","205000","205500","206000","207000","207500","208000","209000","201000","200500","200000","199900","199500","199000","198700","198500","198400","198000","69","529","81","17","14","86","11","2","17","32","264","29","141","1","1","24","10","4","1","2","858","477","0","0","0","0","0","-203500","5","-100.00","16","0","-37","0","0","","0","0","0","","",""
"080018","0001","0","203500","204000","204500","205000","205500","206000","207000","207500","208000","209000","202000","201000","200500","200000","199900","199500","199000","198700","198500","198400","69","529","6","17","14","86","11","2","17","282","2","264","29","141","1","1","24","10","4","1","1033","477","0","0","0","0","0","-203500","5","-100.00","16","175","0","0","0","","0","0","0","","",""
"080019","0000","0","203500","204000","204500","205000","205500","206000","207000","207500","208000","209000","202000","201000","200500","200000","199900","199500","199000","198700","198500","198400","69","529","6","17","14","86","11","2","17","282","2","264","29","141","1","1","24","10","4","1","1033","477","0","0","0","0","0","-203500","5","-100.00","16","0","0","0","0","","0","0","0","","",""
"080019","0001","0","203500","204000","204500","205000","205500","206000","207000","207500","208000","209000","202000","201000","200500","200000","199900","199500","199000","198700","198500","198400","69","529","6","17","14","86","11","2","17","282","2","264","29","141","1","1","24","10","4","6","1033","482","0","0","0","0","0","-203500","5","-100.00","16","0","5","0","0","","0","0","0","","",""
"080020","0000","0","203500","204000","204500","205000","205500","206000","207000","207500","208000","209000","202000","201000","200500","200000","199900","199500","199000","198700","198500","198400","69","529","6","17","14","86","11","2","17","282","27","264","29","141","10","1","24","10","4","6","1033","516","0","0","0","0","0","-203500","5","-100.00","16","0","34","0","0","","0","0","0","","",""
"080020","0001","0","203500","204000","204500","205000","205500","206000","207000","207500","208000","209000","202000","201000","200500","200000","199900","199500","199000","198700","198500","198400","69","529","6","17","14","86","11","2","17","282","27","264","29","141","10","1","24","10","204","6","1033","716","0","0","0","0","0","-203500","5","-100.00","16","0","200","0","0","","0","0","0","","",""
"080021","0000","0","203500","204000","204500","205000","205500","206000","207000","207500","208000","209000","202000","201000","200500","200000","199900","199500","199000","198700","198500","198400","69","529","11","17","14","86","11","2","17","282","27","264","29","141","10","1","24","10","204","6","1038","716","0","0","0","0","0","-203500","5","-100.00","16","5","0","0","0","","0","0","0","","",""
"080021","0001","0","204000","204500","205000","205500","206000","207000","207500","208000","209000","209500","202000","201000","200500","200000","199900","199500","199000","198700","198500","198400","529","11","17","14","86","11","2","17","282","1","27","264","29","141","10","1","24","10","204","6","970","716","0","0","0","0","0","-203500","5","-100.00","316","-68","0","0","0","","0","0","0","","",""
"080024","0000","0","204000","204500","205000","205500","206000","207000","207500","208000","209000","209500","202000","201000","200500","200000","199900","199500","199000","198700","198500","198400","529","11","17","14","86","11","2","17","282","6","27","264","29","141","10","1","24","10","204","6","975","716","0","0","0","0","0","-203500","5","-100.00","316","5","0","0","0","","0","0","0","","",""
"080024","0001","0","204000","204500","205000","205500","206000","207000","207500","208000","209000","209500","202000","201000","200500","200000","199900","199500","199000","198700","198500","198400","529","11","17","14","86","11","2","17","282","6","28","264","29","141","10","1","24","10","204","6","975","717","0","0","0","0","0","-203500","5","-100.00","316","0","1","0","0","","0","0","0","","",""
"080025","0000","0","204000","204500","205000","205500","206000","207000","207500","208000","209000","209500","202000","201000","200500","200000","199900","199500","199000","198700","198500","198400","532","11","17","14","86","11","2","17","282","6","28","264","29","141","10","1","24","10","204","6","978","717","0","0","0","0","0","-203500","5","-100.00","316","3","0","0","0","","0","0","0","","",""
"080025","0001","0","204000","204500","205000","205500","206000","207000","207500","208000","209000","209500","202000","201000","200500","200000","199900","199500","199000","198700","198500","198400","532","11","17","14","86","11","2","17","282","8","28","264","29","141","10","1","24","10","204","6","980","717","0","0","0","0","0","-203500","5","-100.00","316","2","0","0","0","","0","0","0","","",""
"080026","0000","0","203500","204000","204500","205000","205500","206000","207000","207500","208000","209000","202000","201000","200500","200000","199900","199500","199000","198700","198500","198400","1","532","12","17","14","86","11","2","17","282","28","264","29","141","10","1","24","10","204","6","974","717","0","0","0","0","0","-203500","5","-100.00","316","-7","0","0","0","","0","0","0","","",""
"080026","0001","0","203500","204000","204500","205000","205500","206000","207000","207500","208000","209000","202000","201000","200500","200000","199900","199500","199000","198700","198500","198400","1","532","12","17","14","86","11","2","17","282","28","264","29","141","10","1","24","10","204","6","974","717","0","0","0","0","0","-203500","5","-100.00","316","0","0","0","0","","0","0","0","","",""
"080027","0000","0","203500","204000","204500","205000","205500","206000","207000","207500","208000","209000","202000","201000","200500","200000","199900","199500","199000","198700","198500","198400","101","532","12","17","14","86","11","2","17","282","28","264","29","141","10","1","24","10","204","6","1074","717","0","0","0","0","0","-203500","5","-100.00","316","100","0","0","0","","0","0","0","","",""
"080028","0000","0","203500","204000","204500","205000","205500","206000","207000","207500","208000","209000","202000","201000","200500","200000","199900","199500","199000","198700","198500","198400","101","534","32","37","14","86","11","2","17","282","28","264","49","161","10","1","44","10","204","6","1116","777","0","0","0","0","0","-203500","5","-100.00","316","22","60","0","0","","0","0","0","","",""
"080029","0000","0","203500","204000","204500","205000","205500","206000","207000","207500","208000","209000","202000","201000","200500","200000","199900","199500","199000","198700","198500","198400","101","534","32","37","14","86","11","2","17","282","28","264","49","161","11","1","44","10","204","6","1116","778","0","0","0","0","0","-203500","5","-100.00","316","0","1","0","0","","0","0","0","","",""
"080029","0001","0","203500","204000","204500","205000","205500","206000","207000","207500","208000","209000","202000","201000","200500","200000","199900","199500","199000","198700","198500","198400","101","534","32","37","19","86","11","2","17","282","28","264","49","161","11","1","44","10","204","6","1121","778","0","0","0","0","0","-203500","5","-100.00","316","5","0","0","0","","0","0","0","","",""
"080030","0000","0","203500","204000","204500","205000","205500","206000","207000","207500","208000","209000","202000","201000","200500","200000","199900","199500","199000","198700","198500","198400","101","534","32","37","19","86","11","2","17","282","38","264","49","161","11","1","44","10","204","6","1121","788","0","0","0","0","0","-203500","5","-100.00","316","0","10","0","0","","0","0","0","","",""
"080030","0001","0","203500","204000","204500","205000","205500","206000","207000","207500","208000","209000","202000","201000","200500","200000","199900","199500","199000","198700","198500","198400","101","534","32","37","19","86","11","2","17","283","38","264","49","161","11","1","44","10","204","6","1122","788","0","0","0","0","0","-203500","5","-100.00","316","1","0","0","0","","0","0","0","","",""
"080031","0000","0","203500","204000","204500","205000","205500","206000","207000","207500","208000","209000","202000","201000","200500","200000","199900","199500","199000","198700","198500","198400","81","534","32","37","19","86","11","2","17","283","38","264","49","161","11","1","44","10","204","6","1102","788","0","0","0","0","0","-203500","5","-100.00","336","-20","0","0","0","","0","0","0","","",""
"080033","0000","0","203500","204000","204500","205000","205500","206000","206500","207000","207500","208000","202000","201000","200500","200000","199900","199500","199000","198700","198500","198400","81","534","32","37","19","86","4","11","2","17","38","264","49","161","11","1","44","10","204","6","823","788","0","0","0","0","0","-203500","5","-100.00","336","-279","0","0","0","","0","0","0","","",""
"080033","0001","0","203000","203500","204000","204500","205000","205500","206000","206500","207000","207500","202000","201000","200500","200000","199900","199500","199000","198700","198500","198400","8","81","534","32","37","19","86","4","11","2","38","264","49","161","11","1","44","10","204","6","814","788","0","0","0","0","0","-203500","5","-100.00","336","-9","0","0","0","","0","0","0","","",""
"080034","0000","0","203000","203500","204000","204500","205000","205500","206000","206500","207000","207500","202000","201000","200500","200000","199900","199500","199000","198700","198500","198400","8","81","534","32","37","19","86","4","11","2","38","264","49","185","11","1","44","10","204","6","814","812","0","0","0","0","0","-203500","5","-100.00","336","0","24","0","0","","0","0","0","","",""
"080034","0001","0","203000","203500","204000","204500","205000","205500","206000","206500","207000","207500","202000","201000","200500","200000","199900","199500","199100","199000","198700","198500","8","81","534","32","37","19","86","4","11","2","38","264","49","185","11","1","80","44","10","204","814","886","0","0","0","0","0","-203500","5","-100.00","336","0","74","0","0","","0","0","0","","",""
"080035","0000","0","203000","203500","204000","204500","205000","205500","206000","206500","207000","207500","202000","201000","200500","200000","199900","199500","199100","199000","198700","198500","8","81","534","32","37","19","86","4","11","2","38","264","54","185","11","1","80","44","10","204","814","891","0","0","0","0","0","-203500","5","-100.00","336","0","5","0","0","","0","0","0","","",""
"080036","0000","0","203000","203500","204000","204500","205000","205500","206000","206500","207000","207500","202000","201000","200500","200000","199900","199500","199100","199000","198700","198500","9","81","534","32","37","19","86","4","11","2","38","264","54","185","11","1","80","44","10","204","815","891","0","0","0","0","0","-203500","5","-100.00","336","1","0","0","0","","0","0","0","","",""
"080036","0001","0","203000","203500","204000","204500","205000","205500","206000","206500","207000","207500","202000","201000","200500","200000","199900","199500","199100","199000","198700","198500","9","81","534","32","37","19","86","4","11","2","38","264","54","185","11","2","80","44","10","204","815","892","0","0","0","0","0","-203500","5","-100.00","336","0","1","0","0","","0","0","0","","",""
"080037","0000","0","203000","203500","204000","204500","205000","205500","206000","206500","207000","207500","202000","201000","200500","200000","199900","199500","199100","199000","198700","198500","9","81","534","32","37","19","86","9","11","6","38","264","54","185","11","2","80","44","10","204","824","892","0","0","0","0","0","-203500","5","-100.00","336","4","0","0","0","","0","0","0","","",""
"080038","0000","0","203000","203500","204000","204500","205000","205500","206000","206500","207000","207500","202000","201000","200500","200000","199900","199500","199100","199000","198700","198500","9","81","534","32","45","19","86","9","11","6","38","264","54","185","11","2","80","44","10","204","832","892","0","0","0","0","0","-203500","5","-100.00","336","8","0","0","0","","0","0","0","","",""
"080038","0001","0","203000","203500","204000","204500","205000","205500","206000","206500","207000","207500","202000","201000","200500","200000","199900","199500","199100","199000","198700","198500","9","81","534","32","45","19","86","9","11","6","43","264","54","185","11","2","80","44","10","204","832","897","0","0","0","0","0","-203500","5","-100.00","336","0","5","0","0","","0","0","0","","",""
"080039","0000","0","203000","203500","204000","204500","205000","205500","206000","206500","207000","207500","202000","201000","200500","200000","199900","199500","199100","199000","198700","198500","9","81","534","32","45","19","86","9","11","6","43","264","154","185","11","2","80","44","10","204","832","997","0","0","0","0","0","-203500","5","-100.00","336","0","100","0","0","","0","0","0","","",""
"080040","0000","0","203000","203500","204000","204500","205000","205500","206000","206500","207000","207500","202000","201000","200500","200000","199900","199500","199100","199000","198700","198500","7","81","534","32","45","19","86","9","11","26","41","264","154","185","11","2","80","44","10","204","850","995","0","0","0","0","0","-203500","5","-100.00","338","20","0","0","0","","0","0","0","","",""
"080041","0000","0","203000","203500","204000","204500","205000","205500","206000","206500","207000","207500","202000","201000","200500","200000","199900","199500","199100","199000","198700","198500","7","81","534","32","45","19","86","9","11","26","41","264","154","185","11","2","80","44","10","204","850","995","0","0","0","0","0","-203500","5","-100.00","338","0","0","0","0","","0","0","0","","",""
"080042","0000","0","203000","203500","204000","204500","205000","205500","206000","206500","207000","207500","202000","201000","200500","200000","199900","199500","199100","199000","198700","198500","7","81","534","32","45","19","86","9","11","26","41","264","154","185","11","2","80","44","10","204","850","995","0","0","0","0","0","-203500","5","-100.00","338","0","0","0","0","","0","0","0","","",""
"080042","0001","0","203000","203500","204000","204500","205000","205500","206000","206500","207000","207500","202000","201500","201000","200500","200000","199900","199500","199100","199000","198700","7","81","534","32","45","19","86","9","11","26","41","150","264","154","185","11","2","80","44","10","850","941","0","0","0","0","0","-203500","5","-100.00","338","0","-54","0","0","","0","0","0","","",""
"080043","0000","0","203000","203500","204000","204500","205000","205500","206000","206500","207000","207500","202000","201500","201000","200500","200000","199900","199500","199100","199000","198700","7","81","534","32","45","19","86","9","11","26","41","150","264","154","161","11","2","80","44","10","850","917","0","0","0","0","0","-203500","5","-100.00","338","0","-24","0","0","","0","0","0","","",""
"080043","0001","0","203000","203500","204000","204500","205000","205500","206000","206500","207000","207500","202000","201500","201000","200500","200000","199900","199500","199100","199000","198700","7","81","534","32","45","19","86","9","26","26","41","150","264","154","161","11","2","80","44","10","865","917","0","0","0","0","0","-203500","5","-100.00","338","15","0","0","0","","0","0","0","","",""
"080044","0000","0","203000","203500","204000","204500","205000","205500","206000","206500","207000","207500","202000","201500","201000","200500","200000","199900","199500","199100","199000","198700","7","81","534","33","45","19","86","9","26","26","41","150","264","157","162","11","2","80","44","10","866","921","0","0","0","0","0","-203500","5","-100.00","338","1","1","0","0","","0","0","0","","",""
"080044","0001","0","203000","203500","204000","204500","205000","205500","206000","206500","207000","207500","202000","201500","201000","200500","200000","199900","199500","199100","199000","198700","7","91","534","33","45","19","86","9","26","26","41","150","264","157","162","11","2","80","44","10","876","921","0","0","0","0","0","-203500","5","-100.00","338","10","0","0","0","","0","0","0","","",""
"080045","0000","0","203000","203500","204000","204500","205000","205500","206000","206500","207000","207500","202000","201500","201000","200500","200000","199900","199500","199200","199100","199000","7","91","534","33","45","19","86","9","26","26","41","150","264","157","162","11","2","10","80","44","876","921","0","0","0","0","0","-203500","5","-100.00","338","0","0","0","0","","0","0","0","","",""
"080046","0000","0","203000","203500","204000","204500","205000","205500","206000","206500","207000","207500","202000","201500","201000","200500","200000","199900","199500","199200","199100","199000","9","91","534","33","45","19","86","9","26","26","41","150","264","157","161","11","2","10","80","44","878","920","0","0","0","0","0","-203500","5","-100.00","338","2","0","0","0","","0","0","0","","",""
"080046","0001","0","203000","203500","204000","204500","205000","205500","206000","206500","207000","207500","202000","201500","201000","200500","200000","199900","199500","199200","199100","199000","9","93","532","33","45","19","86","9","26","26","41","150","264","157","161","11","2","10","80","44","878","920","0","0","0","0","0","-203500","5","-100.00","338","0","0","0","0","","0","0","0","","",""
"080046","0002","0","203000","203500","204000","204500","205000","205500","206000","206500","207000","207500","202000","201500","201000","200500","200000","199900","199500","199200","199100","199000","9","93","532","33","45","19","86","9","26","26","41","150","269","157","161","11","2","10","80","44","878","925","0","0","0","0","0","-203500","5","-100.00","338","0","5","0","0","","0","0","0","","",""
"080046","0003","0","203000","203500","204000","204500","205000","205500","206000","206500","207000","207500","202000","201500","201000","200500","200000","199900","199500","199200","199100","199000","9","93","532","33","45","19","86","9","26","26","41","150","269","157","151","11","2","10","80","44","878","915","0","0","0","0","0","-203500","5","-100.00","338","0","-10","0","0","","0","0","0","","",""
"080047","0000","0","203000","203500","204000","204500","205000","205500","206000","206500","207000","207500","202000","201500","201000","200500","200000","199900","199500","199200","199100","199000","9","93","532","33","45","19","86","9","26","66","41","150","269","157","151","11","2","10","80","44","918","915","0","0","0","0","0","-203500","5","-100.00","338","40","0","0","0","","0","0","0","","",""
"080047","0001","0","203500","204000","204500","205000","205500","206000","206500","207000","207500","208000","202000","201500","201000","200500","200000","199900","199500","199200","199100","199000","82","532","33","45","19","86","9","26","66","17","41","150","269","157","151","11","2","10","80","44","915","915","0","0","0","0","0","-203500","5","-100.00","358","-3","0","0","0","","0","0","0","","",""
"080047","0002","0","203000","203500","204000","204500","205000","205500","206000","206500","207000","207500","202000","201500","201000","200500","200000","199900","199500","199200","199100","199000","5","82","532","33","45","19","86","9","26","66","41","150","269","157","151","11","2","10","80","44","903","915","0","0","0","0","0","-203500","5","-100.00","358","-12","0","0","0","","0","0","0","","",""
"080048","0000","0","203000","203500","204000","204500","205000","205500","206000","206500","207000","207500","202000","201500","201000","200500","200000","199900","199500","199200","199100","199000","5","82","532","33","45","19","86","9","26","66","41","150","269","157","175","11","2","10","80","44","903","939","0","0","0","0","0","-203500","5","-100.00","358","0","24","0","0","","0","0","0","","",""
"080049","0000","0","203000","203500","204000","204500","205000","205500","206000","206500","207000","207500","202000","201500","201000","200500","200000","199900","199500","199200","199100","199000","5","82","532","33","45","19","86","9","26","66","41","150","269","157","176","11","2","10","80","44","903","940","0","0","0","0","0","-203500","5","-100.00","358","0","1","0","0","","0","0","0","","",""
"080049","0001","0","203000","203500","204000","204500","205000","205500","206000","206500","207000","207500","202000","201500","201000","200500","200000","199900","199500","199200","199100","199000","5","82","532","33","45","19","91","9","26","66","41","150","269","157","176","11","2","10","80","44","908","940","0","0","0","0","0","-203500","5","-100.00","358","5","0","0","0","","0","0","0","","",""
"080050","0000","0","203000","203500","204000","204500","205000","205500","206000","206500","207000","207500","202000","201500","201000","200500","200000","199900","199500","199200","199100","199000","5","82","532","33","45","19","91","9","26","76","41","150","269","157","186","11","2","10","80","44","918","950","0","0","0","0","0","-203500","5","-100.00","358","0","10","0","0","","0","0","0","","",""
"080050","0001","0","203000","203500","204000","204500","205000","205500","206000","206500","207000","207500","202000","201500","201000","200500","200000","199900","199500","199200","199100","199000","5","82","532","33","45","19","91","9","26","76","41","150","269","157","186","11","2","10","180","44","918","1050","0","0","0","0","0","-203500","5","-100.00","358","0","100","0","0","","0","0","0","","",""
"080051","0000","0","203000","203500","204000","204500","205000","205500","206000","206500","207000","207500","202000","201500","201000","200500","200000","199900","199500","199200","199100","199000","5","102","532","33","45","19","91","9","26","76","41","150","269","157","186","11","2","10","180","46","938","1052","0","0","0","0","0","-203500","5","-100.00","358","20","2","0","0","","0","0","0","","",""
"080052","0000","0","203500","204000","204500","205000","205500","206000","206500","207000","207500","208000","202000","201500","201000","200500","200000","199900","199500","199200","199100","199000","87","532","33","45","19","91","9","26","76","27","41","150","269","157","186","11","2","10","180","46","945","1052","0","0","0","0","0","-203500","5","-100.00","378","7","0","0","0","","0","0","0","","",""
"080052","0001","0","203500","204000","204500","205000","205500","206000","206500","207000","207500","208000","202000","201500","201000","200500","200000","199900","199500","199200","199100","199000","87","532","33","45","19","91","9","26","76","27","42","150","269","157","186","11","2","10","180","46","945","1053","0","0","0","0","0","-203500","5","-100.00","378","0","1","0","0","","0","0","0","","",""
"080053","0000","0","203500","204000","204500","205000","205500","206000","206500","207000","207500","208000","202000","201500","201000","200500","200000","199900","199500","199200","199100","199000","87","532","33","45","19","91","9","26","76","27","42","150","269","157","201","11","2","10","180","46","945","1068","0","0","0","0","0","-203500","5","-100.00","378","0","15","0","0","","0","0","0","","",""
"080054","0000","0","203500","204000","204500","205000","205500","206000","206500","207000","207500","208000","202000","201500","201000","200500","200000","199900","199500","199200","199100","199000","77","532","33","45","19","91","9","26","76","27","42","150","269","157","201","11","2","10","180","46","935","1068","0","0","0","0","0","-203500","5","-100.00","388","-10","0","0","0","","0","0","0","","",""
"080054","0001","0","203500","204000","204500","205000","205500","206000","206500","207000","207500","208000","203000","202000","201500","201000","200500","200000","199900","199500","199200","199100","77","532","33","45","19","91","9","26","76","27","30","42","150","269","157","201","11","2","10","180","935","1052","0","0","0","0","0","-203500","5","-100.00","388","0","-16","0","0","","0","0","0","","",""
"080055","0000","0","203500","204000","204500","205000","205500","206000","206500","207000","207500","208000","203000","202000","201500","201000","200500","200000","199900","199500","199200","199100","77","532","33","45","19","96","9","26","76","27","30","42","150","269","157","201","11","2","10","180","940","1052","0","0","0","0","0","-203500","5","-100.00","388","5","0","0","0","","0","0","0","","",""
"080057","0000","0","203500","204000","204500","205000","205500","206000","206500","207000","207500","208000","203000","202000","201500","201000","200500","200000","199900","199500","199200","199100","177","532","33","45","19","96","9","26","76","27","30","42","150","269","157","201","11","2","10","180","1040","1052","0","0","0","0","0","-203500","5","-100.00","388","100","0","0","0","","0","0","0","","",""
"080057","0001","0","203500","204000","204500","205000","205500","206000","206500","207000","207500","208000","203000","202000","201500","201000","200500","200000","199900","199500","199200","199100","177","532","33","45","19","96","9","26","76","27","17","42","155","269","157","201","11","2","10","180","1040","1044","0","0","0","0","0","-203500","5","-100.00","401","0","5","0","0","","0","0","0","","",""
"080057","0002","0","203500","204000","204500","205000","205500","206000","206500","207000","207500","208000","203000","202000","201500","201000","200500","200000","199900","199500","199200","199100","177","532","33","45","19","96","9","26","76","27","17","42","155","269","157","211","11","2","10","180","1040","1054","0","0","0","0","0","-203500","5","-100.00","401","0","10","0","0","","0","0","0","","",""
"080059","0000","0","203500","204000","204500","205000","205500","206000","206500","207000","207500","208000","203000","202000","201500","201000","200500","200000","199900","199500","199200","199100","177","532","34","45","19","96","9","26","76","27","17","42","155","269","157","221","11","2","10","180","1041","1064","0","0","0","0","0","-203500","5","-100.00","401","1","0","0","0","","0","0","0","","",""
"080059","0001","0","203500","204000","204500","205000","205500","206000","206500","207000","207500","208000","203000","202000","201500","201000","200500","200000","199900","199500","199200","199100","177","532","34","45","19","96","9","26","76","37","17","42","155","269","157","221","11","2","10","180","1051","1064","0","0","0","0","0","-203500","5","-100.00","401","10","0","0","0","","0","0","0","","",""
"080059","0002","0","203500","204000","204500","205000","205500","206000","206500","207000","207500","208000","203000","202000","201500","201000","200500","200000","199900","199500","199200","199100","185","532","34","45","19","96","9","26","76","37","17","42","155","269","157","221","11","2","10","180","1059","1064","0","0","0","0","0","-203500","5","-100.00","401","8","0","0","0","","0","0","0","","",""
"080102","0000","0","203500","204000","204500","205000","205500","206000","206500","207000","207500","208000","203000","202000","201500","201000","200500","200000","199900","199500","199200","199100","193","532","34","45","19","96","9","26","76","37","17","42","155","269","157","221","11","2","10","180","1067","1064","0","0","0","0","0","-203500","5","-100.00","401","8","0","0","0","","0","0","0","","",""
"080102","0001","0","203500","204000","204500","205000","205500","206000","206500","207000","207500","208000","203000","202000","201500","201000","200500","200000","199900","199500","199200","199100","193","532","34","45","19","96","9","26","76","37","18","42","155","269","157","221","11","2","10","180","1067","1065","0","0","0","0","0","-203500","5","-100.00","401","0","1","0","0","","0","0","0","","",""
"080102","0002","0","203500","204000","204500","205000","205500","206000","206500","207000","207500","208000","203000","202000","201500","201000","200500","200000","199900","199500","199200","199100","208","532","34","45","19","96","9","26","76","37","18","42","155","269","157","221","11","2","10","180","1082","1065","0","0","0","0","0","-203500","5","-100.00","401","15","0","0","0","","0","0","0","","",""
"080102","0003","0","203500","204000","204500","205000","205500","206000","206500","207000","207500","208000","203000","202000","201500","201000","200500","200000","199900","199500","199200","199100","208","532","34","45","19","96","9","26","76","37","17","42","155","269","157","221","11","2","10","180","1082","1064","0","0","0","0","0","-203500","5","-100.00","407","0","-1","0","0","","0","0","0","","",""
"080103","0000","0","203500","204000","204500","205000","205500","206000","206500","207000","207500","208000","202000","201500","201000","200500","200000","199900","199500","199200","199100","199000","208","532","34","45","19","96","9","26","76","37","42","155","269","157","221","11","2","10","180","546","1082","1593","0","0","0","0","0","-203500","5","-100.00","427","0","529","0","0","","0","0","0","","",""
"080104","0000","0","203000","203500","204000","204500","205000","205500","206000","206500","207000","207500","202000","201500","201000","200500","200000","199900","199500","199200","199100","199000","14","208","532","34","45","19","96","9","26","76","42","155","269","157","221","11","2","10","180","546","1059","1593","0","0","0","0","0","-203500","5","-100.00","427","-23","0","0","0","","0","0","0","","",""
"080104","0001","0","203000","203500","204000","204500","205000","205500","206000","206500","207000","207500","202000","201500","201000","200500","200000","199900","199500","199200","199100","199000","16","208","534","34","45","19","96","9","26","76","42","155","269","157","221","11","2","10","180","546","1063","1593","0","0","0","0","0","-203500","5","-100.00","427","4","0","0","0","","0","0","0","","",""
"080105","0000","0","203000","203500","204000","204500","205000","205500","206000","206500","207000","207500","202000","201500","201000","200500","200000","199900","199500","199200","199100","199000","16","208","534","34","47","19","96","9","26","76","42","155","269","157","221","11","2","10","180","546","1065","1593","0","0","0","0","0","-203500","5","-100.00","427","2","0","0","0","","0","0","0","","",""
"080106","0000","0","203000","203500","204000","204500","205000","205500","206000","206500","207000","207500","202000","201500","201000","200500","200000","199900","199500","199200","199100","199000","16","208","534","34","47","19","96","9","26","76","42","155","279","157","221","11","2","10","180","546","1065","1603","0","0","0","0","0","-203500","5","-100.00","427","0","10","0","0","","0","0","0","","",""
"080106","0001","0","203000","203500","204000","204500","205000","205500","206000","206500","207000","207500","202000","201500","201000","200500","200000","199900","199500","199200","199100","199000","16","208","534","34","47","19","96","9","26","76","43","155","279","157","221","11","2","10","180","546","1065","1604","0","0","0","0","0","-203500","5","-100.00","427","0","1","0","0","","0","0","0","","",""
"080106","0002","0","203000","203500","204000","204500","205000","205500","206000","206500","207000","207500","202000","201500","201000","200500","200000","199900","199500","199200","199100","199000","17","208","534","34","47","19","96","9","26","76","43","155","279","157","221","11","2","10","180","546","1066","1604","0","0","0","0","0","-203500","5","-100.00","427","1","0","0","0","","0","0","0","","",""
"080107","0000","0","203000","203500","204000","204500","205000","205500","206000","206500","207000","207500","202000","201500","201000","200500","200000","199900","199500","199200","199100","199000","7","208","534","34","47","19","96","9","26","76","43","155","279","157","221","11","2","10","180","546","1056","1604","0","0","0","0","0","-203500","5","-100.00","437","-10","0","0","0","","0","0","0","","",""
"080107","0001","0","203000","203500","204000","204500","205000","205500","206000","206500","207000","207500","202000","201500","201000","200500","200000","199900","199500","199200","199100","199000","7","208","534","34","47","19","96","9","26","76","43","155","279","157","221","11","7","10","180","546","1056","1609","0","0","0","0","0","-203500","5","-100.00","437","0","5","0","0","","0","0","0","","",""
"080107","0002","0","203000","203500","204000","204500","205000","205500","206000","206500","207000","207500","202000","201500","201000","200500","200000","199900","199500","199200","199100","199000","7","208","534","34","47","19","96","9","26","76","43","155","279","157","221","11","7","10","180","546","1056","1609","0","0","0","0","0","-203500","5","-100.00","437","0","0","0","0","","0","0","0","","",""
"080108","0000","0","203000","203500","204000","204500","205000","205500","206000","206500","207000","207500","202000","201500","201000","200500","200000","199900","199500","199200","199100","199000","7","208","534","34","47","19","96","9","26","76","43","155","282","157","221","11","7","10","180","546","1056","1612","0","0","0","0","0","-203500","5","-100.00","437","0","3","0","0","","0","0","0","","",""
"080109","0000","0","203000","203500","204000","204500","205000","205500","206000","206500","207000","207500","202000","201500","201000","200500","200000","199900","199500","199200","199100","199000","8","208","534","34","47","19","96","9","26","76","43","155","282","157","221","11","7","10","180","546","1057","1612","0","0","0","0","0","-203500","5","-100.00","437","1","0","0","0","","0","0","0","","",""
"080110","0000","0","203000","203500","204000","204500","205000","205500","206000","206500","207000","207500","202000","201500","201000","200500","200000","199900","199500","199200","199100","199000","135","208","534","34","47","19","96","9","26","76","43","155","282","157","221","11","7","10","180","546","1184","1612","0","0","0","0","0","-203500","5","-100.00","437","127","0","0","0","","0","0","0","","",""
"080110","0001","0","203000","203500","204000","204500","205000","205500","206000","206500","207000","207500","202000","201500","201000","200500","200000","199900","199500","199200","199100","199000","135","208","534","34","47","19","97","9","26","76","43","155","282","157","221","11","7","11","180","546","1185","1613","0","0","0","0","0","-203500","5","-100.00","437","0","1","0","0","","0","0","0","","",""
"080111","0000","0","203000","203500","204000","204500","205000","205500","206000","206500","207000","207500","202000","201500","201000","200500","200000","199900","199500","199200","199100","199000","135","208","534","34","47","19","97","9","26","76","43","155","282","157","221","11","7","11","180","544","1185","1611","0","0","0","0","0","-203500","5","-100.00","437","0","-2","0","0","","0","0","0","","",""
"080112","0000","0","203000","203500","204000","204500","205000","205500","206000","206500","207000","207500","202000","201500","201000","200500","200000","199900","199500","199200","199100","199000","135","210","534","34","47","19","97","9","26","76","43","155","282","157","221","11","7","11","180","544","1187","1611","0","0","0","0","0","-203500","5","-100.00","437","2","0","0","0","","0","0","0","","",""
"080112","0001","0","203000","203500","204000","204500","205000","205500","206000","206500","207000","207500","202000","201500","201000","200500","200000","199900","199500","199200","199100","199000","135","210","534","34","47","19","97","9","26","76","43","155","282","157","231","11","7","11","180","544","1187","1621","0","0","0","0","0","-203500","5","-100.00","437","0","10","0","0","","0","0","0","","",""
"080112","0002","0","203000","203500","204000","204500","205000","205500","206000","206500","207000","207500","202000","201500","201000","200500","200000","199900","199500","199200","199100","199000","125","210","534","34","47","19","97","9","26","76","43","155","282","157","231","11","7","11","180","544","1177","1621","0","0","0","0","0","-203500","5","-100.00","447","-10","0","0","0","","0","0","0","","",""
"080113","0000","0","203000","203500","204000","204500","205000","205500","206000","206500","207000","207500","202000","201500","201000","200500","200000","199900","199500","199200","199100","199000","125","210","534","32","47","19","97","11","26","76","43","155","282","157","231","11","7","11","180","547","1177","1624","0","0","0","0","0","-203500","5","-100.00","447","0","3","0","0","","0","0","0","","",""
"080113","0001","0","203000","203500","204000","204500","205000","205500","206000","206500","207000","207500","202000","201500","201000","200500","200000","199900","199500","199200","199100","199000","125","210","534","32","47","119","97","11","26","76","43","155","282","157","261","11","7","11","180","547","1277","1654","0","0","0","0","0","-203500","5","-100.00","447","100","30","0","0","","0","0","0","","",""
"080113","0002","0","203000","203500","204000","204500","205000","205500","206000","206500","207000","207500","202000","201500","201000","200500","200000","199900","199500","199200","199100","199000","125","210","534","32","47","119","97","11","26","76","43","155","282","157","266","11","7","11","180","547","1277","1659","0","0","0","0","0","-203500","5","-100.00","447","0","5","0","0","","0","0","0","","",""
"080114","0000","0","203000","203500","204000","204500","205000","205500","206000","206500","207000","207500","202000","201500","201000","200500","200000","199900","199500","199200","199100","199000","127","210","534","32","47","119","97","11","26","76","43","155","282","157","266","11","7","11","180","547","1279","1659","0","0","0","0","0","-203500","5","-100.00","447","2","0","0","0","","0","0","0","","",""
"080115","0000","0","203000","203500","204000","204500","205000","205500","206000","206500","207000","207500","202000","201500","201000","200500","200000","199900","199500","199200","199100","199000","127","210","534","32","47","119","97","11","26","76","43","155","282","157","271","11","7","11","180","552","1279","1669","0","0","0","0","0","-203500","5","-100.00","447","0","5","0","0","","0","0","0","","",""
"080116","0000","0","203000","203500","204000","204500","205000","205500","206000","206500","207000","207500","202000","201500","201000","200500","200000","199900","199500","199200","199100","199000","127","210","534","32","47","119","97","11","26","76","43","155","282","157","271","11","7","11","180","557","1279","1674","0","0","0","0","0","-203500","5","-100.00","447","0","5","0","0","","0","0","0","","",""
"080117","0000","0","203000","203500","204000","204500","205000","205500","206000","206500","207000","207500","202000","201500","201000","200500","200000","199900","199500","199200","199100","199000","127","210","534","32","47","119","97","11","28","76","43","155","282","157","271","11","7","11","180","557","1281","1674","0","0","0","0","0","-203500","5","-100.00","447","2","0","0","0","","0","0","0","","",""
"080119","0000","0","203000","203500","204000","204500","205000","205500","206000","206500","207000","207500","202000","201500","201000","200500","200000","199900","199500","199200","199100","199000","127","210","534","32","47","119","97","11","28","76","43","155","282","159","271","11","7","11","180","557","1281","1676","0","0","0","0","0","-203500","5","-100.00","447","0","2","0","0","","0","0","0","","",""
"080121","0000","0","203000","203500","204000","204500","205000","205500","206000","206500","207000","207500","202000","201500","201000","200500","200000","199900","199500","199200","199100","199000","127","210","534","32","47","119","97","11","28","76","33","177","282","159","271","11","7","11","180","557","1281","1688","0","0","0","0","0","-203500","5","-100.00","457","0","22","0","0","","0","0","0","","",""
"080121","0001","0","203000","203500","204000","204500","205000","205500","206000","206500","207000","207500","202000","201500","201000","200500","200000","199900","199500","199200","199100","199000","127","210","534","32","47","119","97","11","28","76","33","177","282","159","272","11","7","11","180","557","1281","1689","0","0","0","0","0","-203500","5","-100.00","457","0","1","0","0","","0","0","0","","",""
"080123","0000","0","203000","203500","204000","204500","205000","205500","206000","206500","207000","207500","202000","201500","201000","200500","200000","199900","199500","199200","199100","199000","127","210","534","32","47","119","97","11","28","76","87","177","282","159","272","11","7","11","180","557","1281","1743","0","0","0","0","0","-203500","5","-100.00","457","0","54","0","0","","0","0","0","","",""
"080124","0000","0","203000","203500","204000","204500","205000","205500","206000","206500","207000","207500","202000","201500","201000","200500","200000","199900","199500","199200","199100","199000","127","210","534","32","47","119","97","11","28","76","87","177","282","159","272","11","7","11","180","557","1281","1743","0","0","0","0","0","-203500","5","-100.00","457","0","0","0","0","","0","0","0","","",""
"080124","0001","0","203000","203500","204000","204500","205000","205500","206000","206500","207000","207500","202000","201500","201000","200500","200000","199900","199500","199200","199100","199000","125","210","534","32","47","119","97","11","28","76","87","177","282","159","272","11","7","11","180","557","1279","1743","0","0","0","0","0","-203500","5","-100.00","459","-2","0","0","0","","0","0","0","","",""
"080125","0000","0","203000","203500","204000","204500","205000","205500","206000","206500","207000","207500","202000","201500","201000","200500","200000","199900","199500","199200","199100","199000","125","210","534","32","47","119","97","11","28","76","86","177","282","159","272","11","7","11","180","557","1279","1742","0","0","0","0","0","-203500","5","-100.00","460","0","-1","0","0","","0","0","0","","",""
"080126","0000","0","203000","203500","204000","204500","205000","205500","206000","206500","207000","207500","202000","201500","201000","200500","200000","199900","199500","199200","199100","199000","133","202","534","32","47","119","97","11","28","76","89","177","282","159","272","11","7","11","180","557","1279","1745","0","0","0","0","0","-203500","5","-100.00","460","0","3","0","0","","0","0","0","","",""
"080126","0001","0","203000","203500","204000","204500","205000","205500","206000","206500","207000","207500","202000","201500","201000","200500","200000","199900","199500","199200","199100","199000","133","202","534","32","47","119","97","11","28","76","100","177","282","159","272","11","7","11","180","557","1279","1756","0","0","0","0","0","-203500","5","-100.00","460","0","11","0","0","","0","0","0","","",""
"080127","0000","0","203000","203500","204000","204500","205000","205500","206000","206500","207000","207500","202000","201500","201000","200500","200000","199900","199500","199200","199100","199000","133","202","534","32","47","119","97","11","28","76","105","177","277","159","272","11","7","11","180","557","1279","1756","0","0","0","0","0","-203500","5","-100.00","460","0","0","0","0","","0","0","0","","",""
"080128","0000","0","203000","203500","204000","204500","205000","205500","206000","206500","207000","207500","202000","201500","201000","200500","200000","199900","199500","199200","199100","199000","133","205","534","32","47","119","97","11","28","76","105","177","277","159","272","11","7","11","180","557","1282","1756","0","0","0","0","0","-203500","5","-100.00","460","3","0","0","0","","0","0","0","","",""
"080129","0000","0","203000","203500","204000","204500","205000","205500","206000","206500","207000","207500","202000","201500","201000","200500","200000","199900","199500","199200","199100","199000","133","205","534","32","47","119","97","11","28","76","115","177","277","159","277","11","7","11","180","557","1282","1771","0","0","0","0","0","-203500","5","-100.00","460","0","10","0","0","","0","0","0","","",""
"080130","0000","0","203000","203500","204000","204500","205000","205500","206000","206500","207000","207500","202000","201500","201000","200500","200000","199900","199500","199200","199100","199000","133","205","534","32","47","119","97","11","28","76","115","177","282","159","277","11","7","11","180","557","1282","1776","0","0","0","0","0","-203500","5","-100.00","460","0","5","0","0","","0","0","0","","",""
"080130","0001","0","203000","203500","204000","204500","205000","205500","206000","206500","207000","207500","202000","201500","201000","200500","200000","199900","199500","199200","199100","199000","133","205","534","32","47","119","97","11","28","76","114","177","282","159","277","11","7","11","180","557","1282","1775","0","0","0","0","0","-203500","5","-100.00","461","0","-1","0","0","","0","0","0","","",""
"080130","0002","0","203000","203500","204000","204500","205000","205500","206000","206500","207000","207500","202000","201500","201000","200500","200000","199900","199500","199200","199100","199000","133","205","534","32","47","119","97","11","28","76","119","177","282","159","277","11","7","11","180","557","1282","1780","0","0","0","0","0","-203500","5","-100.00","461","0","5","0","0","","0","0","0","","",""
"080131","0000","0","203000","203500","204000","204500","205000","205500","206000","206500","207000","207500","202000","201500","201000","200500","200000","199900","199500","199200","199100","199000","133","205","534","32","52","119","97","11","28","76","119","177","282","159","277","11","7","11","180","557","1287","1780","0","0","0","0","0","-203500","5","-100.00","461","5","0","0","0","","0","0","0","","",""
"080135","0000","0","203000","203500","204000","204500","205000","205500","206000","206500","207000","207500","202000","201500","201000","200500","200000","199900","199500","199200","199100","199000","133","205","534","32","52","119","97","11","28","76","109","177","282","159","277","11","7","11","180","557","1287","1770","0","0","0","0","0","-203500","5","-100.00","471","0","-10","0","0","","0","0","0","","",""
"080136","0000","0","203000","203500","204000","204500","205000","205500","206000","206500","207000","207500","202000","201500","201000","200500","200000","199900","199500","199200","199100","199000","133","205","534","32","52","119","97","11","28","76","81","177","282","159","277","11","7","11","180","557","1287","1742","0","0","0","0","0","-203500","5","-100.00","499","0","-28","0","0","","0","0","0","","",""
"080137","0000","0","203000","203500","204000","204500","205000","205500","206000","206500","207000","207500","202000","201500","201000","200500","200000","199900","199500","199200","199100","199000","148","190","534","32","52","119","97","11","28","76","81","177","282","159","277","11","7","11","180","557","1287","1742","0","0","0","0","0","-203500","5","-100.00","499","0","0","0","0","","0","0","0","","",""
"080137","0001","0","203000","203500","204000","204500","205000","205500","206000","206500","207000","207500","202000","201500","201000","200500","200000","199900","199500","199200","199100","199000","148","190","534","32","52","119","97","11","28","94","81","177","282","159","277","11","7","11","180","557","1305","1742","0","0","0","0","0","-203500","5","-100.00","499","18","0","0","0","","0","0","0","","",""
"080138","0000","0","203000","203500","204000","204500","205000","205500","206000","206500","207000","207500","202000","201500","201000","200500","200000","199900","199500","199200","199100","199000","148","190","535","32","52","119","97","11","28","94","81","177","282","159","277","11","7","11","180","557","1306","1742","0","0","0","0","0","-203500","5","-100.00","499","1","0","0","0","","0","0","0","","",""
"080139","0000","0","203000","203500","204000","204500","205000","205500","206000","206500","207000","207500","202000","201500","201000","200500","200000","199900","199500","199200","199100","199000","148","190","535","32","52","119","97","11","28","94","74","177","282","159","277","11","7","11","180","557","1306","1735","0","0","0","0","0","-203500","5","-100.00","506","0","-2","0","0","","0","0","0","","",""
"080140","0000","0","202500","203000","203500","204000","204500","205000","205500","206000","206500","207000","202000","201500","201000","200500","200000","199900","199500","199200","199100","199000","2","146","190","535","32","52","119","102","11","28","74","177","282","159","277","11","7","11","180","557","1217","1735","0","0","0","0","0","-203500","5","-100.00","506","5","0","0","0","","0","0","0","","",""
"080140","0001","0","202500","203000","203500","204000","204500","205000","205500","206000","206500","207000","202000","201500","201000","200500","200000","199900","199500","199200","199100","199000","2","146","190","535","32","52","119","102","11","28","74","172","287","159","277","11","7","11","180","557","1217","1735","0","0","0","0","0","-203500","5","-100.00","506","0","0","0","0","","0","0","0","","",""
"080141","0000","0","203000","203500","204000","204500","205000","205500","206000","206500","207000","207500","202500","202000","201500","201000","200500","200000","199900","199500","199200","199100","146","190","535","32","52","119","102","11","28","94","48","75","172","287","159","277","11","7","11","180","1309","1227","0","0","0","0","0","-203500","5","-100.00","508","92","-509","0","0","","0","0","0","","",""
"080141","0001","0","203000","203500","204000","204500","205000","205500","206000","206500","207000","207500","202500","202000","201500","201000","200500","200000","199900","199500","199200","199100","146","190","535","32","52","120","102","11","28","94","48","75","172","287","159","277","11","7","11","180","1310","1227","0","0","0","0","0","-203500","5","-100.00","508","1","0","0","0","","0","0","0","","",""
"080141","0002","0","203000","203500","204000","204500","205000","205500","206000","206500","207000","207500","202500","202000","201500","201000","200500","200000","199900","199500","199200","199100","146","190","535","32","52","120","102","11","28","94","48","76","172","287","159","277","11","7","11","180","1310","1228","0","0","0","0","0","-203500","5","-100.00","508","0","1","0","0","","0","0","0","","",""
"080142","0000","0","203000","203500","204000","204500","205000","205500","206000","206500","207000","207500","202500","202000","201500","201000","200500","200000","199900","199500","199200","199100","146","190","535","32","52","120","102","11","28","94","46","76","172","287","159","277","11","7","11","180","1310","1226","0","0","0","0","0","-203500","5","-100.00","510","0","-2","0","0","","0","0","0","","",""
"080143","0000","0","203000","203500","204000","204500","205000","205500","206000","206500","207000","207500","202500","202000","201500","201000","200500","200000","199900","199500","199200","199100","144","190","535","32","52","120","102","11","28","94","46","76","172","287","159","277","11","7","11","180","1308","1226","0","0","0","0","0","-203500","5","-100.00","512","-2","0","0","0","","0","0","0","","",""
"080143","0001","0","203000","203500","204000","204500","205000","205500","206000","206500","207000","207500","202500","202000","201500","201000","200500","200000","199900","199500","199200","199100","144","190","535","32","52","120","102","11","28","94","46","76","172","288","159","277","11","7","11","180","1308","1227","0","0","0","0","0","-203500","5","-100.00","512","0","1","0","0","","0","0","0","","",""
"080143","0002","0","203000","203500","204000","204500","205000","205500","206000","206500","207000","207500","202500","202000","201500","201000","200500","200000","199900","199500","199200","199100","144","190","535","32","52","120","102","11","28","94","46","76","182","288","159","277","11","7","11","180","1308","1237","0","0","0","0","0","-203500","5","-100.00","512","0","10","0","0","","0","0","0","","",""
"080144","0000","0","203000","203500","204000","204500","205000","205500","206000","206500","207000","207500","202500","202000","201500","201000","200500","200000","199900","199500","199200","199100","144","188","535","32","52","120","102","11","28","94","46","101","182","288","159","277","11","7","11","180","1306","1262","0","0","0","0","0","-203500","5","-100.00","512","-2","25","0","0","","0","0","0","","",""
"080144","0001","0","203000","203500","204000","204500","205000","205500","206000","206500","207000","207500","202500","202000","201500","201000","200500","200000","199900","199500","199200","199100","144","188","545","32","52","120","102","11","28","94","46","101","182","288","159","297","11","7","11","180","1316","1282","0","0","0","0","0","-203500","5","-100.00","512","10","0","0","0","","0","0","0","","",""
"080145","0000","0","203000","203500","204000","204500","205000","205500","206000","206500","207000","207500","202500","202000","201500","201000","200500","200000","199900","199500","199200","199100","145","188","545","32","52","120","102","11","28","94","46","101","182","288","159","297","11","7","11","180","1317","1282","0","0","0","0","0","-203500","5","-100.00","512","1","0","0","0","","0","0","0","","",""
"080145","0001","0","203000","203500","204000","204500","205000","205500","206000","206500","207000","207500","202500","202000","201500","201000","200500","200000","199900","199500","199200","199100","145","188","545","32","52","120","102","11","28","94","46","101","190","288","159","297","11","7","11","180","1317","1290","0","0","0","0","0","-203500","5","-100.00","512","0","8","0","0","","0","0","0","","",""
"080146","0000","0","203000","203500","204000","204500","205000","205500","206000","206500","207000","207500","202500","202000","201500","201000","200500","200000","199900","199500","199200","199100","145","188","545","32","52","120","102","11","28","94","46","101","190","288","159","303","11","7","11","180","1317","1296","0","0","0","0","0","-203500","5","-100.00","512","0","6","0","0","","0","0","0","","",""
"080146","0001","0","203000","203500","204000","204500","205000","205500","206000","206500","207000","207500","202500","202000","201500","201000","200500","200000","199900","199500","199200","199100","145","188","545","32","52","120","102","11","28","94","46","107","190","288","159","303","11","7","11","180","1317","1302","0","0","0","0","0","-203500","5","-100.00","512","0","6","0","0","","0","0","0","","",""
"080148","0000","0","203000","203500","204000","204500","205000","205500","206000","206500","207000","207500","202500","202000","201500","201000","200500","200000","199900","199500","199200","199100","145","198","545","32","52","120","102","11","28","94","46","107","190","288","159","303","11","7","11","180","1327","1302","0","0","0","0","0","-203500","5","-100.00","512","10","0","0","0","","0","0","0","","",""
"080148","0001","0","203000","203500","204000","204500","205000","205500","206000","206500","207000","207500","202500","202000","201500","201000","200500","200000","199900","199500","199200","199100","147","198","545","32","52","120","102","11","28","94","46","107","190","288","159","303","11","7","11","180","1329","1302","0","0","0","0","0","-203500","5","-100.00","512","2","0","0","0","","0","0","0","","",""
"080149","0000","0","203000","203500","204000","204500","205000","205500","206000","206500","207000","207500","202500","202000","201500","201000","200500","200000","199900","199500","199200","199100","147","198","545","32","52","120","102","16","28","94","46","107","190","288","159","303","11","7","11","180","1334","1302","0","0","0","0","0","-203500","5","-100.00","512","5","0","0","0","","0","0","0","","",""
"080151","0000","0","203000","203500","204000","204500","205000","205500","206000","206500","207000","207500","202500","202000","201500","201000","200500","200000","199900","199500","199200","199100","147","198","545","32","52","120","102","16","28","94","46","110","190","288","159","303","11","7","11","180","1334","1305","0","0","0","0","0","-203500","5","-100.00","512","0","3","0","0","","0","0","0","","",""
"080151","0001","0","203000","203500","204000","204500","205000","205500","206000","206500","207000","207500","202500","202000","201500","201000","200500","200000","199900","199500","199200","199100","147","198","545","32","52","120","102","16","28","94","34","110","190","288","159","303","11","7","11","180","1334","1293","0","0","0","0","0","-203500","5","-100.00","524","0","-12","0","0","","0","0","0","","",""
"080151","0002","0","203000","203500","204000","204500","205000","205500","206000","206500","207000","207500","202500","202000","201500","201000","200500","200000","199900","199500","199200","199100","147","198","545","32","52","120","102","16","29","94","34","110","190","88","359","303","11","7","11","200","1335","1313","0","0","0","0","0","-203500","5","-100.00","524","0","0","0","0","","0","0","0","","",""
"080152","0000","0","202500","203000","203500","204000","204500","205000","205500","206000","206500","207000","202000","201500","201000","200500","200000","199900","199500","199200","199100","199000","16","147","198","545","32","52","120","102","16","29","110","190","88","359","303","11","7","11","200","557","1257","1836","0","0","0","0","0","-203500","5","-100.00","558","-78","523","0","0","","0","0","0","","",""
"080152","0001","0","202500","203000","203500","204000","204500","205000","205500","206000","206500","207000","202000","201500","201000","200500","200000","199900","199500","199200","199100","199000","16","148","198","545","32","52","120","102","16","29","110","190","88","359","305","11","7","11","200","557","1258","1838","0","0","0","0","0","-203500","5","-100.00","558","1","0","0","0","","0","0","0","","",""
"080152","0002","0","202500","203000","203500","204000","204500","205000","205500","206000","206500","207000","202000","201500","201000","200500","200000","199900","199500","199200","199100","199000","16","158","198","545","32","52","120","102","16","29","110","190","88","359","305","11","7","11","200","557","1268","1838","0","0","0","0","0","-203500","5","-100.00","558","10","0","0","0","","0","0","0","","",""
"080153","0000","0","202500","203000","203500","204000","204500","205000","205500","206000","206500","207000","202000","201500","201000","200500","200000","199900","199500","199200","199100","199000","15","158","198","545","32","52","120","102","16","29","110","190","88","359","305","11","7","11","200","557","1267","1838","0","0","0","0","0","-203500","5","-100.00","559","-1","0","0","0","","0","0","0","","",""
"080154","0000","0","202500","203000","203500","204000","204500","205000","205500","206000","206500","207000","202000","201500","201000","200500","200000","199900","199500","199200","199100","199000","5","158","198","545","32","52","120","102","16","29","110","190","88","359","305","11","7","11","200","557","1257","1838","0","0","0","0","0","-203500","5","-100.00","569","-10","0","0","0","","0","0","0","","",""
"080155","0000","0","203000","203500","204000","204500","205000","205500","206000","206500","207000","207500","202500","202000","201500","201000","200500","200000","199900","199500","199200","199100","158","198","545","32","52","120","102","16","29","94","348","110","190","88","359","305","11","7","11","200","1346","1629","0","0","0","0","0","-203500","5","-100.00","574","89","-209","0","0","","0","0","0","","",""
"080155","0001","0","203000","203500","204000","204500","205000","205500","206000","206500","207000","207500","202500","202000","201500","201000","200500","200000","199900","199500","199200","199100","158","198","545","32","52","120","102","16","29","94","348","120","190","88","359","305","11","7","11","200","1346","1639","0","0","0","0","0","-203500","5","-100.00","574","0","10","0","0","","0","0","0","","",""
"080156","0000","0","203000","203500","204000","204500","205000","205500","206000","206500","207000","207500","202500","202000","201500","201000","200500","200000","199900","199500","199200","199100","158","198","545","32","52","120","102","16","29","94","319","120","190","88","359","305","11","7","11","200","1346","1610","0","0","0","0","0","-203500","5","-100.00","604","0","-30","0","0","","0","0","0","","",""
"080156","0001","0","203000","203500","204000","204500","205000","205500","206000","206500","207000","207500","202500","202000","201500","201000","200500","200000","199900","199500","199200","199100","158","198","545","32","52","120","102","16","29","94","280","120","190","88","359","305","11","7","11","200","1346","1571","0","0","0","0","0","-203500","5","-100.00","644","0","1","0","0","","0","0","0","","",""
"080157","0000","0","203000","203500","204000","204500","205000","205500","206000","206500","207000","207500","202500","202000","201500","201000","200500","200000","199900","199500","199200","199100","163","198","545","32","52","120","102","16","29","94","280","120","190","88","359","305","11","7","11","200","1351","1571","0","0","0","0","0","-203500","5","-100.00","644","5","0","0","0","","0","0","0","","",""
"080157","0001","0","203000","203500","204000","204500","205000","205500","206000","206500","207000","207500","202500","202000","201500","201000","200500","200000","199900","199500","199200","199100","163","198","545","32","52","120","102","16","29","94","279","120","190","88","359","305","11","7","11","200","1351","1570","0","0","0","0","0","-203500","5","-100.00","645","0","-1","0","0","","0","0","0","","",""
"080157","0002","0","203000","203500","204000","204500","205000","205500","206000","206500","207000","207500","202500","202000","201500","201000","200500","200000","199900","199500","199200","199100","163","198","545","32","52","120","102","16","29","94","278","120","190","88","359","305","11","7","11","200","1351","1569","0","0","0","0","0","-203500","5","-100.00","646","0","-1","0","0","","0","0","0","","",""
"080158","0000","0","203000","203500","204000","204500","205000","205500","206000","206500","207000","207500","202500","202000","201500","201000","200500","200000","199900","199500","199200","199100","161","198","545","32","52","120","102","16","29","94","278","120","190","88","359","305","11","7","11","200","1349","1569","0","0","0","0","0","-203500","5","-100.00","646","-2","0","0","0","","0","0","0","","",""
"080159","0000","0","203000","203500","204000","204500","205000","205500","206000","206500","207000","207500","202500","202000","201500","201000","200500","200000","199900","199500","199200","199100","161","198","545","32","52","120","102","16","29","94","268","120","190","88","359","305","11","7","11","200","1349","1559","0","0","0","0","0","-203500","5","-100.00","656","0","-10","0","0","","0","0","0","","",""
"080202","0000","0","203000","203500","204000","204500","205000","205500","206000","206500","207000","207500","202500","202000","201500","201000","200500","200000","199900","199500","199200","199100","161","198","545","32","52","120","102","16","29","94","264","120","190","88","359","305","11","7","11","200","1349","1555","0","0","0","0","0","-203500","5","-100.00","660","0","-4","0","0","","0","0","0","","",""
"080202","0001","0","203000","203500","204000","204500","205000","205500","206000","206500","207000","207500","202500","202000","201500","201000","200500","200000","199900","199500","199200","199100","160","198","545","32","52","120","102","16","29","94","264","120","190","88","359","305","11","7","11","200","1348","1555","0","0","0","0","0","-203500","5","-100.00","660","-1","0","0","0","","0","0","0","","",""
"080203","0000","0","203000","203500","204000","204500","205000","205500","206000","206500","207000","207500","202500","202000","201500","201000","200500","200000","199900","199500","199200","199100","160","198","545","32","52","120","102","16","29","94","250","120","190","88","359","305","11","7","11","200","1348","1541","0","0","0","0","0","-203500","5","-100.00","674","0","-14","0","0","","0","0","0","","",""
"080204","0000","0","203000","203500","204000","204500","205000","205500","206000","206500","207000","207500","202500","202000","201500","201000","200500","200000","199900","199500","199200","199100","125","198","545","32","52","120","102","16","29","94","250","120","290","88","359","305","11","7","11","200","1313","1641","0","0","0","0","0","-203500","5","-100.00","709","-35","0","0","0","","0","0","0","","",""
"080204","0001","0","203000","203500","204000","204500","205000","205500","206000","206500","207000","207500","202500","202000","201500","201000","200500","200000","199900","199500","199200","199100","125","198","545","32","52","120","102","16","29","94","250","120","290","88","359","305","13","7","11","200","1313","1643","0","0","0","0","0","-203500","5","-100.00","709","0","2","0","0","","0","0","0","","",""
"080204","0002","0","203000","203500","204000","204500","205000","205500","206000","206500","207000","207500","202500","202000","201500","201000","200500","200000","199900","199500","199200","199100","125","198","545","32","52","125","102","16","29","94","250","120","290","88","359","305","13","7","11","200","1318","1643","0","0","0","0","0","-203500","5","-100.00","709","5","0","0","0","","0","0","0","","",""
"080204","0003","0","203000","203500","204000","204500","205000","205500","206000","206500","207000","207500","202500","202000","201500","201000","200500","200000","199900","199500","199200","199100","115","198","545","32","52","125","102","16","29","94","240","120","290","88","359","305","13","7","11","200","1308","1633","0","0","0","0","0","-203500","5","-100.00","719","-10","-10","0","0","","0","0","0","","",""
"080205","0000","0","203000","203500","204000","204500","205000","205500","206000","206500","207000","207500","202500","202000","201500","201000","200500","200000","199900","199500","199200","199100","115","198","545","32","52","125","102","16","35","94","240","120","290","88","359","305","13","7","11","200","1314","1633","0","0","0","0","0","-203500","5","-100.00","719","6","0","0","0","","0","0","0","","",""
"080207","0000","0","203000","203500","204000","204500","205000","205500","206000","206500","207000","207500","202500","202000","201500","201000","200500","200000","199900","199500","199200","199100","125","201","545","32","52","125","102","16","35","94","240","120","290","88","359","305","13","7","11","200","1327","1633","0","0","0","0","0","-203500","5","-100.00","719","3","0","0","0","","0","0","0","","",""
"080208","0000","0","203000","203500","204000","204500","205000","205500","206000","206500","207000","207500","202500","202000","201500","201000","200500","200000","199900","199500","199200","199100","125","201","543","32","52","125","102","18","35","94","240","120","290","88","359","305","13","7","11","200","1327","1633","0","0","0","0","0","-203500","5","-100.00","719","0","0","0","0","","0","0","0","","",""
"080208","0001","0","203000","203500","204000","204500","205000","205500","206000","206500","207000","207500","202500","202000","201500","201000","200500","200000","199900","199500","199200","199100","125","201","543","32","52","125","102","18","35","94","239","120","290","88","359","305","13","7","11","200","1327","1632","0","0","0","0","0","-203500","5","-100.00","720","0","-1","0","0","","0","0","0","","",""
"080210","0000","0","203000","203500","204000","204500","205000","205500","206000","206500","207000","207500","202500","202000","201500","201000","200500","200000","199900","199500","199200","199100","95","201","543","32","52","125","102","18","35","94","239","120","290","88","359","305","13","7","11","200","1297","1632","0","0","0","0","0","-203500","5","-100.00","750","-30","0","0","0","","0","0","0","","",""
"080210","0001","0","203000","203500","204000","204500","205000","205500","206000","206500","207000","207500","202500","202000","201500","201000","200500","200000","199900","199500","199200","199100","95","201","543","32","52","125","102","18","35","94","239","123","290","88","359","305","13","7","11","200","1297","1635","0","0","0","0","0","-203500","5","-100.00","750","0","3","0","0","","0","0","0","","",""
"080212","0000","0","203000","203500","204000","204500","205000","205500","206000","206500","207000","207500","202500","202000","201500","201000","200500","200000","199900","199500","199200","199100","145","201","543","32","52","125","102","18","35","94","239","123","290","88","359","305","13","7","11","200","1347","1635","0","0","0","0","0","-203500","5","-100.00","750","50","0","0","0","","0","0","0","","",""
"080212","0001","0","203000","203500","204000","204500","205000","205500","206000","206500","207000","207500","202500","202000","201500","201000","200500","200000","199900","199500","199200","199100","145","201","543","32","52","125","102","18","35","94","239","123","290","88","361","305","13","7","11","200","1347","1637","0","0","0","0","0","-203500","5","-100.00","750","0","2","0","0","","0","0","0","","",""
"080213","0000","0","203000","203500","204000","204500","205000","205500","206000","206500","207000","207500","202500","202000","201500","201000","200500","200000","199900","199500","199200","199100","145","201","543","32","52","125","102","18","35","94","239","123","290","88","361","305","13","7","41","200","1347","1667","0","0","0","0","0","-203500","5","-100.00","750","0","30","0","0","","0","0","0","","",""
"080214","0000","0","203000","203500","204000","204500","205000","205500","206000","206500","207000","207500","202500","202000","201500","201000","200500","200000","199900","199500","199200","199100","152","201","543","32","52","125","102","18","35","94","239","125","290","88","361","305","13","7","41","200","1354","1669","0","0","0","0","0","-203500","5","-100.00","750","7","0","0","0","","0","0","0","","",""
"080214","0001","0","203000","203500","204000","204500","205000","205500","206000","206500","207000","207500","202500","202000","201500","201000","200500","200000","199900","199500","199200","199100","151","201","543","32","52","125","102","18","35","94","239","125","290","88","361","305","13","7","41","200","1353","1669","0","0","0","0","0","-203500","5","-100.00","751","-1","0","0","0","","0","0","0","","",""
"080214","0002","0","203000","203500","204000","204500","205000","205500","206000","206500","207000","207500","202500","202000","201500","201000","200500","200000","199900","199500","199200","199100","151","201","543","32","52","125","102","18","35","94","239","125","290","88","361","305","13","7","41","200","1353","1669","0","0","0","0","0","-203500","5","-100.00","751","0","0","0","0","","0","0","0","","",""
"080215","0000","0","203000","203500","204000","204500","205000","205500","206000","206500","207000","207500","202500","202000","201500","201000","200500","200000","199900","199500","199200","199100","151","201","543","32","52","125","102","18","35","94","241","125","290","88","361","305","13","7","41","200","1353","1671","0","0","0","0","0","-203500","5","-100.00","751","0","2","0","0","","0","0","0","","",""
"080215","0001","0","203000","203500","204000","204500","205000","205500","206000","206500","207000","207500","202500","202000","201500","201000","200500","200000","199900","199500","199200","199100","151","201","543","32","52","125","102","18","35","94","276","125","290","88","361","305","13","7","41","200","1353","1706","0","0","0","0","0","-203500","5","-100.00","751","0","35","0","0","","0","0","0","","",""
"080215","0002","0","203000","203500","204000","204500","205000","205500","206000","206500","207000","207500","202500","202000","201500","201000","200500","200000","199900","199500","199200","199100","155","201","543","32","52","125","102","18","35","94","276","135","290","88","361","305","13","7","41","200","1357","1716","0","0","0","0","0","-203500","5","-100.00","751","4","10","0","0","","0","0","0","","",""
"080216","0000","0","203000","203500","204000","204500","205000","205500","206000","206500","207000","207500","202500","202000","201500","201000","200500","200000","199900","199500","199200","199100","155","201","543","32","52","125","102","18","35","94","276","140","290","83","361","305","13","7","41","200","1357","1716","0","0","0","0","0","-203500","5","-100.00","751","0","0","0","0","","0","0","0","","",""
"080217","0000","0","203000","203500","204000","204500","205000","205500","206000","206500","207000","207500","202500","202000","201500","201000","200500","200000","199900","199500","199200","199100","154","201","543","32","52","125","102","18","35","94","276","140","290","83","361","305","13","7","41","200","1356","1716","0","0","0","0","0","-203500","5","-100.00","752","-1","0","0","0","","0","0","0","","",""
"080217","0001","0","203000","203500","204000","204500","205000","205500","206000","206500","207000","207500","202500","202000","201500","201000","200500","200000","199900","199500","199200","199100","157","201","543","32","52","125","102","18","35","94","276","140","290","83","361","305","13","7","41","200","1359","1716","0","0","0","0","0","-203500","5","-100.00","752","3","0","0","0","","0","0","0","","",""
"080217","0002","0","203000","203500","204000","204500","205000","205500","206000","206500","207000","207500","202500","202000","201500","201000","200500","200000","199900","199500","199200","199100","165","201","543","32","52","125","102","18","35","94","276","140","290","83","361","305","13","7","41","200","1367","1716","0","0","0","0","0","-203500","5","-100.00","752","5","0","0","0","","0","0","0","","",""
"080218","0000","0","203000","203500","204000","204500","205000","205500","206000","206500","207000","207500","202500","202000","201500","201000","200500","200000","199900","199500","199200","199100","165","201","543","32","52","125","102","18","35","94","276","240","290","83","361","305","13","7","41","200","1367","1816","0","0","0","0","0","-203500","5","-100.00","752","0","100","0","0","","0","0","0","","",""
"080219","0000","0","203000","203500","204000","204500","205000","205500","206000","206500","207000","207500","202500","202000","201500","201000","200500","200000","199900","199500","199200","199100","165","201","543","32","52","125","102","18","35","94","22","240","290","83","361","305","13","7","41","200","1367","1562","0","0","0","0","0","-203500","5","-100.00","769","0","-254","0","0","","0","0","0","","",""
"080219","0001","0","203000","203500","204000","204500","205000","205500","206000","206500","207000","207500","202500","202000","201500","201000","200500","200000","199900","199500","199200","199100","165","201","543","32","52","125","102","18","35","94","22","241","290","83","361","305","13","7","41","200","1367","1563","0","0","0","0","0","-203500","5","-100.00","769","0","1","0","0","","0","0","0","","",""
"080220","0000","0","203000","203500","204000","204500","205000","205500","206000","206500","207000","207500","202500","202000","201500","201000","200500","200000","199900","199500","199200","199100","165","201","543","32","52","125","102","18","35","94","32","241","290","83","361","305","13","7","41","200","1367","1573","0","0","0","0","0","-203500","5","-100.00","769","0","10","0","0","","0","0","0","","",""
"080220","0001","0","203000","203500","204000","204500","205000","205500","206000","206500","207000","207500","202500","202000","201500","201000","200500","200000","199900","199500","199200","199100","165","201","543","32","52","125","102","18","35","94","37","241","290","83","361","305","13","7","41","200","1367","1578","0","0","0","0","0","-203500","5","-100.00","769","0","5","0","0","","0","0","0","","",""
"080222","0000","0","203000","203500","204000","204500","205000","205500","206000","206500","207000","207500","202500","202000","201500","201000","200500","200000","199900","199500","199200","199100","160","201","543","32","52","125","102","18","35","94","32","241","290","83","361","305","13","7","41","200","1362","1573","0","0","0","0","0","-203500","5","-100.00","774","-5","-5","0","0","","0","0","0","","",""
"080222","0001","0","203000","203500","204000","204500","205000","205500","206000","206500","207000","207500","202500","202000","201500","201000","200500","200000","199900","199500","199200","199100","160","201","543","32","52","125","102","18","35","94","32","241","291","83","361","305","13","7","41","200","1362","1574","0","0","0","0","0","-203500","5","-100.00","774","0","1","0","0","","0","0","0","","",""
"080223","0000","0","203000","203500","204000","204500","205000","205500","206000","206500","207000","207500","202500","202000","201500","201000","200500","200000","199900","199500","199200","199100","145","201","543","32","52","125","102","18","35","94","32","241","291","83","361","305","13","7","41","200","1347","1574","0","0","0","0","0","-203500","5","-100.00","789","-15","0","0","0","","0","0","0","","",""
"080223","0001","0","203000","203500","204000","204500","205000","205500","206000","206500","207000","207500","202500","202000","201500","201000","200500","200000","199900","199500","199200","199100","145","201","543","32","47","120","97","13","20","84","95","241","291","83","361","305","13","7","41","200","1302","1637","0","0","0","0","0","-203500","5","-100.00","789","-45","0","0","0","","0","0","0","","",""
"080223","0002","0","203000","203500","204000","204500","205000","205500","206000","206500","207000","207500","202500","202000","201500","201000","200500","200000","199900","199500","199200","199100","145","201","543","32","47","120","97","13","20","84","95","241","291","83","361","306","13","7","41","200","1302","1638","0","0","0","0","0","-203500","5","-100.00","789","0","1","0","0","","0","0","0","","",""
"080224","0000","0","203000","203500","204000","204500","205000","205500","206000","206500","207000","207500","202500","202000","201500","201000","200500","200000","199900","199500","199200","199100","148","201","543","32","47","120","97","13","20","84","94","241","291","83","361","306","13","7","41","200","1305","1637","0","0","0","0","0","-203500","5","-100.00","790","3","0","0","0","","0","0","0","","",""
"080224","0001","0","203000","203500","204000","204500","205000","205500","206000","206500","207000","207500","202500","202000","201500","201000","200500","200000","199900","199500","199200","199100","148","201","543","32","47","120","97","13","20","84","94","241","291","84","361","306","13","7","41","200","1305","1638","0","0","0","0","0","-203500","5","-100.00","790","0","1","0","0","","0","0","0","","",""
"080225","0000","0","203000","203500","204000","204500","205000","205500","206000","206500","207000","207500","202500","202000","201500","201000","200500","200000","199900","199500","199200","199100","148","201","543","32","47","120","97","13","20","84","69","241","291","84","361","306","13","7","41","200","1305","1613","0","0","0","0","0","-203500","5","-100.00","815","0","-25","0","0","","0","0","0","","",""
"080225","0001","0","203000","203500","204000","204500","205000","205500","206000","206500","207000","207500","202500","202000","201500","201000","200500","200000","199900","199500","199200","199100","148","201","543","32","47","120","97","13","20","84","70","241","291","84","361","306","13","7","41","200","1305","1614","0","0","0","0","0","-203500","5","-100.00","815","0","1","0","0","","0","0","0","","",""
"080225","0002","0","203000","203500","204000","204500","205000","205500","206000","206500","207000","207500","202500","202000","201500","201000","200500","200000","199900","199500","199200","199100","148","201","543","32","47","120","97","13","20","84","70","241","291","84","361","301","13","7","41","200","1305","1609","0","0","0","0","0","-203500","5","-100.00","815","0","-5","0","0","","0","0","0","","",""
"080226","0000","0","203000","203500","204000","204500","205000","205500","206000","206500","207000","207500","202500","202000","201500","201000","200500","200000","199900","199500","199200","199100","148","201","543","32","47","120","97","13","20","84","70","241","291","84","361","301","13","7","41","200","1305","1609","0","0","0","0","0","-203500","5","-100.00","815","0","0","0","0","","0","0","0","","",""
"080226","0001","0","203000","203500","204000","204500","205000","205500","206000","206500","207000","207500","202500","202000","201500","201000","200500","200000","199900","199500","199200","199100","148","201","543","32","47","120","97","13","20","84","70","341","191","84","361","301","13","7","41","200","1305","1609","0","0","0","0","0","-203500","5","-100.00","815","0","0","0","0","","0","0","0","","",""
"080226","0002","0","203000","203500","204000","204500","205000","205500","206000","206500","207000","207500","202500","202000","201500","201000","200500","200000","199900","199500","199200","199100","148","201","543","32","47","120","97","13","20","84","70","341","191","84","361","301","13","57","41","200","1305","1659","0","0","0","0","0","-203500","5","-100.00","815","0","50","0","0","","0","0","0","","",""
"080227","0000","0","203000","203500","204000","204500","205000","205500","206000","206500","207000","207500","202500","202000","201500","201000","200500","200000","199900","199500","199200","199100","148","201","543","32","47","120","97","13","20","84","71","241","191","84","461","301","13","57","41","200","1305","1660","0","0","0","0","0","-203500","5","-100.00","815","0","1","0","0","","0","0","0","","",""
"080227","0001","0","203000","203500","204000","204500","205000","205500","206000","206500","207000","207500","202500","202000","201500","201000","200500","200000","199900","199500","199200","199100","145","201","543","32","47","120","97","13","20","84","68","251","191","84","461","301","13","57","41","200","1302","1667","0","0","0","0","0","-203500","5","-100.00","818","-3","7","0","0","","0","0","0","","",""
"080228","0000","0","203000","203500","204000","204500","205000","205500","206000","206500","207000","207500","202500","202000","201500","201000","200500","200000","199900","199500","199200","199100","145","201","543","32","47","120","97","13","20","84","68","251","192","84","461","301","13","57","41","200","1302","1668","0","0","0","0","0","-203500","5","-100.00","818","0","1","0","0","","0","0","0","","",""
"080231","0000","0","203000","203500","204000","204500","205000","205500","206000","206500","207000","207500","202500","202000","201500","201000","200500","200000","199900","199500","199200","199100","145","201","543","32","47","120","97","13","20","84","68","256","192","84","461","301","13","57","41","200","1302","1673","0","0","0","0","0","-203500","5","-100.00","818","0","5","0","0","","0","0","0","","",""
"080231","0001","0","203000","203500","204000","204500","205000","205500","206000","206500","207000","207500","202500","202000","201500","201000","200500","200000","199900","199500","199200","199100","148","201","543","32","47","120","97","13","20","84","68","256","192","84","461","301","13","57","41","200","1305","1673","0","0","0","0","0","-203500","5","-100.00","818","3","0","0","0","","0","0","0","","",""
"080232","0000","0","203000","203500","204000","204500","205000","205500","206000","206500","207000","207500","202500","202000","201500","201000","200500","200000","199900","199500","199200","199100","130","201","543","32","47","120","97","13","20","84","68","256","192","84","461","301","13","57","41","200","1287","1673","0","0","0","0","0","-203500","5","-100.00","836","-8","0","0","0","","0","0","0","","",""
"080233","0000","0","203000","203500","204000","204500","205000","205500","206000","206500","207000","207500","202500","202000","201500","201000","200500","200000","199900","199500","199200","199100","130","201","543","32","47","120","97","13","20","84","68","261","192","84","461","301","13","57","41","200","1287","1678","0","0","0","0","0","-203500","5","-100.00","836","0","5","0","0","","0","0","0","","",""
"080233","0001","0","203000","203500","204000","204500","205000","205500","206000","206500","207000","207500","202500","202000","201500","201000","200500","200000","199900","199800","199500","199200","130","201","543","32","47","120","97","13","20","84","68","261","192","84","461","301","13","1","57","41","1287","1479","0","0","0","0","0","-203500","5","-100.00","836","0","-199","0","0","","0","0","0","","",""
"080233","0002","0","203000","203500","204000","204500","205000","205500","206000","206500","207000","207500","202500","202000","201500","201000","200500","200000","199900","199800","199500","199200","131","201","543","32","47","120","97","13","20","84","68","261","192","84","461","301","13","1","57","41","1288","1479","0","0","0","0","0","-203500","5","-100.00","836","1","0","0","0","","0","0","0","","",""
"080234","0000","0","203000","203500","204000","204500","205000","205500","206000","206500","207000","207500","202500","202000","201500","201000","200500","200000","199900","199800","199500","199200","131","201","543","32","47","120","97","13","20","84","68","261","192","84","461","301","13","1","57","43","1288","1481","0","0","0","0","0","-203500","5","-100.00","836","0","2","0","0","","0","0","0","","",""
"080234","0001","0","203000","203500","204000","204500","205000","205500","206000","206500","207000","207500","202500","202000","201500","201000","200500","200000","199900","199800","199500","199200","181","201","543","32","47","120","97","13","20","84","68","261","192","84","461","301","13","1","57","43","1338","1481","0","0","0","0","0","-203500","5","-100.00","836","50","0","0","0","","0","0","0","","",""
"080236","0000","0","203000","203500","204000","204500","205000","205500","206000","206500","207000","207500","202500","202000","201500","201000","200500","200000","199900","199800","199500","199200","181","201","543","32","47","120","97","13","20","84","68","261","192","84","481","301","13","1","57","43","1338","1501","0","0","0","0","0","-203500","5","-100.00","836","0","20","0","0","","0","0","0","","",""
"080237","0000","0","203000","203500","204000","204500","205000","205500","206000","206500","207000","207500","202500","202000","201500","201000","200500","200000","199900","199800","199500","199200","180","201","543","32","47","120","97","13","20","84","68","261","197","84","481","301","13","1","57","43","1337","1506","0","0","0","0","0","-203500","5","-100.00","837","-1","0","0","0","","0","0","0","","",""
