"time","millisec","HOUR_CLS_CODE","ASKP1","ASKP2","ASKP3","ASKP4","ASKP5","ASKP6","ASKP7","ASKP8","ASKP9","ASKP10","BIDP1","BIDP2","BIDP3","BIDP4","BIDP5","BIDP6","BIDP7","BIDP8","BIDP9","BIDP10","ASKP_RSQN1","ASKP_RSQN2","ASKP_RSQN3","ASKP_RSQN4","ASKP_RSQN5","ASKP_RSQN6","ASKP_RSQN7","ASKP_RSQN8","ASKP_RSQN9","ASKP_RSQN10","BIDP_RSQN1","BIDP_RSQN2","BIDP_RSQN3","BIDP_RSQN4","BIDP_RSQN5","BIDP_RSQN6","BIDP_RSQN7","BIDP_RSQN8","BIDP_RSQN9","BIDP_RSQN10","TOTAL_ASKP_RSQN","TOTAL_BIDP_RSQN","OVTM_TOTAL_ASKP_RSQN","OVTM_TOTAL_BIDP_RSQN","ANTC_CNPR","ANTC_CNQN","ANTC_VOL","ANTC_CNTG_VRSS","ANTC_CNTG_VRSS_SIGN","ANTC_CNTG_PRDY_CTRT","ACML_VOL","TOTAL_ASKP_RSQN_ICDC","TOTAL_BIDP_RSQN_ICDC","OVTM_TOTAL_ASKP_ICDC","OVTM_TOTAL_BIDP_ICDC","STCK_DEAL_CLS_CODE","KMID_PRC","KMID_TOTAL_RSQN","KMID_CLS_CODE","NMID_PRC","NMID_TOTAL_RSQN","NMID_CLS_CODE"
"080000","0000","0","386000","412000","449500","454500","489000","0","0","0","0","0","360000","265000","0","0","0","0","0","0","0","0","10","22","1","1","73","0","0","0","0","0","1","1500","0","0","0","0","0","0","0","0","107","1501","0","0","0","0","0","-376500","5","-100.00","0","0","0","0","0","","0","0","0","","",""
"080000","0001","0","380000","380500","381000","381500","382000","382500","383000","383500","384000","384500","370500","370000","367000","365000","360000","355000","350000","340000","265000","0","5","1","3","1","1","3","1","1","1","1","5","5","20","5","106","4","4","4","1500","0","18","1653","0","0","0","0","0","-376500","5","-100.00","0","-89","152","0","0","","0","0","0","","",""
"080001","0000","0","376500","377500","380000","380500","381000","381500","382000","382500","383000","383500","373500","372000","370500","370000","367000","365000","360000","355000","350000","345000","100","40","15","2","3","1","1","3","1","3","5","20","5","25","20","15","106","4","4","4","169","208","0","0","0","0","0","-376500","5","-100.00","13","151","-1445","0","0","","0","0","0","","",""
"080001","0001","0","376500","377500","378000","380000","380500","381000","381500","382000","382500","383000","373500","372500","372000","371000","370500","370000","368500","368000","367500","367000","100","40","1","15","2","3","1","51","3","1","5","3","20","10","8","35","3","3","20","20","217","127","0","0","0","0","0","-376500","5","-100.00","13","48","-81","0","0","","0","0","0","","",""
"080002","0000","0","376000","376500","377500","378000","379000","380000","380500","381000","381500","382000","373500","373000","372500","372000","371000","370500","370000","369000","368500","368000","20","153","40","1","10","15","2","3","1","51","5","6","4","23","10","9","35","30","3","3","296","128","0","0","0","0","0","-376500","5","-100.00","13","79","1","0","0","","0","0","0","","",""
"080002","0001","0","376000","376500","377500","378000","379000","380000","380500","381000","381500","382000","373500","373000","372500","372000","371000","370500","370000","369000","368500","368000","20","153","40","1","10","15","2","3","1","51","18","6","4","23","10","9","35","30","3","3","296","141","0","0","0","0","0","-376500","5","-100.00","15","0","13","0","0","","0","0","0","","",""
"080002","0002","0","376000","376500","377500","378000","379000","380000","380500","381000","381500","382000","373500","373000","372500","372000","371000","370500","370000","369000","368500","368000","19","173","40","1","10","15","602","3","1","51","48","6","4","23","20","9","55","35","3","3","915","206","0","0","0","0","0","-376500","5","-100.00","16","619","65","0","0","","0","0","0","","",""
"080003","0000","0","376000","376500","377500","378000","379000","380000","380500","381000","381500","382000","373500","373000","372500","372000","371000","370500","370000","369500","369000","368500","22","173","40","1","10","15","602","3","1","51","48","6","4","23","20","9","55","1","35","3","918","204","0","0","0","0","0","-376500","5","-100.00","16","3","-2","0","0","","0","0","0","","",""
"080003","0001","0","376000","376500","377500","378000","379000","380000","380500","381000","381500","382000","373500","373000","372500","372000","371000","370500","370000","369500","369000","368500","21","173","40","1","10","15","602","3","1","51","48","6","4","23","20","9","55","1","35","3","917","204","0","0","0","0","0","-376500","5","-100.00","17","-1","0","0","0","","0","0","0","","",""
"080003","0002","0","376000","376500","377500","378000","379000","380000","380500","381000","381500","382000","373500","373000","372500","372000","371000","370500","370000","369500","369000","368500","21","173","40","1","10","15","602","3","1","52","48","46","4","23","20","35","55","1","40","3","918","275","0","0","0","0","0","-376500","5","-100.00","17","1","71","0","0","","0","0","0","","",""
"080004","0000","0","376000","376500","377500","378000","379000","380000","380500","381000","381500","382000","373500","373000","372500","372000","371000","370500","370000","369500","369000","368500","21","173","40","1","10","15","602","3","1","52","48","46","4","23","20","44","55","1","41","3","918","285","0","0","0","0","0","-376500","5","-100.00","17","0","10","0","0","","0","0","0","","",""
"080004","0001","0","376000","376500","377500","378000","379000","380000","380500","381000","381500","382000","373500","373000","372500","372000","371000","370500","370000","369500","369000","368500","21","170","40","1","10","15","602","3","1","52","48","46","3","23","34","44","55","1","41","3","915","298","0","0","0","0","0","-376500","5","-100.00","17","-3","13","0","0","","0","0","0","","",""
"080006","0000","0","376000","376500","377500","378000","379000","380000","380500","381000","381500","382000","373500","373000","372500","372000","371000","370500","370000","369500","369000","368500","21","170","40","1","10","15","606","3","1","52","48","46","3","23","34","44","55","1","41","3","919","298","0","0","0","0","0","-376500","5","-100.00","17","4","0","0","0","","0","0","0","","",""
"080007","0000","0","376000","376500","377500","378000","379000","380000","380500","381000","381500","382000","373500","373000","372500","372000","371000","370500","370000","369500","369000","368500","21","170","40","1","10","15","606","3","1","52","48","46","3","23","39","44","55","1","41","3","919","303","0","0","0","0","0","-376500","5","-100.00","17","0","5","0","0","","0","0","0","","",""
"080007","0001","0","376000","376500","377500","378000","379000","380000","380500","381000","381500","382000","373500","373000","372500","372000","371000","370500","370000","369500","369000","368500","21","170","40","1","10","15","606","3","1","52","48","46","13","23","39","44","55","1","41","3","919","313","0","0","0","0","0","-376500","5","-100.00","17","0","10","0","0","","0","0","0","","",""
"080007","0002","0","376000","376500","377500","378000","379000","380000","380500","381000","381500","382000","373500","373000","372500","372000","371000","370500","370000","369500","369000","368500","21","180","40","1","10","15","606","3","1","52","48","46","13","23","39","44","55","1","41","3","929","313","0","0","0","0","0","-376500","5","-100.00","17","10","0","0","0","","0","0","0","","",""
"080008","0000","0","376000","376500","377500","378000","379000","380000","380500","381000","381500","382000","375500","375000","373500","373000","372500","372000","371000","370500","370000","369500","21","180","40","1","10","15","606","3","1","52","1","1","48","46","13","23","39","44","55","1","929","271","0","0","0","0","0","-376500","5","-100.00","27","0","-42","0","0","","0","0","0","","",""
"080008","0001","0","376000","376500","377500","378000","379000","380000","380500","381000","381500","382000","375500","375000","373500","373000","372500","372000","371000","370500","370000","369500","21","192","40","1","10","15","606","3","1","52","1","1","48","46","13","23","39","44","55","1","941","271","0","0","0","0","0","-376500","5","-100.00","27","12","0","0","0","","0","0","0","","",""
"080009","0000","0","376000","376500","377500","378000","379000","380000","380500","381000","381500","382000","375500","375000","373500","373000","372500","372000","371000","370500","370000","369500","21","192","40","1","10","15","606","3","1","52","1","1","50","46","13","23","39","44","55","1","941","273","0","0","0","0","0","-376500","5","-100.00","27","0","2","0","0","","0","0","0","","",""
"080009","0001","0","376000","376500","377500","378000","379000","380000","380500","381000","381500","382000","375500","375000","373500","373000","372500","372000","371000","370500","370000","369500","31","192","40","1","10","15","606","3","1","52","1","1","50","46","13","23","39","44","55","1","951","273","0","0","0","0","0","-376500","5","-100.00","27","10","0","0","0","","0","0","0","","",""
"080009","0002","0","376000","376500","377500","378000","379000","380000","380500","381000","381500","382000","375500","375000","373500","373000","372500","372000","371000","370500","370000","369500","131","192","40","1","10","15","606","3","1","52","1","1","50","46","13","23","39","44","55","1","1051","273","0","0","0","0","0","-376500","5","-100.00","27","100","0","0","0","","0","0","0","","",""
"080010","0000","0","376000","376500","377500","378000","379000","380000","380500","381000","381500","382000","375500","375000","373500","373000","372500","372000","371000","370500","370000","369500","132","192","40","1","10","15","606","3","1","52","1","1","50","46","13","23","39","44","55","1","1052","273","0","0","0","0","0","-376500","5","-100.00","27","1","0","0","0","","0","0","0","","",""
"080010","0001","0","376000","376500","377500","378000","379000","380000","380500","381000","381500","382000","375500","375000","373500","373000","372500","372000","371000","370500","370000","369500","132","192","40","1","10","15","606","3","1","52","31","1","50","46","13","23","39","44","55","1","1052","303","0","0","0","0","0","-376500","5","-100.00","27","0","30","0","0","","0","0","0","","",""
"080010","0002","0","376000","376500","377500","378000","379000","380000","380500","381000","381500","382000","375500","375000","373500","373000","372500","372000","371000","370500","370000","369500","123","202","40","1","10","15","606","3","1","52","31","1","50","46","13","23","39","44","55","1","1053","303","0","0","0","0","0","-376500","5","-100.00","36","1","0","0","0","","0","0","0","","",""
"080010","0003","0","376000","376500","377500","378000","379000","380000","380500","381000","381500","382000","375500","375000","373500","373000","372500","372000","371000","370500","370000","369500","113","202","40","1","10","15","606","3","1","52","31","1","50","46","13","23","39","44","55","1","1043","303","0","0","0","0","0","-376500","5","-100.00","46","-10","0","0","0","","0","0","0","","",""
"080011","0000","0","376000","376500","377500","378000","379000","379500","380000","380500","381000","381500","375500","375000","373500","373000","372500","372000","371000","370500","370000","369500","113","202","40","1","10","1","15","606","3","1","31","1","50","46","13","23","40","44","55","1","992","304","0","0","0","0","0","-376500","5","-100.00","46","-51","0","0","0","","0","0","0","","",""
"080012","0000","0","376000","376500","377500","378000","379000","379500","380000","380500","381000","381500","375500","375000","373500","373000","372500","372000","371000","370500","370000","369500","113","202","40","1","10","1","15","606","3","1","31","1","61","46","13","23","40","44","55","1","992","315","0","0","0","0","0","-376500","5","-100.00","46","0","10","0","0","","0","0","0","","",""
"080012","0001","0","376000","376500","377500","378000","378500","379000","379500","380000","380500","381000","375500","375000","373500","373000","372500","372000","371000","370500","370000","369500","113","202","40","1","1","10","1","15","606","3","31","1","61","46","13","23","40","44","55","1","992","315","0","0","0","0","0","-376500","5","-100.00","46","0","0","0","0","","0","0","0","","",""
"080012","0002","0","376000","376500","377500","378000","378500","379000","379500","380000","380500","381000","375500","375000","374000","373500","373000","372500","372000","371000","370500","370000","113","202","40","1","1","10","1","15","606","3","31","1","10","61","46","13","23","40","44","55","992","324","0","0","0","0","0","-376500","5","-100.00","46","0","9","0","0","","0","0","0","","",""
"080013","0000","0","376000","376500","377500","378000","378500","379000","379500","380000","380500","381000","375500","375000","374000","373500","373000","372500","372000","371000","370500","370000","113","202","40","1","3","10","1","15","606","3","31","1","10","61","46","13","23","40","44","55","994","324","0","0","0","0","0","-376500","5","-100.00","46","2","0","0","0","","0","0","0","","",""
"080013","0001","0","376000","376500","377500","378000","378500","379000","379500","380000","380500","381000","375500","375000","374000","373500","373000","372500","372000","371500","371000","370500","113","202","40","1","3","10","1","15","606","3","31","1","10","61","46","13","23","1","40","44","994","270","0","0","0","0","0","-376500","5","-100.00","46","0","-54","0","0","","0","0","0","","",""
"080013","0002","0","376000","376500","377500","378000","378500","379000","379500","380000","380500","381000","375500","375000","374000","373500","373000","372500","372000","371500","371000","370500","114","202","40","1","3","10","1","15","606","3","31","2","10","61","46","13","23","1","40","44","995","271","0","0","0","0","0","-376500","5","-100.00","46","1","0","0","0","","0","0","0","","",""
"080013","0003","0","376000","376500","377500","378000","378500","379000","379500","380000","380500","381000","375500","375000","374000","373500","373000","372500","372000","371500","371000","370500","114","202","40","1","3","10","1","15","606","3","41","2","10","61","46","13","23","1","40","44","995","281","0","0","0","0","0","-376500","5","-100.00","46","0","10","0","0","","0","0","0","","",""
"080014","0000","0","376000","376500","377500","378000","378500","379000","379500","380000","380500","381000","375500","375000","374000","373500","373000","372500","372000","371500","371000","370500","113","202","40","11","3","10","1","15","606","3","41","2","10","61","46","13","23","1","41","44","1004","282","0","0","0","0","0","-376500","5","-100.00","47","10","0","0","0","","0","0","0","","",""
"080014","0001","0","376000","376500","377500","378000","378500","379000","379500","380000","380500","381000","375500","375000","374000","373500","373000","372500","372000","371500","371000","370500","116","202","40","11","3","11","1","15","606","3","41","2","10","61","46","13","23","2","41","44","1008","283","0","0","0","0","0","-376500","5","-100.00","47","3","0","0","0","","0","0","0","","",""
"080014","0002","0","376000","376500","377500","378000","378500","379000","379500","380000","380500","381000","375500","375000","374500","374000","373500","373000","372500","372000","371500","371000","116","202","40","11","3","11","1","15","606","3","41","2","10","10","61","46","13","23","2","41","1008","249","0","0","0","0","0","-376500","5","-100.00","47","0","-34","0","0","","0","0","0","","",""
"080014","0003","0","376000","376500","377500","378000","378500","379000","379500","380000","380500","381000","375500","375000","374500","374000","373500","373000","372500","372000","371500","371000","126","202","40","11","3","11","1","15","606","3","41","2","10","10","61","46","13","23","2","41","1018","249","0","0","0","0","0","-376500","5","-100.00","47","10","0","0","0","","0","0","0","","",""
"080015","0000","0","376000","376500","377500","378000","378500","379000","379500","380000","380500","381000","375500","375000","374500","374000","373500","373000","372500","372000","371500","371000","126","202","40","11","3","11","1","15","606","3","41","2","10","10","61","56","13","23","2","41","1018","259","0","0","0","0","0","-376500","5","-100.00","47","0","10","0","0","","0","0","0","","",""
"080015","0001","0","376000","376500","377500","378000","378500","379000","379500","380000","380500","381000","375500","375000","374500","374000","373500","373000","372500","372000","371500","371000","226","102","40","11","3","11","1","15","606","3","41","2","10","10","61","56","13","23","2","41","1018","259","0","0","0","0","0","-376500","5","-100.00","47","0","0","0","0","","0","0","0","","",""
"080015","0002","0","376000","376500","377500","378000","378500","379000","379500","380000","380500","381000","375500","375000","374500","374000","373500","373000","372500","372000","371500","371000","235","102","40","11","3","11","2","15","606","4","41","2","10","10","61","56","13","23","2","41","1029","259","0","0","0","0","0","-376500","5","-100.00","47","11","0","0","0","","0","0","0","","",""
"080016","0000","0","376000","376500","377500","378000","378500","379000","379500","380000","380500","381000","375500","375000","374500","374000","373500","373000","372500","372000","371500","371000","235","102","40","11","3","11","2","15","606","4","41","2","10","10","61","56","13","34","2","41","1029","270","0","0","0","0","0","-376500","5","-100.00","47","0","1","0","0","","0","0","0","","",""
"080016","0001","0","376000","376500","377500","378000","378500","379000","379500","380000","380500","381000","375500","375000","374500","374000","373500","373000","372500","372000","371500","371000","235","102","40","11","3","11","2","15","606","4","1","2","10","10","61","106","13","34","2","41","1029","280","0","0","0","0","0","-376500","5","-100.00","87","0","-40","0","0","","0","0","0","","",""
"080017","0000","0","376000","376500","377500","378000","378500","379000","379500","380000","380500","381000","375500","375000","374500","374000","373500","373000","372500","372000","371500","371000","255","582","40","11","3","11","2","15","606","4","1","2","10","10","61","106","13","34","2","41","1529","280","0","0","0","0","0","-376500","5","-100.00","87","500","0","0","0","","0","0","0","","",""
"080017","0001","0","376000","376500","377500","378000","378500","379000","379500","380000","380500","381000","374000","373500","373000","372500","372000","371500","371000","370500","370000","369500","255","582","40","11","3","11","2","15","606","4","1","61","106","13","34","2","41","44","85","1","1529","388","0","0","0","0","0","-376500","5","-100.00","109","0","108","0","0","","0","0","0","","",""
"080017","0002","0","376000","376500","377500","378000","378500","379000","379500","380000","380500","381000","375500","374000","373500","373000","372500","372000","371500","371000","370500","370000","255","582","40","11","3","11","2","16","606","4","1","1","61","106","13","34","2","42","44","85","1530","389","0","0","0","0","0","-376500","5","-100.00","138","1","0","0","0","","0","0","0","","",""
"080018","0000","0","376000","376500","377500","378000","378500","379000","379500","380000","380500","381000","375500","374000","373500","373000","372500","372000","371500","371000","370500","370000","245","582","40","11","3","11","2","16","606","4","1","1","61","112","13","34","2","42","44","85","1520","395","0","0","0","0","0","-376500","5","-100.00","148","-10","6","0","0","","0","0","0","","",""
"080018","0001","0","375500","376000","376500","377500","378000","378500","379000","379500","380000","380500","374000","373500","373000","372500","372000","371500","371000","370500","370000","369500","13","245","582","40","11","3","11","2","16","606","1","61","112","13","34","2","42","44","85","1","1529","395","0","0","0","0","0","-376500","5","-100.00","149","9","0","0","0","","0","0","0","","",""
"080018","0002","0","375500","376000","376500","377500","378000","378500","379000","379500","380000","380500","374000","373500","373000","372500","372000","371500","371000","370500","370000","369500","13","245","582","40","11","3","11","2","16","606","1","61","112","13","34","12","42","44","85","1","1529","405","0","0","0","0","0","-376500","5","-100.00","149","0","10","0","0","","0","0","0","","",""
"080018","0003","0","375500","376000","376500","377500","378000","378500","379000","379500","380000","380500","374000","373500","373000","372500","372000","371500","371000","370500","370000","369500","13","248","582","40","11","3","11","2","16","606","1","61","112","13","34","12","42","44","285","1","1532","605","0","0","0","0","0","-376500","5","-100.00","149","3","0","0","0","","0","0","0","","",""
"080018","0004","0","375500","376000","376500","377500","378000","378500","379000","379500","380000","380500","374000","373500","373000","372500","372000","371500","371000","370500","370000","369500","13","248","582","40","11","3","11","2","16","607","1","61","112","13","34","12","42","44","285","1","1533","605","0","0","0","0","0","-376500","5","-100.00","149","1","0","0","0","","0","0","0","","",""
"080019","0000","0","375500","376000","376500","377500","378000","378500","379000","379500","380000","380500","374000","373500","373000","372500","372000","371500","371000","370500","370000","369500","14","248","582","40","11","3","11","2","16","607","1","61","112","13","34","12","42","44","285","1","1534","605","0","0","0","0","0","-376500","5","-100.00","149","1","0","0","0","","0","0","0","","",""
"080019","0001","0","375500","376000","376500","377500","378000","378500","379000","379500","380000","380500","374000","373500","373000","372500","372000","371500","371000","370500","370000","369500","14","248","582","42","11","3","11","2","16","607","1","61","112","13","34","12","42","44","285","1","1536","605","0","0","0","0","0","-376500","5","-100.00","149","2","0","0","0","","0","0","0","","",""
"080019","0002","0","375500","376000","376500","377500","378000","378500","379000","379500","380000","380500","374000","373500","373000","372500","372000","371500","371000","370500","370000","369500","14","248","582","42","11","3","11","4","16","607","1","61","112","13","34","12","42","44","285","1","1538","605","0","0","0","0","0","-376500","5","-100.00","149","2","0","0","0","","0","0","0","","",""
"080019","0003","0","375500","376000","376500","377500","378000","378500","379000","379500","380000","380500","374000","373500","373000","372500","372000","371500","371000","370500","370000","369500","158","248","582","42","11","3","11","4","16","607","1","62","112","13","34","12","42","44","285","1","1682","606","0","0","0","0","0","-376500","5","-100.00","149","0","1","0","0","","0","0","0","","",""
"080021","0000","0","375500","376000","376500","377500","378000","378500","379000","379500","380000","380500","374000","373500","373000","372500","372000","371500","371000","370500","370000","369500","158","248","582","42","11","3","11","4","16","607","1","62","112","13","34","12","42","44","285","1","1682","606","0","0","0","0","0","-376500","5","-100.00","149","0","0","0","0","","0","0","0","","",""
"080021","0001","0","375500","376000","376500","377500","378000","378500","379000","379500","380000","380500","374000","373500","373000","372500","372000","371500","371000","370500","370000","369500","258","148","582","42","11","3","11","4","16","607","1","62","112","13","34","12","42","44","285","1","1682","606","0","0","0","0","0","-376500","5","-100.00","149","0","0","0","0","","0","0","0","","",""
"080021","0002","0","375500","376000","376500","377500","378000","378500","379000","379500","380000","380500","374000","373500","373000","372500","372000","371500","371000","370500","370000","369500","248","348","582","42","11","3","11","4","16","607","1","62","112","13","34","12","42","44","285","1","1872","606","0","0","0","0","0","-376500","5","-100.00","159","-10","0","0","0","","0","0","0","","",""
"080021","0003","0","375500","376000","376500","377500","378000","378500","379000","379500","380000","380500","374000","373500","373000","372500","372000","371500","371000","370500","370000","369500","248","351","582","42","11","3","11","4","16","607","1","62","112","13","34","12","42","44","285","1","1875","606","0","0","0","0","0","-376500","5","-100.00","159","3","0","0","0","","0","0","0","","",""
"080022","0000","0","375500","376000","376500","377500","378000","378500","379000","379500","380000","380500","374000","373500","373000","372500","372000","371500","371000","370500","370000","369500","248","351","582","42","11","3","11","4","16","607","1","62","112","13","34","15","42","44","285","1","1875","609","0","0","0","0","0","-376500","5","-100.00","159","0","3","0","0","","0","0","0","","",""
"080022","0001","0","375500","376000","376500","377500","378000","378500","379000","379500","380000","380500","374000","373500","373000","372500","372000","371500","371000","370500","370000","369500","248","351","583","42","11","3","11","4","16","607","1","62","112","13","34","15","42","44","285","1","1876","609","0","0","0","0","0","-376500","5","-100.00","159","1","0","0","0","","0","0","0","","",""
"080023","0000","0","375500","376000","376500","377500","378000","378500","379000","379500","380000","380500","374000","373500","373000","372500","372000","371500","371000","370500","370000","369500","249","350","583","42","11","3","11","4","16","607","1","62","112","13","34","15","42","44","285","1","1876","609","0","0","0","0","0","-376500","5","-100.00","159","1","0","0","0","","0","0","0","","",""
"080023","0001","0","375500","376000","376500","377500","378000","378500","379000","379500","380000","380500","375000","374000","373500","373000","372500","372000","371500","371000","370500","370000","249","350","583","42","11","3","11","4","16","607","1","2","63","112","13","35","15","42","44","285","1876","612","0","0","0","0","0","-376500","5","-100.00","159","0","3","0","0","","0","0","0","","",""
"080023","0002","0","375500","376000","376500","377500","378000","378500","379000","379500","380000","380500","375000","374000","373500","373000","372500","372000","371500","371000","370500","370000","249","350","583","42","11","3","11","4","16","607","1","2","63","112","13","35","15","42","45","285","1876","613","0","0","0","0","0","-376500","5","-100.00","159","0","1","0","0","","0","0","0","","",""
"080023","0003","0","375500","376000","376500","377500","378000","378500","379000","379500","380000","380500","375000","374000","373500","373000","372500","372000","371500","371000","370500","370000","249","350","583","42","11","3","11","4","16","607","1","3","68","112","13","35","15","42","45","285","1876","619","0","0","0","0","0","-376500","5","-100.00","159","0","5","0","0","","0","0","0","","",""
"080024","0000","0","375500","376000","376500","377500","378000","378500","379000","379500","380000","380500","375000","374000","373500","373000","372500","372000","371500","371000","370500","370000","249","350","583","42","12","3","11","5","21","607","1","23","68","112","13","35","15","42","45","285","1883","639","0","0","0","0","0","-376500","5","-100.00","159","2","20","0","0","","0","0","0","","",""
"080024","0001","0","375500","376000","376500","377500","378000","378500","379000","379500","380000","380500","375000","374000","373500","373000","372500","372000","371500","371000","370500","370000","249","350","583","42","12","3","11","5","21","607","1","23","68","112","13","35","15","42","45","285","1883","639","0","0","0","0","0","-376500","5","-100.00","159","0","0","0","0","","0","0","0","","",""
"080024","0002","0","375500","376000","376500","377500","378000","378500","379000","379500","380000","380500","375000","374000","373500","373000","372500","372000","371500","371000","370500","370000","249","350","583","42","12","3","11","5","21","607","1","23","68","112","13","35","15","42","45","285","1883","639","0","0","0","0","0","-376500","5","-100.00","159","0","0","0","0","","0","0","0","","",""
"080025","0000","0","375500","376000","376500","377500","378000","378500","379000","379500","380000","380500","375000","374000","373500","373000","372500","372000","371500","371000","370500","370000","249","353","573","42","12","3","11","5","21","607","1","23","68","112","13","40","15","42","45","285","1876","644","0","0","0","0","0","-376500","5","-100.00","159","0","5","0","0","","0","0","0","","",""
"080025","0001","0","375500","376000","376500","377500","378000","378500","379000","379500","380000","380500","375000","374000","373500","373000","372500","372000","371500","371000","370500","370000","260","353","563","42","12","3","11","5","21","607","1","23","69","112","13","40","15","42","45","290","1877","650","0","0","0","0","0","-376500","5","-100.00","159","0","1","0","0","","0","0","0","","",""
"080026","0000","0","375500","376000","376500","377500","378000","378500","379000","379500","380000","380500","375000","374000","373500","373000","372500","372000","371500","371000","370500","370000","263","353","563","42","12","3","11","5","21","607","1","23","69","112","13","40","15","42","45","290","1880","650","0","0","0","0","0","-376500","5","-100.00","159","3","0","0","0","","0","0","0","","",""
"080026","0001","0","375500","376000","376500","377500","378000","378500","379000","379500","380000","380500","374000","373500","373000","372500","372000","371500","371000","370500","370000","369500","263","353","563","42","12","3","11","5","21","607","23","69","112","13","40","15","42","45","290","1","1880","650","0","0","0","0","0","-376500","5","-100.00","160","0","0","0","0","","0","0","0","","",""
"080026","0002","0","375500","376000","376500","377500","378000","378500","379000","379500","380000","380500","374000","373500","373000","372500","372000","371500","371000","370500","370000","369500","263","353","563","42","12","3","11","5","21","607","23","69","112","13","40","15","42","45","290","1","1880","650","0","0","0","0","0","-376500","5","-100.00","160","0","0","0","0","","0","0","0","","",""
"080026","0003","0","375500","376000","376500","377500","378000","378500","379000","379500","380000","380500","374000","373500","373000","372500","372000","371500","371000","370500","370000","369500","262","353","563","42","12","3","11","5","21","607","23","68","112","13","40","15","42","45","290","1","1879","649","0","0","0","0","0","-376500","5","-100.00","161","-1","-1","0","0","","0","0","0","","",""
"080026","0004","0","374500","375500","376000","376500","377500","378000","378500","379000","379500","380000","374000","373500","373000","372500","372000","371500","371000","370500","370000","369500","10","262","353","563","42","12","3","11","5","21","23","68","112","13","40","15","42","45","290","50","1282","698","0","0","0","0","0","-376500","5","-100.00","161","0","49","0","0","","0","0","0","","",""
"080027","0000","0","374500","375500","376000","376500","377500","378000","378500","379000","379500","380000","374000","373500","373000","372500","372000","371500","371000","370500","370000","369500","10","262","350","563","42","20","3","11","5","21","23","68","112","13","40","15","42","45","290","50","1287","698","0","0","0","0","0","-376500","5","-100.00","161","8","0","0","0","","0","0","0","","",""
"080027","0001","0","374500","375500","376000","376500","377500","378000","378500","379000","379500","380000","374000","373500","373000","372500","372000","371500","371000","370500","370000","369500","9","269","350","563","42","20","3","11","5","21","23","68","112","13","40","15","42","45","290","50","1293","698","0","0","0","0","0","-376500","5","-100.00","162","7","0","0","0","","0","0","0","","",""
"080027","0002","0","374500","375500","376000","376500","377500","378000","378500","379000","379500","380000","374000","373500","373000","372500","372000","371500","371000","370500","370000","369500","9","269","350","563","42","20","7","11","5","21","23","68","112","13","40","15","42","45","290","50","1297","698","0","0","0","0","0","-376500","5","-100.00","162","4","0","0","0","","0","0","0","","",""
"080028","0000","0","374500","375500","376000","376500","377500","378000","378500","379000","379500","380000","374000","373500","373000","372500","372000","371500","371000","370500","370000","369500","9","269","350","563","42","20","7","11","5","21","26","68","72","13","40","15","42","45","290","50","1297","661","0","0","0","0","0","-376500","5","-100.00","162","0","-40","0","0","","0","0","0","","",""
"080028","0001","0","374500","375500","376000","376500","377500","378000","378500","379000","379500","380000","374000","373500","373000","372500","372000","371500","371000","370500","370000","369500","9","269","350","563","42","20","7","11","5","117","26","68","72","13","40","15","42","45","290","50","1393","661","0","0","0","0","0","-376500","5","-100.00","162","96","0","0","0","","0","0","0","","",""
"080028","0002","0","374500","375500","376000","376500","377500","378000","378500","379000","379500","380000","374000","373500","373000","372500","372000","371500","371000","370500","370000","369500","9","125","350","563","42","20","7","11","5","117","26","68","72","13","40","15","42","45","290","50","1249","661","0","0","0","0","0","-376500","5","-100.00","162","-144","0","0","0","","0","0","0","","",""
"080029","0000","0","374500","375000","375500","376000","376500","377500","378000","378500","379000","379500","374000","373500","373000","372500","372000","371500","371000","370500","370000","369500","9","2","125","347","563","42","20","7","11","5","26","68","72","13","40","15","42","45","290","50","1131","661","0","0","0","0","0","-376500","5","-100.00","162","-115","0","0","0","","0","0","0","","",""
"080029","0001","0","374500","375000","375500","376000","376500","377500","378000","378500","379000","379500","374000","373500","373000","372500","372000","371500","371000","370500","370000","369500","7","2","125","347","563","42","20","7","11","5","26","66","72","13","40","15","42","45","290","50","1129","659","0","0","0","0","0","-376500","5","-100.00","164","-2","-2","0","0","","0","0","0","","",""
"080029","0002","0","374500","375000","375500","376000","376500","377500","378000","378500","379000","379500","374000","373500","373000","372500","372000","371500","371000","370500","370000","369500","7","2","125","347","563","42","20","7","11","5","26","66","72","13","40","15","42","45","290","60","1129","669","0","0","0","0","0","-376500","5","-100.00","164","0","10","0","0","","0","0","0","","",""
"080030","0000","0","374500","375000","375500","376000","376500","377500","378000","378500","379000","379500","374000","373500","373000","372500","372000","371500","371000","370500","370000","369500","107","2","25","347","563","42","20","7","11","5","26","66","72","13","40","15","42","45","290","60","1129","669","0","0","0","0","0","-376500","5","-100.00","164","0","0","0","0","","0","0","0","","",""
"080030","0001","0","374500","375000","375500","376000","376500","377500","378000","378500","379000","379500","374000","373500","373000","372500","372000","371500","371000","370500","370000","369500","107","2","25","347","563","42","20","7","11","5","26","66","72","13","40","15","42","45","300","60","1129","679","0","0","0","0","0","-376500","5","-100.00","164","0","10","0","0","","0","0","0","","",""
"080030","0002","0","374500","375000","375500","376000","376500","377500","378000","378500","379000","379500","374000","373500","373000","372500","372000","371500","371000","370500","370000","369500","107","2","25","347","563","42","20","7","11","5","26","66","72","13","40","15","42","45","302","60","1129","681","0","0","0","0","0","-376500","5","-100.00","164","0","2","0","0","","0","0","0","","",""
"080031","0000","0","374500","375000","375500","376000","376500","377500","378000","378500","379000","379500","374000","373500","373000","372500","372000","371500","371000","370500","370000","369500","107","2","25","353","563","51","20","7","11","5","26","66","72","13","40","15","42","45","302","96","1144","717","0","0","0","0","0","-376500","5","-100.00","164","0","36","0","0","","0","0","0","","",""
"080031","0001","0","374500","375000","375500","376000","376500","377500","378000","378500","379000","379500","374000","373500","373000","372500","372000","371500","371000","370500","370000","369500","105","2","25","353","563","51","20","7","11","5","28","66","72","13","40","15","42","45","303","96","1142","720","0","0","0","0","0","-376500","5","-100.00","166","-2","1","0","0","","0","0","0","","",""
"080031","0002","0","374500","375000","375500","376000","376500","377500","378000","378500","379000","379500","374000","373500","373000","372500","372000","371500","371000","370500","370000","369500","105","2","25","353","568","51","20","7","11","5","28","66","92","13","40","15","42","45","303","96","1147","740","0","0","0","0","0","-376500","5","-100.00","166","5","0","0","0","","0","0","0","","",""
"080031","0003","0","374500","375000","375500","376000","376500","377500","378000","378500","379000","379500","374000","373500","373000","372500","372000","371500","371000","370500","370000","369500","105","2","25","353","568","51","20","7","11","5","28","66","92","13","40","15","42","45","303","97","1147","741","0","0","0","0","0","-376500","5","-100.00","166","0","1","0","0","","0","0","0","","",""
"080032","0000","0","374000","374500","375000","375500","376000","376500","377500","378000","378500","379000","373500","373000","372500","372000","371500","371000","370500","370000","369500","369000","13","105","2","25","353","568","51","20","7","11","66","92","13","40","15","42","45","303","97","168","1155","881","0","0","0","0","0","-376500","5","-100.00","253","8","140","0","0","","0","0","0","","",""
"080032","0001","0","374000","374500","375000","375500","376000","376500","377500","378000","378500","379000","373500","373000","372500","372000","371500","371000","370500","370000","369500","369000","13","105","2","25","353","568","51","20","7","11","66","92","13","40","15","42","45","303","97","169","1155","882","0","0","0","0","0","-376500","5","-100.00","253","0","1","0","0","","0","0","0","","",""
"080032","0002","0","374000","374500","375000","375500","376000","376500","377500","378000","378500","379000","373500","373000","372500","372000","371500","371000","370500","370000","369500","369000","13","107","2","25","353","568","51","20","7","11","66","92","13","40","15","42","45","304","97","169","1157","883","0","0","0","0","0","-376500","5","-100.00","253","2","0","0","0","","0","0","0","","",""
"080033","0000","0","374000","374500","375000","375500","376000","376500","377500","378000","378500","379000","373500","373000","372500","372000","371500","371000","370500","370000","369500","369000","13","107","2","25","353","568","51","20","7","11","66","92","13","40","15","42","50","304","97","169","1157","888","0","0","0","0","0","-376500","5","-100.00","253","0","5","0","0","","0","0","0","","",""
"080033","0001","0","374000","374500","375000","375500","376000","376500","377500","378000","378500","379000","373500","373000","372500","372000","371500","371000","370500","370000","369500","369000","12","107","2","25","353","580","51","20","7","11","66","92","13","40","15","42","50","304","97","169","1168","888","0","0","0","0","0","-376500","5","-100.00","254","12","0","0","0","","0","0","0","","",""
"080033","0002","0","374000","374500","375000","375500","376000","376500","377500","378000","378500","379000","373500","373000","372500","372000","371500","371000","370500","370000","369500","369000","11","107","2","25","353","580","51","20","7","11","66","92","13","40","15","52","50","304","97","169","1167","898","0","0","0","0","0","-376500","5","-100.00","255","0","10","0","0","","0","0","0","","",""
"080033","0003","0","374000","374500","375000","375500","376000","376500","377500","378000","378500","379000","373500","373000","372500","372000","371500","371000","370500","370000","369500","369000","11","107","2","25","353","580","51","20","7","11","66","92","13","40","15","52","50","304","102","169","1167","903","0","0","0","0","0","-376500","5","-100.00","255","0","5","0","0","","0","0","0","","",""
"080034","0000","0","374000","374500","375000","375500","376000","376500","377500","378000","378500","379000","373500","373000","372500","372000","371500","371000","370500","370000","369500","369000","11","107","2","25","353","580","51","20","7","11","66","92","13","40","15","52","50","305","102","169","1167","904","0","0","0","0","0","-376500","5","-100.00","255","0","1","0","0","","0","0","0","","",""
"080034","0001","0","374000","374500","375000","375500","376000","376500","377500","378000","378500","379000","373500","373000","372500","372000","371500","371000","370500","370000","369500","369000","11","107","2","25","353","580","51","20","7","11","66","92","13","40","15","52","60","305","102","169","1167","914","0","0","0","0","0","-376500","5","-100.00","255","0","10","0","0","","0","0","0","","",""
"080034","0002","0","374000","374500","375000","375500","376000","376500","377500","378000","378500","379000","373500","373000","372500","372000","371500","371000","370500","370000","369500","369000","11","107","2","25","353","580","51","20","17","11","66","92","13","40","15","52","70","306","102","169","1177","925","0","0","0","0","0","-376500","5","-100.00","255","0","1","0","0","","0","0","0","","",""
"080035","0000","0","374000","374500","375000","375500","376000","376500","377500","378000","378500","379000","373500","373000","372500","372000","371500","371000","370500","370000","369500","369000","21","107","2","25","253","580","51","20","17","11","66","92","13","40","15","52","70","306","102","169","1087","925","0","0","0","0","0","-376500","5","-100.00","255","-90","0","0","0","","0","0","0","","",""
"080035","0001","0","374000","374500","375000","375500","376000","376500","377500","378000","378500","379000","373500","373000","372500","372000","371500","371000","370500","370000","369500","369000","18","107","2","25","253","580","51","20","17","11","66","92","13","40","15","52","70","306","102","169","1084","925","0","0","0","0","0","-376500","5","-100.00","258","-3","0","0","0","","0","0","0","","",""
"080035","0002","0","374000","374500","375000","375500","376000","376500","377500","378000","378500","379000","373500","373000","372500","372000","371500","371000","370500","370000","369500","369000","18","107","2","25","233","580","51","20","17","11","46","92","13","40","15","52","70","306","102","169","1064","905","0","0","0","0","0","-376500","5","-100.00","278","-20","-20","0","0","","0","0","0","","",""
"080036","0000","0","374000","374500","375000","375500","376000","376500","377500","378000","378500","379000","373500","373000","372500","372000","371500","371000","370500","370000","369500","369000","18","107","2","23","233","580","51","20","17","11","44","92","13","40","15","52","70","306","102","169","1062","903","0","0","0","0","0","-376500","5","-100.00","278","-2","-2","0","0","","0","0","0","","",""
"080036","0001","0","374000","374500","375000","375500","376000","376500","377500","378000","378500","379000","373500","373000","372500","372000","371500","371000","370500","370000","369500","369000","18","107","2","23","233","581","11","20","17","11","44","92","13","40","15","52","120","306","102","169","1023","953","0","0","0","0","0","-376500","5","-100.00","280","1","0","0","0","","0","0","0","","",""
"080036","0002","0","374000","374500","375000","375500","376000","376500","377500","378000","378500","379000","373500","373000","372500","372000","371500","371000","370500","370000","369500","369000","18","107","2","23","233","581","11","20","17","11","44","92","23","40","15","52","120","306","102","169","1023","963","0","0","0","0","0","-376500","5","-100.00","280","0","10","0","0","","0","0","0","","",""
"080037","0000","0","374000","374500","375000","375500","376000","376500","377500","378000","378500","379000","373500","373000","372500","372000","371500","371000","370500","370000","369500","369000","17","107","2","23","233","581","11","20","17","11","44","92","23","40","15","52","120","306","102","169","1022","963","0","0","0","0","0","-376500","5","-100.00","281","-1","0","0","0","","0","0","0","","",""
"080037","0001","0","374000","374500","375000","375500","376000","376500","377500","378000","378500","379000","373500","373000","372500","372000","371500","371000","370500","370000","369500","369000","17","107","2","23","233","581","11","20","17","11","44","92","23","40","15","52","120","306","102","174","1022","968","0","0","0","0","0","-376500","5","-100.00","281","0","5","0","0","","0","0","0","","",""
"080037","0002","0","373500","374000","374500","375000","375500","376000","376500","377500","378000","378500","373000","372500","372000","371500","371000","370500","370000","369500","369000","368500","74","17","107","2","23","233","581","11","20","17","92","23","40","15","52","120","306","102","174","15","1085","939","0","0","0","0","0","-376500","5","-100.00","340","63","-29","0","0","","0","0","0","","",""
"080037","0003","0","373500","374000","374500","375000","375500","376000","376500","377500","378000","378500","373000","372500","372000","371500","371000","370500","370000","369500","369000","368500","73","17","107","2","23","233","581","11","20","17","92","33","40","15","52","120","306","102","174","15","1084","949","0","0","0","0","0","-376500","5","-100.00","341","-1","10","0","0","","0","0","0","","",""
"080037","0004","0","373500","374000","374500","375000","375500","376000","376500","377500","378000","378500","373000","372500","372000","371500","371000","370500","370000","369500","369000","368500","73","17","107","2","23","233","591","11","20","17","92","33","40","15","52","120","306","102","174","15","1094","949","0","0","0","0","0","-376500","5","-100.00","341","10","0","0","0","","0","0","0","","",""
"080038","0000","0","373500","374000","374500","375000","375500","376000","376500","377500","378000","378500","373000","372500","372000","371500","371000","370500","370000","369500","369000","368500","73","17","107","2","23","233","591","11","20","17","92","33","40","15","52","121","306","102","174","15","1094","950","0","0","0","0","0","-376500","5","-100.00","341","0","1","0","0","","0","0","0","","",""
"080038","0001","0","373500","374000","374500","375000","375500","376000","376500","377500","378000","378500","373000","372500","372000","371500","371000","370500","370000","369500","369000","368500","74","17","107","2","23","233","591","11","20","17","92","33","40","15","52","121","306","102","174","15","1095","950","0","0","0","0","0","-376500","5","-100.00","341","1","0","0","0","","0","0","0","","",""
"080038","0002","0","373500","374000","374500","375000","375500","376000","376500","377500","378000","378500","373000","372500","372000","371500","371000","370500","370000","369500","369000","368500","74","20","107","2","23","233","591","11","20","17","92","33","40","15","52","121","306","102","174","15","1098","950","0","0","0","0","0","-376500","5","-100.00","341","3","0","0","0","","0","0","0","","",""
"080039","0000","0","373500","374000","374500","375000","375500","376000","376500","377500","378000","378500","373000","372500","372000","371500","371000","370500","370000","369500","369000","368500","83","20","107","4","23","233","591","11","20","17","92","33","40","15","52","121","306","102","174","15","1109","950","0","0","0","0","0","-376500","5","-100.00","341","11","0","0","0","","0","0","0","","",""
"080039","0001","0","373500","374000","374500","375000","375500","376000","376500","377500","378000","378500","373000","372500","372000","371500","371000","370500","370000","369500","369000","368500","79","20","102","4","23","233","591","11","20","17","92","33","40","15","52","121","306","102","174","15","1100","950","0","0","0","0","0","-376500","5","-100.00","355","-4","0","0","0","","0","0","0","","",""
"080040","0000","0","373500","374000","374500","375000","375500","376000","376500","377500","378000","378500","373000","372500","372000","371500","371000","370500","370000","369500","369000","368500","79","25","102","4","23","233","591","11","20","17","92","33","40","15","52","121","306","102","183","15","1105","959","0","0","0","0","0","-376500","5","-100.00","355","5","0","0","0","","0","0","0","","",""
"080040","0001","0","373500","374000","374500","375000","375500","376000","376500","377500","378000","378500","373000","372500","372000","371500","371000","370500","370000","369500","369000","368500","79","25","102","4","23","233","601","11","20","17","92","33","40","15","52","121","306","102","183","15","1115","959","0","0","0","0","0","-376500","5","-100.00","355","10","0","0","0","","0","0","0","","",""
"080040","0002","0","373500","374000","374500","375000","375500","376000","376500","377500","378000","378500","373000","372500","372000","371500","371000","370500","370000","369500","369000","368500","73","25","102","4","23","233","601","11","20","17","86","33","40","15","52","121","306","102","183","15","1109","953","0","0","0","0","0","-376500","5","-100.00","361","-6","-6","0","0","","0","0","0","","",""
"080040","0003","0","373500","374000","374500","375000","375500","376000","376500","377500","378000","378500","373000","372500","372000","371500","371000","370500","370000","369500","369000","368500","72","25","102","4","23","233","601","11","20","17","86","33","40","15","52","121","306","102","183","15","1108","953","0","0","0","0","0","-376500","5","-100.00","362","-1","0","0","0","","0","0","0","","",""
"080041","0000","0","373500","374000","374500","375000","375500","376000","376500","377500","378000","378500","373000","372500","372000","371500","371000","370500","370000","369500","369000","368500","72","25","102","4","23","233","601","11","20","17","86","33","40","15","52","121","306","102","183","20","1108","958","0","0","0","0","0","-376500","5","-100.00","362","0","5","0","0","","0","0","0","","",""
"080042","0000","0","373500","374000","374500","375000","375500","376000","376500","377500","378000","378500","373000","372500","372000","371500","371000","370500","370000","369500","369000","368500","72","25","102","4","23","233","641","11","20","17","86","33","40","15","52","121","306","102","183","20","1148","958","0","0","0","0","0","-376500","5","-100.00","362","40","0","0","0","","0","0","0","","",""
"080042","0001","0","373500","374000","374500","375000","375500","376000","376500","377500","378000","378500","373000","372500","372000","371500","371000","370500","370000","369500","369000","368500","72","25","102","4","23","233","641","11","20","17","86","33","41","15","52","121","306","102","183","20","1148","959","0","0","0","0","0","-376500","5","-100.00","362","0","1","0","0","","0","0","0","","",""
"080042","0002","0","373500","374000","374500","375000","375500","376000","376500","377500","378000","378500","373000","372500","372000","371500","371000","370500","370000","369500","369000","368500","72","25","102","4","23","233","641","11","20","17","81","33","41","15","52","121","306","102","183","20","1148","954","0","0","0","0","0","-376500","5","-100.00","367","0","-5","0","0","","0","0","0","","",""
"080043","0000","0","373500","374000","374500","375000","375500","376000","376500","377500","378000","378500","373000","372500","372000","371500","371000","370500","370000","369500","369000","368500","72","25","102","4","23","233","641","11","20","17","71","33","41","15","52","121","306","102","183","20","1148","944","0","0","0","0","0","-376500","5","-100.00","377","0","-10","0","0","","0","0","0","","",""
"080043","0001","0","373500","374000","374500","375000","375500","376000","376500","377500","378000","378500","373000","372500","372000","371500","371000","370500","370000","369500","369000","368500","72","25","102","4","22","233","641","11","20","17","72","33","41","15","52","121","306","102","183","20","1147","945","0","0","0","0","0","-376500","5","-100.00","377","0","1","0","0","","0","0","0","","",""
"080044","0000","0","373500","374000","374500","375000","375500","376000","376500","377500","378000","378500","373000","372500","372000","371500","371000","370500","370000","369500","369000","368500","71","25","102","4","22","233","641","11","20","17","74","33","41","15","52","121","306","102","183","20","1146","947","0","0","0","0","0","-376500","5","-100.00","378","-1","0","0","0","","0","0","0","","",""
"080044","0001","0","373500","374000","374500","375000","375500","376000","376500","377500","378000","378500","373000","372500","372000","371500","371000","370500","370000","369500","369000","368500","71","25","102","4","22","233","641","11","20","17","76","61","41","15","52","121","306","102","183","20","1146","977","0","0","0","0","0","-376500","5","-100.00","378","0","28","0","0","","0","0","0","","",""
"080044","0002","0","373500","374000","374500","375000","375500","376000","376500","377500","378000","378500","373000","372500","372000","371500","371000","370500","370000","369500","369000","368500","71","25","102","4","22","233","641","11","20","17","111","61","41","15","52","121","306","102","183","20","1146","1012","0","0","0","0","0","-376500","5","-100.00","378","0","-6","0","0","","0","0","0","","",""
"080045","0000","0","373500","374000","374500","375000","375500","376000","376500","377500","378000","378500","373000","372500","372000","371500","371000","370500","370000","369500","369000","368500","70","25","102","4","22","233","641","11","20","17","111","61","41","16","52","121","306","102","183","21","1145","1014","0","0","0","0","0","-376500","5","-100.00","379","-1","1","0","0","","0","0","0","","",""
"080046","0000","0","373500","374000","374500","375000","375500","376000","376500","377500","378000","378500","373000","372500","372000","371500","371000","370500","370000","369500","369000","368500","70","25","102","4","22","233","641","11","20","17","113","66","41","16","52","121","306","102","183","21","1145","1021","0","0","0","0","0","-376500","5","-100.00","379","0","7","0","0","","0","0","0","","",""
"080046","0001","0","373500","374000","374500","375000","375500","376000","376500","377500","378000","378500","373000","372500","372000","371500","371000","370500","370000","369500","369000","368500","70","25","102","4","22","233","643","11","20","17","113","66","41","16","52","121","307","102","183","21","1147","1022","0","0","0","0","0","-376500","5","-100.00","379","2","0","0","0","","0","0","0","","",""
"080046","0002","0","373500","374000","374500","375000","375500","376000","376500","377500","378000","378500","373000","372500","372000","371500","371000","370500","370000","369500","369000","368500","80","25","102","6","22","233","643","11","20","17","115","66","41","16","52","121","307","102","183","21","1159","1024","0","0","0","0","0","-376500","5","-100.00","379","2","2","0","0","","0","0","0","","",""
"080047","0000","0","373500","374000","374500","375000","375500","376000","376500","377500","378000","378500","373000","372500","372000","371500","371000","370500","370000","369500","369000","368500","80","25","102","6","22","233","643","11","20","17","116","66","41","16","52","121","307","102","183","21","1159","1025","0","0","0","0","0","-376500","5","-100.00","379","0","1","0","0","","0","0","0","","",""
"080047","0001","0","373500","374000","374500","375000","375500","376000","376500","377500","378000","378500","373000","372500","372000","371500","371000","370500","370000","369500","369000","368500","80","25","102","6","22","233","643","11","20","17","115","66","41","21","52","121","307","112","183","21","1159","1039","0","0","0","0","0","-376500","5","-100.00","380","0","5","0","0","","0","0","0","","",""
"080048","0000","0","373500","374000","374500","375000","375500","376000","376500","377500","378000","378500","373000","372500","372000","371500","371000","370500","370000","369500","369000","368500","81","25","102","6","22","233","643","11","20","17","115","66","41","31","53","121","307","112","183","21","1160","1050","0","0","0","0","0","-376500","5","-100.00","380","1","10","0","0","","0","0","0","","",""
"080048","0001","0","373500","374000","374500","375000","375500","376000","376500","377500","378000","378500","373000","372500","372000","371500","371000","370500","370000","369500","369000","368500","81","25","102","6","22","233","643","11","20","17","115","66","41","31","53","121","307","112","185","21","1160","1052","0","0","0","0","0","-376500","5","-100.00","380","0","2","0","0","","0","0","0","","",""
"080048","0002","0","373500","374000","374500","375000","375500","376000","376500","377500","378000","378500","373000","372500","372000","371500","371000","370500","370000","369500","369000","368500","81","25","102","6","22","233","643","11","20","17","115","66","41","31","53","121","317","112","185","21","1160","1062","0","0","0","0","0","-376500","5","-100.00","380","0","10","0","0","","0","0","0","","",""
"080049","0000","0","373500","374000","374500","375000","375500","376000","376500","377500","378000","378500","373000","372500","372000","371500","371000","370500","370000","369500","369000","368500","79","25","102","6","22","233","643","11","20","17","115","66","41","31","53","121","317","112","185","21","1158","1062","0","0","0","0","0","-376500","5","-100.00","382","0","0","0","0","","0","0","0","","",""
"080049","0001","0","373500","374000","374500","375000","375500","376000","376500","377500","378000","378500","373000","372500","372000","371500","371000","370500","370000","369500","369000","368500","79","25","102","6","22","233","643","11","20","17","102","66","41","31","53","121","317","112","185","21","1158","1049","0","0","0","0","0","-376500","5","-100.00","395","0","-13","0","0","","0","0","0","","",""
"080049","0002","0","374000","374500","375000","375500","376000","376500","377500","378000","378500","379000","373500","373000","372500","372000","371500","371000","370500","370000","369500","369000","25","102","6","22","233","643","11","20","17","11","34","102","66","41","31","53","123","317","112","185","1090","1064","0","0","0","0","0","-376500","5","-100.00","474","-68","13","0","0","","0","0","0","","",""
"080049","0003","0","374000","374500","375000","375500","376000","376500","377500","378000","378500","379000","373500","373000","372500","372000","371500","371000","370500","370000","369500","369000","25","102","6","22","233","643","11","20","17","11","34","102","66","42","31","53","123","317","112","185","1090","1065","0","0","0","0","0","-376500","5","-100.00","474","0","1","0","0","","0","0","0","","",""
"080049","0004","0","374000","374500","375000","375500","376000","376500","377500","378000","378500","379000","373500","373000","372500","372000","371500","371000","370500","370000","369500","369000","25","102","6","22","233","643","11","20","17","11","34","102","76","42","31","53","123","317","112","185","1090","1075","0","0","0","0","0","-376500","5","-100.00","474","0","10","0","0","","0","0","0","","",""
"080050","0000","0","374000","374500","375000","375500","376000","376500","377500","378000","378500","379000","373500","373000","372500","372000","371500","371000","370500","370000","369500","369000","20","102","6","22","233","643","11","20","17","11","29","102","76","42","31","53","123","317","112","185","1085","1070","0","0","0","0","0","-376500","5","-100.00","479","-5","-5","0","0","","0","0","0","","",""
"080050","0001","0","374000","374500","375000","375500","376000","376500","377500","378000","378500","379000","373500","373000","372500","372000","371500","371000","370500","370000","369500","369000","20","102","6","22","233","643","11","20","17","11","24","102","76","42","31","53","123","317","112","185","1085","1065","0","0","0","0","0","-376500","5","-100.00","484","0","-5","0","0","","0","0","0","","",""
"080050","0002","0","374000","374500","375000","375500","376000","376500","377500","378000","378500","379000","373500","373000","372500","372000","371500","371000","370500","370000","369500","369000","20","102","6","22","233","643","11","21","17","12","23","102","76","42","31","53","123","317","112","185","1087","1064","0","0","0","0","0","-376500","5","-100.00","485","1","-1","0","0","","0","0","0","","",""
"080050","0003","0","374000","374500","375000","375500","376000","376500","377500","378000","378500","379000","373500","373000","372500","372000","371500","371000","370500","370000","369500","369000","20","102","6","22","233","643","11","21","17","12","23","102","76","42","31","53","124","317","112","185","1087","1065","0","0","0","0","0","-376500","5","-100.00","485","0","1","0","0","","0","0","0","","",""
"080050","0004","0","374000","374500","375000","375500","376000","376500","377500","378000","378500","379000","373500","373000","372500","372000","371500","371000","370500","370000","369500","369000","20","102","6","22","233","643","11","21","17","12","26","102","76","42","31","53","124","317","112","185","1087","1068","0","0","0","0","0","-376500","5","-100.00","485","0","3","0","0","","0","0","0","","",""
"080051","0000","0","374000","374500","375000","375500","376000","376500","377500","378000","378500","379000","373500","373000","372500","372000","371500","371000","370500","370000","369500","369000","20","102","6","22","233","643","11","21","17","12","26","102","76","42","31","53","209","317","112","185","1087","1153","0","0","0","0","0","-376500","5","-100.00","485","0","85","0","0","","0","0","0","","",""
"080051","0001","0","374000","374500","375000","375500","376000","376500","377500","378000","378500","379000","373500","373000","372500","372000","371500","371000","370500","370000","369500","369000","20","102","6","12","233","643","11","21","17","12","19","102","76","42","31","53","209","317","112","185","1077","1146","0","0","0","0","0","-376500","5","-100.00","495","-10","-7","0","0","","0","0","0","","",""
"080051","0002","0","374000","374500","375000","375500","376000","376500","377500","378000","378500","379000","373500","373000","372500","372000","371500","371000","370500","370000","369500","369000","20","102","6","12","233","643","11","21","17","12","20","102","76","42","31","53","209","317","112","185","1077","1147","0","0","0","0","0","-376500","5","-100.00","495","0","1","0","0","","0","0","0","","",""
"080051","0003","0","374000","374500","375000","375500","376000","376500","377500","378000","378500","379000","373500","373000","372500","372000","371500","371000","370500","370000","369500","369000","20","102","6","12","233","643","11","21","17","12","20","114","76","42","31","53","209","317","112","185","1077","1159","0","0","0","0","0","-376500","5","-100.00","495","0","12","0","0","","0","0","0","","",""
"080053","0000","0","374000","374500","375000","375500","376000","376500","377500","378000","378500","379000","373500","373000","372500","372000","371500","371000","370500","370000","369500","369000","20","102","6","12","233","643","11","21","17","12","20","114","78","42","31","53","209","317","112","185","1077","1161","0","0","0","0","0","-376500","5","-100.00","495","0","2","0","0","","0","0","0","","",""
"080053","0001","0","374000","374500","375000","375500","376000","376500","377500","378000","378500","379000","373500","373000","372500","372000","371500","371000","370500","370000","369500","369000","20","102","6","12","233","643","11","21","17","12","21","114","78","42","31","53","209","318","112","185","1077","1163","0","0","0","0","0","-376500","5","-100.00","495","0","1","0","0","","0","0","0","","",""
"080054","0000","0","374000","374500","375000","375500","376000","376500","377500","378000","378500","379000","373500","373000","372500","372000","371500","371000","370500","370000","369500","369000","20","102","6","12","233","643","11","21","17","12","21","115","78","42","31","53","209","318","112","185","1077","1164","0","0","0","0","0","-376500","5","-100.00","495","0","1","0","0","","0","0","0","","",""
"080054","0001","0","374000","374500","375000","375500","376000","376500","377500","378000","378500","379000","373000","372500","372000","371500","371000","370500","370000","369500","369000","368500","20","102","6","12","233","643","11","21","17","12","37","78","42","31","53","209","318","112","185","21","1077","1086","0","0","0","0","0","-376500","5","-100.00","595","0","-79","0","0","","0","0","0","","",""
"080054","0002","0","374000","374500","375000","375500","376000","376500","377500","378000","378500","379000","373500","373000","372500","372000","371500","371000","370500","370000","369500","369000","20","2","6","12","233","643","11","21","17","12","43","37","78","42","31","53","209","318","112","185","977","1108","0","0","0","0","0","-376500","5","-100.00","595","0","10","0","0","","0","0","0","","",""
"080054","0003","0","374000","374500","375000","375500","376000","376500","377500","378000","378500","379000","373500","373000","372500","372000","371500","371000","370500","370000","369500","369000","17","2","6","12","233","643","11","21","17","12","43","37","78","42","31","53","214","318","112","185","974","1113","0","0","0","0","0","-376500","5","-100.00","595","-3","0","0","0","","0","0","0","","",""
"080055","0000","0","374000","374500","375000","375500","376000","376500","377500","378000","378500","379000","373500","373000","372500","372000","371500","371000","370500","370000","369500","369000","17","2","6","12","233","643","11","21","17","12","45","37","78","42","31","53","214","318","112","185","974","1115","0","0","0","0","0","-376500","5","-100.00","595","0","2","0","0","","0","0","0","","",""
"080055","0001","0","374000","374500","375000","375500","376000","376500","377500","378000","378500","379000","373500","373000","372500","372000","371500","371000","370500","370000","369500","369000","17","2","6","12","233","643","11","21","17","12","50","37","78","42","31","53","214","318","112","185","974","1120","0","0","0","0","0","-376500","5","-100.00","595","0","5","0","0","","0","0","0","","",""
"080055","0002","0","374000","374500","375000","375500","376000","376500","377500","378000","378500","379000","373500","373000","372500","372000","371500","371000","370500","370000","369500","369000","17","2","6","12","233","643","11","21","17","12","20","37","78","42","31","53","214","318","112","185","974","1090","0","0","0","0","0","-376500","5","-100.00","626","0","1","0","0","","0","0","0","","",""
"080055","0003","0","374000","374500","375000","375500","376000","376500","377500","378000","378500","379000","373500","373000","372500","372000","371500","371000","370500","370000","369500","369000","22","2","6","12","233","643","11","21","17","12","20","37","78","42","31","53","214","318","112","185","979","1090","0","0","0","0","0","-376500","5","-100.00","626","5","0","0","0","","0","0","0","","",""
"080056","0000","0","374000","374500","375000","375500","376000","376500","377500","378000","378500","379000","373500","373000","372500","372000","371500","371000","370500","370000","369500","369000","22","2","6","12","233","643","11","21","17","12","24","37","78","42","31","53","214","318","112","185","979","1094","0","0","0","0","0","-376500","5","-100.00","627","0","5","0","0","","0","0","0","","",""
"080056","0001","0","374000","374500","375000","375500","376000","376500","377500","378000","378500","379000","373500","373000","372500","372000","371500","371000","370500","370000","369500","369000","22","2","6","12","233","643","11","21","17","12","16","37","78","42","31","53","214","318","112","207","979","1108","0","0","0","0","0","-376500","5","-100.00","635","0","22","0","0","","0","0","0","","",""
"080057","0000","0","374000","374500","375000","375500","376000","376500","377500","378000","378500","379000","373500","373000","372500","372000","371500","371000","370500","370000","369500","369000","22","2","6","12","233","643","11","21","17","12","16","37","78","42","31","53","214","418","112","207","979","1208","0","0","0","0","0","-376500","5","-100.00","635","0","100","0","0","","0","0","0","","",""
"080057","0001","0","374000","374500","375000","375500","376000","376500","377500","378000","378500","379000","373500","373000","372500","372000","371500","371000","370500","370000","369500","369000","22","2","6","12","233","643","11","21","17","12","16","37","78","43","31","53","214","418","112","207","979","1209","0","0","0","0","0","-376500","5","-100.00","635","0","1","0","0","","0","0","0","","",""
"080057","0002","0","374000","374500","375000","375500","376000","376500","377500","378000","378500","379000","373500","373000","372500","372000","371500","371000","370500","370000","369500","369000","22","2","6","12","233","643","11","21","17","12","16","38","78","43","31","53","214","418","112","207","979","1210","0","0","0","0","0","-376500","5","-100.00","635","0","1","0","0","","0","0","0","","",""
"080058","0000","0","374000","374500","375000","375500","376000","376500","377500","378000","378500","379000","373500","373000","372500","372000","371500","371000","370500","370000","369500","369000","21","2","6","12","233","643","11","21","17","12","16","38","78","43","31","53","214","418","112","207","978","1210","0","0","0","0","0","-376500","5","-100.00","636","-1","0","0","0","","0","0","0","","",""
"080058","0001","0","374000","374500","375000","375500","376000","376500","377500","378000","378500","379000","373500","373000","372500","372000","371500","371000","370500","370000","369500","369000","21","2","6","12","233","643","11","21","17","12","16","68","78","43","31","53","214","418","112","207","978","1240","0","0","0","0","0","-376500","5","-100.00","636","0","30","0","0","","0","0","0","","",""
"080058","0002","0","374000","374500","375000","375500","376000","376500","377500","378000","378500","379000","373500","373000","372500","372000","371500","371000","370500","370000","369500","369000","21","2","6","12","233","643","11","21","17","12","16","73","78","43","31","53","215","418","112","207","978","1246","0","0","0","0","0","-376500","5","-100.00","636","0","5","0","0","","0","0","0","","",""
"080058","0003","0","374000","374500","375000","375500","376000","376500","377500","378000","378500","379000","373500","373000","372500","372000","371500","371000","370500","370000","369500","369000","21","2","6","12","233","643","11","21","17","12","18","73","78","43","31","53","215","418","112","207","978","1248","0","0","0","0","0","-376500","5","-100.00","636","0","2","0","0","","0","0","0","","",""
"080059","0000","0","374000","374500","375000","375500","376000","376500","377500","378000","378500","379000","373500","373000","372500","372000","371500","371000","370500","370000","369500","369000","21","2","6","12","233","643","11","21","17","12","18","74","78","44","31","53","215","418","112","207","978","1250","0","0","0","0","0","-376500","5","-100.00","636","0","1","0","0","","0","0","0","","",""
"080059","0001","0","374000","374500","375000","375500","376000","376500","377500","378000","378500","379000","373500","373000","372500","372000","371500","371000","370500","370000","369500","369000","21","2","6","12","233","643","12","22","18","13","18","74","88","44","31","153","218","418","112","207","982","1363","0","0","0","0","0","-376500","5","-100.00","636","0","3","0","0","","0","0","0","","",""
"080059","0002","0","374000","374500","375000","375500","376000","376500","377500","378000","378500","379000","373500","373000","372500","372000","371500","371000","370500","370000","369500","369000","21","2","6","12","233","643","12","22","18","13","18","105","88","44","31","153","218","418","112","207","982","1394","0","0","0","0","0","-376500","5","-100.00","636","0","31","0","0","","0","0","0","","",""
"080100","0000","0","374000","374500","375000","375500","376000","376500","377500","378000","378500","379000","373500","373000","372500","372000","371500","371000","370500","370000","369500","369000","21","2","6","12","233","643","12","22","18","13","9","105","88","44","31","164","218","418","112","207","982","1396","0","0","0","0","0","-376500","5","-100.00","645","0","1","0","0","","0","0","0","","",""
"080100","0001","0","374000","374500","375000","375500","376000","376500","377500","378000","378500","379000","373500","373000","372500","372000","371500","371000","370500","370000","369500","369000","21","2","6","12","233","643","12","22","48","13","9","105","88","44","31","164","218","418","112","207","1012","1396","0","0","0","0","0","-376500","5","-100.00","645","30","0","0","0","","0","0","0","","",""
"080100","0002","0","374000","374500","375000","375500","376000","376500","377500","378000","378500","379000","373500","373000","372500","372000","371500","371000","370500","370000","369500","369000","11","2","6","12","233","643","12","22","48","13","9","105","88","44","31","164","218","418","112","207","1002","1396","0","0","0","0","0","-376500","5","-100.00","645","-10","0","0","0","","0","0","0","","",""
"080101","0000","0","374000","374500","375000","375500","376000","376500","377500","378000","378500","379000","373500","373000","372500","372000","371500","371000","370500","370000","369500","369000","11","2","6","12","233","643","12","22","48","13","9","105","88","44","31","164","218","418","112","207","1002","1396","0","0","0","0","0","-376500","5","-100.00","645","0","0","0","0","","0","0","0","","",""
"080101","0001","0","374000","374500","375000","375500","376000","376500","377500","378000","378500","379000","373500","373000","372500","372000","371500","371000","370500","370000","369500","369000","5","2","6","12","233","643","12","22","48","13","5","105","88","44","31","164","218","418","112","207","996","1392","0","0","0","0","0","-376500","5","-100.00","651","-6","-6","0","0","","0","0","0","","",""
"080101","0002","0","374000","374500","375000","375500","376000","376500","377000","377500","378000","378500","373500","373000","372500","372000","371500","371000","370500","370000","369500","369000","5","2","6","12","233","643","1","13","22","48","5","105","88","44","31","164","223","418","112","207","985","1397","0","0","0","0","0","-376500","5","-100.00","651","-11","0","0","0","","0","0","0","","",""
"080101","0003","0","374000","374500","375000","375500","376000","376500","377000","377500","378000","378500","373000","372500","372000","371500","371000","370500","370000","369500","369000","368500","5","2","6","12","233","643","1","13","23","49","105","88","44","31","164","223","418","112","207","21","987","1413","0","0","0","0","0","-376500","5","-100.00","656","0","16","0","0","","0","0","0","","",""
"080102","0000","0","373500","374000","374500","375000","375500","376000","376500","377000","377500","378000","373000","372500","372000","371500","371000","370500","370000","369500","369000","368500","9","5","2","6","12","233","643","1","13","23","105","88","44","31","164","223","418","112","207","21","947","1413","0","0","0","0","0","-376500","5","-100.00","656","-40","0","0","0","","0","0","0","","",""
"080102","0001","0","373500","374000","374500","375000","375500","376000","376500","377000","377500","378000","373000","372500","372000","371500","371000","370500","370000","369500","369000","368500","9","5","2","6","12","233","643","1","13","23","105","88","44","51","164","223","419","112","207","21","947","1434","0","0","0","0","0","-376500","5","-100.00","656","0","21","0","0","","0","0","0","","",""
"080102","0002","0","373500","374000","374500","375000","375500","376000","376500","377000","377500","378000","373000","372500","372000","371500","371000","370500","370000","369500","369000","368500","9","5","2","6","12","233","643","1","13","23","105","88","44","51","164","228","419","112","207","21","947","1439","0","0","0","0","0","-376500","5","-100.00","656","0","5","0","0","","0","0","0","","",""
"080102","0003","0","373500","374000","374500","375000","375500","376000","376500","377000","377500","378000","373000","372500","372000","371500","371000","370500","370000","369500","369000","368500","9","5","2","6","12","233","643","1","13","23","105","88","44","51","164","228","419","112","207","21","947","1439","0","0","0","0","0","-376500","5","-100.00","656","0","0","0","0","","0","0","0","","",""
"080102","0004","0","373500","374000","374500","375000","375500","376000","376500","377000","377500","378000","373000","372500","372000","371500","371000","370500","370000","369500","369000","368500","9","5","2","6","12","233","643","1","13","23","105","88","44","51","169","228","419","112","207","21","947","1444","0","0","0","0","0","-376500","5","-100.00","656","0","5","0","0","","0","0","0","","",""
"080103","0000","0","374000","374500","375000","375500","376000","376500","377000","377500","378000","378500","373500","373000","372500","372000","371500","371000","370500","370000","369500","369000","5","2","6","12","233","643","1","13","23","49","15","105","88","54","51","169","228","419","112","207","987","1448","0","0","0","0","0","-376500","5","-100.00","668","41","4","0","0","","0","0","0","","",""
"080103","0001","0","374000","374500","375000","375500","376000","376500","377000","377500","378000","378500","373500","373000","372500","372000","371500","371000","370500","370000","369500","369000","5","2","6","12","233","643","1","13","23","49","15","105","88","54","56","169","228","419","112","207","987","1453","0","0","0","0","0","-376500","5","-100.00","668","0","5","0","0","","0","0","0","","",""
"080103","0002","0","374500","375000","375500","376000","376500","377000","377500","378000","378500","379000","374000","373500","373000","372500","372000","371500","371000","370500","370000","369500","2","6","12","233","643","1","13","23","49","14","20","435","125","88","54","56","169","228","419","112","996","1706","0","0","0","0","0","-376500","5","-100.00","673","0","-167","0","0","","0","0","0","","",""
"080103","0003","0","375000","375500","376000","376500","377000","377500","378000","378500","379000","379500","374000","373500","373000","372500","372000","371500","371000","370500","370000","369500","6","12","233","643","1","13","23","49","14","37","20","435","125","88","54","56","169","228","422","112","1031","1709","0","0","0","0","0","-376500","5","-100.00","675","35","3","0","0","","0","0","0","","",""
"080103","0004","0","375000","375500","376000","376500","377000","377500","378000","378500","379000","379500","374000","373500","373000","372500","372000","371500","371000","370500","370000","369500","6","12","233","643","1","13","23","49","14","37","20","435","125","88","54","56","170","228","422","112","1031","1710","0","0","0","0","0","-376500","5","-100.00","675","0","1","0","0","","0","0","0","","",""
"080103","0005","0","375000","375500","376000","376500","377000","377500","378000","378500","379000","379500","374000","373500","373000","372500","372000","371500","371000","370500","370000","369500","6","12","233","643","1","13","23","49","14","37","20","436","125","88","54","56","170","228","422","112","1031","1711","0","0","0","0","0","-376500","5","-100.00","675","0","1","0","0","","0","0","0","","",""
"080104","0000","0","375000","375500","376000","376500","377000","377500","378000","378500","379000","379500","374000","373500","373000","372500","372000","371500","371000","370500","370000","369500","6","12","233","643","1","13","23","49","14","37","20","439","125","88","54","56","170","228","422","112","1031","1714","0","0","0","0","0","-376500","5","-100.00","675","0","3","0","0","","0","0","0","","",""
"080104","0001","0","375000","375500","376000","376500","377000","377500","378000","378500","379000","379500","374000","373500","373000","372500","372000","371500","371000","370500","370000","369500","6","12","233","643","1","13","23","49","14","37","20","439","126","88","54","56","170","228","422","112","1031","1715","0","0","0","0","0","-376500","5","-100.00","675","0","1","0","0","","0","0","0","","",""
"080104","0002","0","375000","375500","376000","376500","377000","377500","378000","378500","379000","379500","374000","373500","373000","372500","372000","371500","371000","370500","370000","369500","6","12","233","643","1","13","23","49","14","37","20","439","126","88","54","56","170","238","422","112","1031","1725","0","0","0","0","0","-376500","5","-100.00","675","0","10","0","0","","0","0","0","","",""
"080105","0000","0","375000","375500","376000","376500","377000","377500","378000","378500","379000","379500","374000","373500","373000","372500","372000","371500","371000","370500","370000","369500","6","12","233","643","1","13","23","49","14","37","20","439","127","88","54","56","170","238","422","112","1031","1726","0","0","0","0","0","-376500","5","-100.00","675","0","1","0","0","","0","0","0","","",""
"080105","0001","0","375000","375500","376000","376500","377000","377500","378000","378500","379000","379500","374000","373500","373000","372500","372000","371500","371000","370500","370000","369500","6","12","233","643","1","13","23","49","14","66","20","448","127","88","54","56","170","238","422","112","1060","1735","0","0","0","0","0","-376500","5","-100.00","675","0","9","0","0","","0","0","0","","",""
"080106","0000","0","375000","375500","376000","376500","377000","377500","378000","378500","379000","379500","374500","374000","373500","373000","372500","372000","371500","371000","370500","370000","6","12","233","643","1","13","23","49","14","66","2","20","448","127","88","54","56","170","238","424","1060","1627","0","0","0","0","0","-376500","5","-100.00","675","0","2","0","0","","0","0","0","","",""
"080106","0001","0","375000","375500","376000","376500","377000","377500","378000","378500","379000","379500","374500","374000","373500","373000","372500","372000","371500","371000","370500","370000","6","12","233","643","1","13","23","49","14","66","2","20","448","127","60","54","56","170","238","424","1060","1599","0","0","0","0","0","-376500","5","-100.00","675","0","-28","0","0","","0","0","0","","",""
"080106","0002","0","375000","375500","376000","376500","377000","377500","378000","378500","379000","379500","374500","374000","373500","373000","372500","372000","371500","371000","370500","370000","6","12","233","643","1","13","23","49","14","66","2","20","448","128","60","54","56","170","238","424","1060","1600","0","0","0","0","0","-376500","5","-100.00","675","0","1","0","0","","0","0","0","","",""
"080107","0000","0","375000","375500","376000","376500","377000","377500","378000","378500","379000","379500","374500","374000","373500","373000","372500","372000","371500","371000","370500","370000","6","12","233","643","1","13","23","49","14","66","2","20","448","128","60","54","56","171","238","424","1060","1601","0","0","0","0","0","-376500","5","-100.00","675","0","1","0","0","","0","0","0","","",""
"080107","0001","0","375000","375500","376000","376500","377000","377500","378000","378500","379000","379500","374000","373500","373000","372500","372000","371500","371000","370500","370000","369500","6","12","233","643","1","13","23","49","14","66","17","448","128","60","53","56","171","238","424","112","1060","1707","0","0","0","0","0","-376500","5","-100.00","680","0","106","0","0","","0","0","0","","",""
"080107","0002","0","375000","375500","376000","376500","377000","377500","378000","378500","379000","379500","374000","373500","373000","372500","372000","371500","371000","370500","370000","369500","6","12","233","643","1","13","23","49","14","66","15","448","128","60","53","56","171","238","424","112","1060","1705","0","0","0","0","0","-376500","5","-100.00","682","0","-2","0","0","","0","0","0","","",""
"080107","0003","0","375000","375500","376000","376500","377000","377500","378000","378500","379000","379500","374000","373500","373000","372500","372000","371500","371000","370500","370000","369500","6","12","233","643","1","13","23","49","14","66","15","454","128","60","53","56","171","238","424","112","1060","1711","0","0","0","0","0","-376500","5","-100.00","682","0","6","0","0","","0","0","0","","",""
"080108","0000","0","375000","375500","376000","376500","377000","377500","378000","378500","379000","379500","374000","373500","373000","372500","372000","371500","371000","370500","370000","369500","6","12","233","643","1","13","23","49","14","66","17","454","128","60","53","56","171","238","424","112","1060","1713","0","0","0","0","0","-376500","5","-100.00","682","0","2","0","0","","0","0","0","","",""
"080108","0001","0","375000","375500","376000","376500","377000","377500","378000","378500","379000","379500","374000","373500","373000","372500","372000","371500","371000","370500","370000","369500","6","12","233","643","1","13","23","49","14","66","16","454","128","60","53","56","171","238","424","112","1060","1712","0","0","0","0","0","-376500","5","-100.00","683","0","-1","0","0","","0","0","0","","",""
"080108","0002","0","375000","375500","376000","376500","377000","377500","378000","378500","379000","379500","374000","373500","373000","372500","372000","371500","371000","370500","370000","369500","6","12","233","643","1","13","23","49","14","66","21","454","128","60","53","56","171","238","424","112","1060","1717","0","0","0","0","0","-376500","5","-100.00","683","0","5","0","0","","0","0","0","","",""
"080109","0000","0","375000","375500","376000","376500","377000","377500","378000","378500","379000","379500","374000","373500","373000","372500","372000","371500","371000","370500","370000","369500","6","12","233","643","1","13","23","49","14","66","21","456","128","60","53","56","171","238","424","112","1060","1719","0","0","0","0","0","-376500","5","-100.00","683","0","2","0","0","","0","0","0","","",""
"080109","0001","0","375000","375500","376000","376500","377000","377500","378000","378500","379000","379500","374500","374000","373500","373000","372500","372000","371500","371000","370500","370000","6","12","233","643","1","13","23","49","14","66","30","21","456","128","60","56","56","171","238","424","1060","1640","0","0","0","0","0","-376500","5","-100.00","683","0","3","0","0","","0","0","0","","",""
"080109","0002","0","375000","375500","376000","376500","377000","377500","378000","378500","379000","379500","374500","374000","373500","373000","372500","372000","371500","371000","370500","370000","6","12","233","643","1","13","23","49","14","66","30","21","458","128","60","56","56","171","238","424","1060","1642","0","0","0","0","0","-376500","5","-100.00","683","0","1","0","0","","0","0","0","","",""
"080109","0003","0","375000","375500","376000","376500","377000","377500","378000","378500","379000","379500","374500","374000","373500","373000","372500","372000","371500","371000","370500","370000","10","12","233","643","1","13","23","49","14","66","30","21","458","128","60","56","56","171","238","424","1064","1642","0","0","0","0","0","-376500","5","-100.00","683","4","0","0","0","","0","0","0","","",""
"080110","0000","0","375000","375500","376000","376500","377000","377500","378000","378500","379000","379500","373500","373000","372500","372000","371500","371000","370500","370000","369500","369000","10","12","233","643","1","13","23","49","14","66","459","128","60","56","56","171","238","424","112","206","1064","1910","0","0","0","0","0","-376500","5","-100.00","783","0","267","0","0","","0","0","0","","",""
"080110","0001","0","375000","375500","376000","376500","377000","377500","378000","378500","379000","379500","373500","373000","372500","372000","371500","371000","370500","370000","369500","369000","10","12","233","643","1","13","23","49","14","66","460","128","60","56","56","172","238","424","112","206","1064","1912","0","0","0","0","0","-376500","5","-100.00","783","0","1","0","0","","0","0","0","","",""
"080110","0002","0","375000","375500","376000","376500","377000","377500","378000","378500","379000","379500","374000","373500","373000","372500","372000","371500","371000","370500","370000","369500","10","12","233","643","1","13","23","49","14","66","14","460","128","60","56","56","172","238","424","112","1064","1720","0","0","0","0","0","-376500","5","-100.00","783","0","-192","0","0","","0","0","0","","",""
"080110","0003","0","375000","375500","376000","376500","377000","377500","378000","378500","379000","379500","374000","373500","373000","372500","372000","371500","371000","370500","370000","369500","10","12","233","648","1","13","23","49","14","66","4","469","128","60","56","56","172","238","424","112","1069","1719","0","0","0","0","0","-376500","5","-100.00","793","0","9","0","0","","0","0","0","","",""
"080111","0000","0","375000","375500","376000","376500","377000","377500","378000","378500","379000","379500","374000","373500","373000","372500","372000","371500","371000","370500","370000","369500","10","12","233","648","1","17","23","45","14","66","4","469","128","60","56","56","172","238","424","112","1069","1719","0","0","0","0","0","-376500","5","-100.00","793","0","0","0","0","","0","0","0","","",""
"080111","0001","0","375000","375500","376000","376500","377000","377500","378000","378500","379000","379500","374000","373500","373000","372500","372000","371500","371000","370500","370000","369500","10","12","233","648","1","17","23","45","14","66","5","469","128","60","56","56","172","238","424","112","1069","1720","0","0","0","0","0","-376500","5","-100.00","793","0","1","0","0","","0","0","0","","",""
"080111","0002","0","375000","375500","376000","376500","377000","377500","378000","378500","379000","379500","374000","373500","373000","372500","372000","371500","371000","370500","370000","369500","10","12","233","648","1","17","23","45","14","66","6","469","128","60","56","56","172","238","424","112","1069","1721","0","0","0","0","0","-376500","5","-100.00","793","0","1","0","0","","0","0","0","","",""
"080111","0003","0","375000","375500","376000","376500","377000","377500","378000","378500","379000","379500","374000","373500","373000","372500","372000","371500","371000","370500","370000","369500","6","12","233","648","1","17","23","45","14","66","2","471","128","60","56","56","172","238","424","112","1065","1719","0","0","0","0","0","-376500","5","-100.00","797","-4","-2","0","0","","0","0","0","","",""
"080112","0000","0","375000","375500","376000","376500","377000","377500","378000","378500","379000","379500","374000","373500","373000","372500","372000","371500","371000","370500","370000","369500","6","12","233","648","1","17","23","45","14","66","2","471","128","60","56","56","172","238","424","112","1065","1719","0","0","0","0","0","-376500","5","-100.00","797","0","0","0","0","","0","0","0","","",""
"080112","0001","0","375000","375500","376000","376500","377000","377500","378000","378500","379000","379500","374000","373500","373000","372500","372000","371500","371000","370500","370000","369500","6","12","233","648","1","17","23","45","14","66","2","473","128","60","56","57","172","238","424","112","1065","1722","0","0","0","0","0","-376500","5","-100.00","797","0","2","0","0","","0","0","0","","",""
"080113","0000","0","374500","375000","375500","376000","376500","377000","377500","378000","378500","379000","374000","373500","373000","372500","372000","371500","371000","370500","370000","369500","3","6","12","233","648","1","17","23","45","14","2","473","128","60","56","57","172","238","424","112","1002","1722","0","0","0","0","0","-376500","5","-100.00","797","-63","0","0","0","","0","0","0","","",""
"080113","0001","0","374500","375000","375500","376000","376500","377000","377500","378000","378500","379000","374000","373500","373000","372500","372000","371500","371000","370500","370000","369500","3","6","12","233","648","1","17","23","45","14","1","473","128","60","56","57","173","238","424","112","1002","1722","0","0","0","0","0","-376500","5","-100.00","798","0","0","0","0","","0","0","0","","",""
"080113","0002","0","374500","375000","375500","376000","376500","377000","377500","378000","378500","379000","374000","373500","373000","372500","372000","371500","371000","370500","370000","369500","3","6","12","233","648","1","17","23","45","14","1","473","138","60","56","57","173","238","424","112","1002","1732","0","0","0","0","0","-376500","5","-100.00","798","0","10","0","0","","0","0","0","","",""
"080114","0000","0","374500","375000","375500","376000","376500","377000","377500","378000","378500","379000","374000","373500","373000","372500","372000","371500","371000","370500","370000","369500","3","6","12","233","648","1","17","23","45","14","2","473","137","60","56","57","173","239","424","112","1002","1733","0","0","0","0","0","-376500","5","-100.00","798","0","1","0","0","","0","0","0","","",""
"080115","0000","0","374500","375000","375500","376000","376500","377000","377500","378000","378500","379000","374000","373500","373000","372500","372000","371500","371000","370500","370000","369500","3","6","12","233","648","1","17","23","45","14","2","573","137","60","56","57","173","239","424","112","1002","1833","0","0","0","0","0","-376500","5","-100.00","798","0","100","0","0","","0","0","0","","",""
"080115","0001","0","374500","375000","375500","376000","376500","377000","377500","378000","378500","379000","374000","373500","373000","372500","372000","371500","371000","370500","370000","369500","3","6","12","233","648","1","17","23","45","14","8","567","137","60","56","57","173","239","424","112","1002","1833","0","0","0","0","0","-376500","5","-100.00","798","0","0","0","0","","0","0","0","","",""
"080115","0002","0","374500","375000","375500","376000","376500","377000","377500","378000","378500","379000","374000","373500","373000","372500","372000","371500","371000","370500","370000","369500","3","6","12","233","648","1","17","23","45","14","8","572","137","60","56","57","173","239","424","112","1002","1838","0","0","0","0","0","-376500","5","-100.00","798","0","5","0","0","","0","0","0","","",""
"080115","0003","0","374500","375000","375500","376000","376500","377000","377500","378000","378500","379000","374000","373500","373000","372500","372000","371500","371000","370500","370000","369500","3","6","12","233","648","1","17","23","45","14","8","572","142","60","56","57","173","239","424","112","1002","1843","0","0","0","0","0","-376500","5","-100.00","798","0","5","0","0","","0","0","0","","",""
"080115","0004","0","374500","375000","375500","376000","376500","377000","377500","378000","378500","379000","374000","373500","373000","372500","372000","371500","371000","370500","370000","369500","3","6","12","233","648","1","17","23","45","14","21","572","142","60","56","57","173","239","424","112","1002","1856","0","0","0","0","0","-376500","5","-100.00","798","0","13","0","0","","0","0","0","","",""
"080116","0000","0","374500","375000","375500","376000","376500","377000","377500","378000","378500","379000","374000","373500","373000","372500","372000","371500","371000","370500","370000","369500","3","6","12","233","648","1","17","23","45","14","23","570","147","60","56","57","173","239","424","112","1002","1861","0","0","0","0","0","-376500","5","-100.00","798","0","5","0","0","","0","0","0","","",""
"080116","0001","0","374500","375000","375500","376000","376500","377000","377500","378000","378500","379000","374000","373500","373000","372500","372000","371500","371000","370500","370000","369500","3","6","12","233","648","1","17","23","45","14","23","570","147","60","56","57","173","239","424","122","1002","1871","0","0","0","0","0","-376500","5","-100.00","798","0","10","0","0","","0","0","0","","",""
"080117","0000","0","374500","375000","375500","376000","376500","377000","377500","378000","378500","379000","374000","373500","373000","372500","372000","371500","371000","370500","370000","369500","3","6","12","233","648","1","17","23","45","14","39","570","147","60","56","57","173","239","424","122","1002","1887","0","0","0","0","0","-376500","5","-100.00","798","0","16","0","0","","0","0","0","","",""
"080117","0001","0","374500","375000","375500","376000","376500","377000","377500","378000","378500","379000","374000","373500","373000","372500","372000","371500","371000","370500","370000","369500","3","6","12","233","648","1","17","23","45","14","42","570","147","60","56","57","173","239","424","122","1002","1890","0","0","0","0","0","-376500","5","-100.00","798","0","3","0","0","","0","0","0","","",""
"080117","0002","0","374500","375000","375500","376000","376500","377000","377500","378000","378500","379000","374000","373500","373000","372500","372000","371500","371000","370500","370000","369500","3","6","12","233","648","1","17","23","45","14","43","570","147","60","56","57","173","239","424","122","1002","1891","0","0","0","0","0","-376500","5","-100.00","798","0","1","0","0","","0","0","0","","",""
"080118","0000","0","374500","375000","375500","376000","376500","377000","377500","378000","378500","379000","374000","373500","373000","372500","372000","371500","371000","370500","370000","369500","8","6","12","233","648","1","17","23","45","14","43","570","147","60","56","59","173","239","424","122","1007","1893","0","0","0","0","0","-376500","5","-100.00","798","5","0","0","0","","0","0","0","","",""
"080118","0001","0","374500","375000","375500","376000","376500","377000","377500","378000","378500","379000","374000","373500","373000","372500","372000","371500","371000","370500","370000","369500","8","6","12","233","648","1","17","23","45","14","45","570","147","60","56","59","173","239","424","122","1007","1895","0","0","0","0","0","-376500","5","-100.00","798","0","2","0","0","","0","0","0","","",""
"080119","0000","0","374500","375000","375500","376000","376500","377000","377500","378000","378500","379000","374000","373500","373000","372500","372000","371500","371000","370500","370000","369500","8","6","12","233","648","1","17","23","45","14","45","570","147","50","56","59","173","239","424","122","1007","1885","0","0","0","0","0","-376500","5","-100.00","798","0","-10","0","0","","0","0","0","","",""
"080120","0000","0","374500","375000","375500","376000","376500","377000","377500","378000","378500","379000","374000","373500","373000","372500","372000","371500","371000","370500","370000","369500","8","6","12","233","648","1","17","23","45","14","45","570","147","50","56","59","173","239","424","127","1007","1890","0","0","0","0","0","-376500","5","-100.00","798","0","5","0","0","","0","0","0","","",""
"080120","0001","0","374500","375000","375500","376000","376500","377000","377500","378000","378500","379000","374000","373500","373000","372500","372000","371500","371000","370500","370000","369500","8","6","12","233","648","1","17","23","45","14","55","570","147","50","56","59","173","239","424","127","1007","1900","0","0","0","0","0","-376500","5","-100.00","798","0","10","0","0","","0","0","0","","",""
"080120","0002","0","374500","375000","375500","376000","376500","377000","377500","378000","378500","379000","374000","373500","373000","372500","372000","371500","371000","370500","370000","369500","5","6","12","233","648","1","17","23","45","14","55","570","147","50","56","59","173","239","424","127","1004","1900","0","0","0","0","0","-376500","5","-100.00","801","-3","0","0","0","","0","0","0","","",""
"080121","0000","0","374500","375000","375500","376000","376500","377000","377500","378000","378500","379000","374000","373500","373000","372500","372000","371500","371000","370500","370000","369500","4","6","12","233","648","1","17","23","45","14","55","570","147","50","56","64","173","239","424","127","1003","1905","0","0","0","0","0","-376500","5","-100.00","802","-1","4","0","0","","0","0","0","","",""
"080121","0001","0","375000","375500","376000","376500","377000","377500","378000","378500","379000","379500","374500","374000","373500","373000","372500","372000","371500","371000","370500","370000","6","12","233","648","1","17","23","45","14","66","1","55","570","147","50","56","64","173","239","424","1065","1779","0","0","0","0","0","-376500","5","-100.00","806","62","-126","0","0","","0","0","0","","",""
