"time","millisec","HOUR_CLS_CODE","ASKP1","ASKP2","ASKP3","ASKP4","ASKP5","ASKP6","ASKP7","ASKP8","ASKP9","ASKP10","BIDP1","BIDP2","BIDP3","BIDP4","BIDP5","BIDP6","BIDP7","BIDP8","BIDP9","BIDP10","ASKP_RSQN1","ASKP_RSQN2","ASKP_RSQN3","ASKP_RSQN4","ASKP_RSQN5","ASKP_RSQN6","ASKP_RSQN7","ASKP_RSQN8","ASKP_RSQN9","ASKP_RSQN10","BIDP_RSQN1","BIDP_RSQN2","BIDP_RSQN3","BIDP_RSQN4","BIDP_RSQN5","BIDP_RSQN6","BIDP_RSQN7","BIDP_RSQN8","BIDP_RSQN9","BIDP_RSQN10","TOTAL_ASKP_RSQN","TOTAL_BIDP_RSQN","OVTM_TOTAL_ASKP_RSQN","OVTM_TOTAL_BIDP_RSQN","ANTC_CNPR","ANTC_CNQN","ANTC_VOL","ANTC_CNTG_VRSS","ANTC_CNTG_VRSS_SIGN","ANTC_CNTG_PRDY_CTRT","ACML_VOL","TOTAL_ASKP_RSQN_ICDC","TOTAL_BIDP_RSQN_ICDC","OVTM_TOTAL_ASKP_ICDC","OVTM_TOTAL_BIDP_ICDC","STCK_DEAL_CLS_CODE","KMID_PRC","KMID_TOTAL_RSQN","KMID_CLS_CODE","NMID_PRC","NMID_TOTAL_RSQN","NMID_CLS_CODE"
"080000","0000","0","213500","214500","215000","215500","216000","218000","220000","225000","269500","0","210000","207000","205500","205000","200000","0","0","0","0","0","20","10","10","926","10","10","10","1","30","0","5","30","3","10","20","0","0","0","0","0","1027","68","0","0","0","0","0","-213500","5","-100.00","0","0","0","0","0","","0","0","0","","",""
"080000","0001","0","213500","214500","215000","215500","216000","218000","220000","225000","232500","240000","210500","210000","209500","208000","207000","206000","205500","205000","202000","200500","20","11","10","936","10","10","17","1","50","70","1","5","3","5","30","5","3","13","12","60","1135","137","0","0","0","0","0","-213500","5","-100.00","0","108","69","0","0","","0","0","0","","",""
"080001","0000","0","213500","214500","215000","215500","216000","216500","218000","218500","219000","220000","210500","210000","209500","208000","207000","206000","205500","205000","202000","200500","33","21","10","976","11","10","10","1","246","17","24","5","114","5","30","355","53","41","12","60","1335","699","0","0","0","0","0","-213500","5","-100.00","0","200","562","0","0","","0","0","0","","",""
"080001","0001","0","213500","214000","214500","215000","215500","216000","216500","217500","218000","218500","211500","211000","210500","210000","209500","208500","208000","207000","206000","205500","73","247","30","30","976","11","10","50","10","1","5","5","24","5","175","10","5","30","356","53","1438","668","0","0","0","0","0","-213500","5","-100.00","0","103","-31","0","0","","0","0","0","","",""
"080002","0000","0","213500","214000","214500","215000","215500","216000","216500","217000","217500","218000","211000","210500","210000","209500","208500","208000","207500","207000","206000","205500","41","247","30","30","1976","11","10","400","50","32","5","24","15","175","98","5","8","50","356","53","2827","789","0","0","0","0","0","-213500","5","-100.00","58","1389","121","0","0","","0","0","0","","",""
"080002","0001","0","213500","214000","214500","215000","215500","216000","216500","217000","217500","218000","211000","210500","210000","209500","208500","208000","207500","207000","206000","205500","52","247","30","30","1976","11","10","400","75","67","5","24","15","176","98","5","8","50","456","53","2898","890","0","0","0","0","0","-213500","5","-100.00","58","71","101","0","0","","0","0","0","","",""
"080002","0002","0","213000","213500","214000","214500","215000","215500","216000","216500","217000","217500","211000","210500","210000","209500","208500","208000","207000","206500","206000","205500","35","102","252","30","80","1976","111","10","400","75","55","24","15","176","98","5","50","1","456","53","3071","933","0","0","0","0","0","-213500","5","-100.00","58","173","43","0","0","","0","0","0","","",""
"080003","0000","0","213000","213500","214000","214500","215000","215500","216000","216500","217000","217500","211000","210500","210000","209500","208500","208000","207500","207000","206500","206000","35","112","252","30","120","1980","111","10","400","75","55","24","15","276","98","7","1","50","1","461","3125","988","0","0","0","0","0","-213500","5","-100.00","58","54","55","0","0","","0","0","0","","",""
"080003","0001","0","213000","213500","214000","214500","215000","215500","216000","216500","217000","217500","211000","210500","210000","209500","208500","208000","207500","207000","206500","206000","35","156","312","30","130","1980","111","40","400","75","55","23","115","276","98","19","1","50","1","461","3269","1099","0","0","0","0","0","-213500","5","-100.00","58","144","111","0","0","","0","0","0","","",""
"080003","0002","0","213000","213500","214000","214500","215000","215500","216000","216500","217000","217500","211000","210500","210000","209500","208500","208000","207500","207000","206500","206000","24","157","312","30","130","1980","111","40","400","77","55","23","115","276","98","19","1","50","1","461","3261","1099","0","0","0","0","0","-213500","5","-100.00","69","-8","0","0","0","","0","0","0","","",""
"080004","0000","0","213000","213500","214000","214500","215000","215500","216000","216500","217000","217500","211000","210500","210000","209500","208500","208000","207500","207000","206500","206000","24","357","312","30","140","1980","111","40","401","77","55","23","115","276","98","19","1","50","1","461","3472","1099","0","0","0","0","0","-213500","5","-100.00","69","211","0","0","0","","0","0","0","","",""
"080004","0001","0","213000","213500","214000","214500","215000","215500","216000","216500","217000","217500","211000","210500","210000","209500","208500","208000","207500","207000","206500","206000","24","357","312","30","140","1980","111","40","601","77","55","23","215","176","98","19","1","50","1","461","3672","1099","0","0","0","0","0","-213500","5","-100.00","69","200","0","0","0","","0","0","0","","",""
"080004","0002","0","213000","213500","214000","214500","215000","215500","216000","216500","217000","217500","211000","210500","210000","209500","208500","208000","207500","207000","206500","206000","74","357","312","30","140","1980","111","40","601","77","55","23","215","176","98","19","1","50","1","462","3722","1100","0","0","0","0","0","-213500","5","-100.00","69","50","1","0","0","","0","0","0","","",""
"080004","0003","0","213000","213500","214000","214500","215000","215500","216000","216500","217000","217500","211000","210500","210000","209500","209000","208500","208000","207500","207000","206500","79","357","312","30","140","1980","111","40","601","77","55","23","215","176","12","98","42","1","67","1","3727","690","0","0","0","0","0","-213500","5","-100.00","69","5","-410","0","0","","0","0","0","","",""
"080005","0000","0","213000","213500","214000","214500","215000","215500","216000","216500","217000","217500","211000","210500","210000","209500","209000","208500","208000","207500","207000","206500","79","357","312","30","312","1980","111","40","601","79","56","23","215","176","12","98","42","1","67","1","3901","691","0","0","0","0","0","-213500","5","-100.00","69","174","1","0","0","","0","0","0","","",""
"080005","0001","0","213000","213500","214000","214500","215000","215500","216000","216500","217000","217500","211000","210500","210000","209500","209000","208500","208000","207500","207000","206500","79","357","312","30","312","1980","111","40","601","79","56","23","215","176","12","98","42","1","67","3","3901","693","0","0","0","0","0","-213500","5","-100.00","69","0","2","0","0","","0","0","0","","",""
"080005","0002","0","213000","213500","214000","214500","215000","215500","216000","216500","217000","217500","211000","210500","210000","209500","209000","208500","208000","207500","207000","206500","76","357","312","30","312","1980","111","40","601","79","56","23","215","176","12","98","42","1","67","3","3898","693","0","0","0","0","0","-213500","5","-100.00","72","-3","0","0","0","","0","0","0","","",""
"080005","0003","0","213000","213500","214000","214500","215000","215500","216000","216500","217000","217500","211000","210500","210000","209500","209000","208500","208000","207500","207000","206500","106","357","312","30","323","1980","111","40","601","79","56","23","215","176","12","98","42","1","68","3","3939","694","0","0","0","0","0","-213500","5","-100.00","72","0","1","0","0","","0","0","0","","",""
"080006","0000","0","213000","213500","214000","214500","215000","215500","216000","216500","217000","217500","211000","210500","210000","209500","209000","208500","208000","207500","207000","206500","106","357","312","30","323","1980","111","40","601","79","56","23","215","176","12","100","42","1","68","3","3939","696","0","0","0","0","0","-213500","5","-100.00","72","0","2","0","0","","0","0","0","","",""
"080006","0001","0","213000","213500","214000","214500","215000","215500","216000","216500","217000","217500","211000","210500","210000","209500","209000","208500","208000","207500","207000","206500","108","359","314","32","325","1982","111","40","601","79","56","23","215","176","12","100","42","1","68","3","3951","696","0","0","0","0","0","-213500","5","-100.00","72","6","0","0","0","","0","0","0","","",""
"080006","0002","0","213000","213500","214000","214500","215000","215500","216000","216500","217000","217500","211000","210500","210000","209500","209000","208500","208000","207500","207000","206500","108","359","814","32","325","1982","111","40","651","79","56","23","215","176","12","100","42","1","68","3","4501","696","0","0","0","0","0","-213500","5","-100.00","72","500","0","0","0","","0","0","0","","",""
"080007","0000","0","213000","213500","214000","214500","215000","215500","216000","216500","217000","217500","211000","210500","210000","209500","209000","208500","208000","207500","207000","206500","140","353","814","32","325","1982","111","40","651","79","106","23","215","176","12","100","42","1","68","3","4527","746","0","0","0","0","0","-213500","5","-100.00","72","26","50","0","0","","0","0","0","","",""
"080007","0001","0","213000","213500","214000","214500","215000","215500","216000","216500","217000","217500","211000","210500","210000","209500","209000","208500","208000","207500","207000","206500","140","353","814","32","325","1982","111","40","651","88","106","23","215","176","12","105","42","1","68","3","4536","751","0","0","0","0","0","-213500","5","-100.00","72","9","0","0","0","","0","0","0","","",""
"080008","0000","0","213000","213500","214000","214500","215000","215500","216000","216500","217000","217500","211000","210500","210000","209500","209000","208500","208000","207500","207000","206500","140","353","814","32","325","1982","111","40","651","88","106","23","215","176","12","105","42","2","68","3","4536","752","0","0","0","0","0","-213500","5","-100.00","72","0","1","0","0","","0","0","0","","",""
"080008","0001","0","213000","213500","214000","214500","215000","215500","216000","216500","217000","217500","211000","210500","210000","209500","209000","208500","208000","207500","207000","206500","140","353","814","32","325","1982","111","40","651","88","106","23","215","176","12","108","42","2","68","3","4536","755","0","0","0","0","0","-213500","5","-100.00","72","0","3","0","0","","0","0","0","","",""
"080008","0002","0","213000","213500","214000","214500","215000","215500","216000","216500","217000","217500","211000","210500","210000","209500","209000","208500","208000","207500","207000","206500","140","353","814","32","325","1982","111","40","651","86","106","23","215","176","12","108","42","2","68","3","4534","755","0","0","0","0","0","-213500","5","-100.00","72","-2","0","0","0","","0","0","0","","",""
"080008","0003","0","213000","213500","214000","214500","215000","215500","216000","216500","217000","217500","211000","210500","210000","209500","209000","208500","208000","207500","207000","206500","140","367","814","32","325","1982","111","40","651","86","106","33","215","176","12","108","42","2","68","3","4548","765","0","0","0","0","0","-213500","5","-100.00","72","8","0","0","0","","0","0","0","","",""
"080009","0000","0","213000","213500","214000","214500","215000","215500","216000","216500","217000","217500","211000","210500","210000","209500","209000","208500","208000","207500","207000","206500","141","367","814","32","325","1982","111","40","651","86","119","33","215","176","12","108","42","2","68","3","4549","778","0","0","0","0","0","-213500","5","-100.00","72","1","0","0","0","","0","0","0","","",""
"080009","0001","0","213000","213500","214000","214500","215000","215500","216000","216500","217000","217500","211000","210500","210000","209500","209000","208500","208000","207500","207000","206500","41","367","814","32","325","1982","111","40","651","86","119","33","215","176","12","108","42","2","68","4","4449","779","0","0","0","0","0","-213500","5","-100.00","172","-100","1","0","0","","0","0","0","","",""
"080009","0002","0","213000","213500","214000","214500","215000","215500","216000","216500","217000","217500","211000","210500","210000","209500","209000","208500","208000","207500","207000","206500","42","367","814","32","325","1982","111","40","651","86","119","33","215","176","12","108","42","2","69","4","4450","780","0","0","0","0","0","-213500","5","-100.00","172","0","1","0","0","","0","0","0","","",""
"080009","0003","0","213000","213500","214000","214500","215000","215500","216000","216500","217000","217500","211000","210500","210000","209500","209000","208500","208000","207500","207000","206500","73","367","814","32","325","1982","111","40","651","286","106","33","215","176","12","108","42","2","69","4","4681","767","0","0","0","0","0","-213500","5","-100.00","185","1","-13","0","0","","0","0","0","","",""
"080009","0004","0","213000","213500","214000","214500","215000","215500","216000","216500","217000","217500","211000","210500","210000","209500","209000","208500","208000","207500","207000","206500","73","367","814","32","325","1982","111","40","651","286","106","33","215","176","15","108","42","2","103","4","4681","804","0","0","0","0","0","-213500","5","-100.00","185","0","37","0","0","","0","0","0","","",""
"080010","0000","0","213000","213500","214000","214500","215000","215500","216000","216500","217000","217500","211000","210500","210000","209500","209000","208500","208000","207500","207000","206500","83","357","814","32","325","1982","111","40","651","286","106","33","215","176","15","108","42","2","103","4","4681","804","0","0","0","0","0","-213500","5","-100.00","185","0","0","0","0","","0","0","0","","",""
"080010","0001","0","213000","213500","214000","214500","215000","215500","216000","216500","217000","217500","211000","210500","210000","209500","209000","208500","208000","207500","207000","206500","83","357","814","32","325","1982","111","40","652","286","106","33","115","176","15","108","42","2","103","9","4682","709","0","0","0","0","0","-213500","5","-100.00","185","1","0","0","0","","0","0","0","","",""
"080010","0002","0","213000","213500","214000","214500","215000","215500","216000","216500","217000","217500","211000","210500","210000","209500","209000","208500","208000","207500","207000","206500","83","357","814","32","325","1982","124","40","652","286","106","33","115","176","15","108","42","2","103","9","4695","709","0","0","0","0","0","-213500","5","-100.00","185","13","0","0","0","","0","0","0","","",""
"080010","0003","0","213000","213500","214000","214500","215000","215500","216000","216500","217000","217500","211000","210500","210000","209500","209000","208500","208000","207500","207000","206500","83","366","814","32","325","1982","124","40","652","286","106","33","120","176","15","108","42","2","103","9","4704","714","0","0","0","0","0","-213500","5","-100.00","185","8","5","0","0","","0","0","0","","",""
"080010","0004","0","213000","213500","214000","214500","215000","215500","216000","216500","217000","217500","211000","210500","210000","209500","209000","208500","208000","207500","207000","206500","52","366","814","32","325","1982","124","40","652","286","106","33","120","176","15","108","42","2","103","9","4673","714","0","0","0","0","0","-213500","5","-100.00","216","-31","0","0","0","","0","0","0","","",""
"080011","0000","0","213000","213500","214000","214500","215000","215500","216000","216500","217000","217500","211000","210500","210000","209500","209000","208500","208000","207500","207000","206500","52","376","814","32","325","1982","124","40","652","286","106","33","120","176","15","108","42","2","103","9","4683","714","0","0","0","0","0","-213500","5","-100.00","216","10","0","0","0","","0","0","0","","",""
"080011","0001","0","212000","213000","213500","214000","214500","215000","215500","216000","216500","217000","211000","210500","210000","209500","209000","208500","208000","207500","207000","206500","5","52","376","814","32","325","1982","124","40","652","106","33","120","176","15","108","42","2","103","9","4402","714","0","0","0","0","0","-213500","5","-100.00","216","-281","0","0","0","","0","0","0","","",""
"080011","0002","0","212000","213000","213500","214000","214500","215000","215500","216000","216500","217000","211000","210500","210000","209500","209000","208500","208000","207500","207000","206500","5","52","376","814","32","325","1983","124","40","652","106","33","120","176","15","108","42","2","103","9","4403","714","0","0","0","0","0","-213500","5","-100.00","216","1","0","0","0","","0","0","0","","",""
"080011","0003","0","212000","213000","213500","214000","214500","215000","215500","216000","216500","217000","211000","210500","210000","209500","209000","208500","208000","207500","207000","206500","5","52","376","814","32","325","1983","124","40","652","106","33","120","176","15","108","43","2","103","9","4403","715","0","0","0","0","0","-213500","5","-100.00","216","0","1","0","0","","0","0","0","","",""
"080012","0000","0","212000","213000","213500","214000","214500","215000","215500","216000","216500","217000","211000","210500","210000","209500","209000","208500","208000","207500","207000","206500","5","59","376","814","32","325","1983","124","40","652","106","33","120","176","15","108","43","2","103","9","4410","715","0","0","0","0","0","-213500","5","-100.00","216","7","0","0","0","","0","0","0","","",""
"080012","0001","0","212000","213000","213500","214000","214500","215000","215500","216000","216500","217000","211000","210500","210000","209500","209000","208500","208000","207500","207000","206500","5","59","376","814","37","325","1983","124","40","652","106","33","120","176","15","108","43","2","103","9","4415","715","0","0","0","0","0","-213500","5","-100.00","216","5","0","0","0","","0","0","0","","",""
"080012","0002","0","212000","213000","213500","214000","214500","215000","215500","216000","216500","217000","211000","210500","210000","209500","209000","208500","208000","207500","207000","206500","5","59","376","814","37","325","1983","124","40","652","106","33","120","176","15","108","43","2","103","29","4415","735","0","0","0","0","0","-213500","5","-100.00","216","0","20","0","0","","0","0","0","","",""
"080013","0000","0","212000","213000","213500","214000","214500","215000","215500","216000","216500","217000","211000","210500","210000","209500","209000","208500","208000","207500","207000","206500","4","73","376","814","37","325","1983","124","40","652","107","33","120","176","15","108","43","2","103","29","4428","736","0","0","0","0","0","-213500","5","-100.00","217","-1","0","0","0","","0","0","0","","",""
"080013","0001","0","212000","213000","213500","214000","214500","215000","215500","216000","216500","217000","211000","210500","210000","209500","209000","208500","208000","207500","207000","206500","4","74","376","814","37","325","1983","124","40","652","107","33","120","216","15","108","43","2","103","29","4429","776","0","0","0","0","0","-213500","5","-100.00","217","1","40","0","0","","0","0","0","","",""
"080013","0002","0","212000","213000","213500","214000","214500","215000","215500","216000","216500","217000","211000","210500","210000","209500","209000","208500","208000","207500","207000","206500","3","74","376","814","37","325","1983","124","40","652","107","33","120","216","15","108","43","2","103","29","4428","776","0","0","0","0","0","-213500","5","-100.00","218","-1","0","0","0","","0","0","0","","",""
"080013","0003","0","212000","213000","213500","214000","214500","215000","215500","216000","216500","217000","211000","210500","210000","209500","209000","208500","208000","207500","207000","206500","3","74","376","814","37","325","1983","124","40","652","107","33","120","216","15","108","43","2","104","29","4428","777","0","0","0","0","0","-213500","5","-100.00","218","0","1","0","0","","0","0","0","","",""
"080013","0004","0","212000","213000","213500","214000","214500","215000","215500","216000","216500","217000","211000","210500","210000","209500","209000","208500","208000","207500","207000","206500","3","75","376","815","37","326","1983","125","40","653","107","33","120","216","15","108","43","2","104","29","4433","777","0","0","0","0","0","-213500","5","-100.00","218","2","0","0","0","","0","0","0","","",""
"080014","0000","0","212000","213000","213500","214000","214500","215000","215500","216000","216500","217000","211000","210500","210000","209500","209000","208500","208000","207500","207000","206500","3","106","376","815","37","326","2063","125","40","653","107","33","120","216","21","108","45","2","106","29","4544","787","0","0","0","0","0","-213500","5","-100.00","218","31","0","0","0","","0","0","0","","",""
"080014","0001","0","212000","213000","213500","214000","214500","215000","215500","216000","216500","217000","211000","210500","210000","209500","209000","208500","208000","207500","207000","206500","2","136","386","815","37","326","2063","125","40","653","107","87","120","216","21","108","45","2","106","29","4583","841","0","0","0","0","0","-213500","5","-100.00","219","24","0","0","0","","0","0","0","","",""
"080014","0002","0","212000","213000","213500","214000","214500","215000","215500","216000","216500","217000","211000","210500","210000","209500","209000","208500","208000","207500","207000","206500","2","136","386","816","37","376","2064","125","56","653","108","87","120","216","21","108","45","2","106","29","4651","842","0","0","0","0","0","-213500","5","-100.00","219","0","1","0","0","","0","0","0","","",""
"080014","0003","0","212000","213000","213500","214000","214500","215000","215500","216000","216500","217000","211000","210500","210000","209500","209000","208500","208000","207500","207000","206500","2","136","386","818","37","376","2064","125","56","653","98","87","120","216","21","109","45","2","106","29","4653","833","0","0","0","0","0","-213500","5","-100.00","229","0","1","0","0","","0","0","0","","",""
"080014","0004","0","212000","213000","213500","214000","214500","215000","215500","216000","216500","217000","211000","210500","210000","209500","209000","208500","208000","207500","207000","206500","2","136","420","818","37","376","2064","125","56","653","98","87","120","216","21","109","45","2","106","29","4687","833","0","0","0","0","0","-213500","5","-100.00","229","34","0","0","0","","0","0","0","","",""
"080015","0000","0","212000","213000","213500","214000","214500","215000","215500","216000","216500","217000","211000","210500","210000","209500","209000","208500","208000","207500","207000","206500","2","186","420","818","37","376","2064","125","56","653","98","87","120","216","21","109","45","2","106","29","4737","833","0","0","0","0","0","-213500","5","-100.00","229","50","0","0","0","","0","0","0","","",""
"080015","0001","0","211000","212000","213000","213500","214000","214500","215000","215500","216000","216500","210500","210000","209500","209000","208500","208000","207500","207000","206500","206000","882","2","686","420","818","37","376","1064","125","56","87","120","216","21","109","45","2","106","29","651","4466","1386","0","0","0","0","0","-213500","5","-100.00","347","480","0","0","0","","0","0","0","","",""
"080015","0002","0","211000","212000","213000","213500","214000","214500","215000","215500","216000","216500","210500","210000","209500","209000","208500","208000","207500","207000","206500","206000","882","2","718","420","818","37","376","1064","125","56","87","120","216","21","109","45","2","106","29","651","4498","1386","0","0","0","0","0","-213500","5","-100.00","347","32","0","0","0","","0","0","0","","",""
"080015","0003","0","211000","212000","213000","213500","214000","214500","215000","215500","216000","216500","210500","210000","209500","209000","208500","208000","207500","207000","206500","206000","882","2","718","420","819","37","376","1064","126","56","87","120","216","21","109","45","2","106","29","651","4500","1386","0","0","0","0","0","-213500","5","-100.00","347","2","0","0","0","","0","0","0","","",""
"080016","0000","0","211000","212000","213000","213500","214000","214500","215000","215500","216000","216500","210500","210000","209500","209000","208500","208000","207500","207000","206500","206000","876","2","723","420","819","37","377","1064","126","56","87","120","216","23","109","45","2","106","29","667","4500","1404","0","0","0","0","0","-213500","5","-100.00","353","-1","2","0","0","","0","0","0","","",""
"080016","0001","0","211000","212000","213000","213500","214000","214500","215000","215500","216000","216500","210500","210000","209500","209000","208500","208000","207500","207000","206500","206000","876","2","773","420","819","38","378","1064","127","56","87","120","216","23","109","45","2","106","29","667","4553","1404","0","0","0","0","0","-213500","5","-100.00","353","1","0","0","0","","0","0","0","","",""
"080016","0002","0","211000","212000","213000","213500","214000","214500","215000","215500","216000","216500","210500","210000","209500","209000","208500","208000","207500","207000","206500","206000","876","2","773","440","819","38","379","1064","127","56","87","120","216","23","109","45","2","106","29","667","4574","1404","0","0","0","0","0","-213500","5","-100.00","353","20","0","0","0","","0","0","0","","",""
"080016","0003","0","211000","212000","213000","213500","214000","214500","215000","215500","216000","216500","210500","210000","209500","209000","208500","208000","207500","207000","206500","206000","876","2","772","440","819","38","379","1064","127","56","87","120","216","23","109","45","2","116","29","667","4573","1414","0","0","0","0","0","-213500","5","-100.00","353","-1","10","0","0","","0","0","0","","",""
"080017","0000","0","211000","212000","213000","213500","214000","214500","215000","215500","216000","216500","210500","210000","209500","209000","208500","208000","207500","207000","206500","206000","876","2","772","440","819","38","379","1064","132","56","86","120","216","23","109","45","2","116","29","667","4578","1413","0","0","0","0","0","-213500","5","-100.00","354","5","-1","0","0","","0","0","0","","",""
"080017","0001","0","211000","212000","212500","213000","213500","214000","214500","215000","215500","216000","210500","210000","209500","209000","208500","208000","207500","207000","206500","206000","876","2","28","772","440","819","38","379","1064","132","86","120","216","33","109","45","2","116","29","667","4550","1423","0","0","0","0","0","-213500","5","-100.00","354","-28","10","0","0","","0","0","0","","",""
"080017","0002","0","211000","212000","212500","213000","213500","214000","214500","215000","215500","216000","210500","210000","209500","209000","208500","208000","207500","207000","206500","206000","876","2","28","772","440","819","38","379","1064","132","86","125","216","33","109","45","2","116","29","667","4550","1428","0","0","0","0","0","-213500","5","-100.00","354","0","5","0","0","","0","0","0","","",""
"080017","0003","0","211000","212000","212500","213000","213500","214000","214500","215000","215500","216000","210500","210000","209500","209000","208500","208000","207500","207000","206500","206000","876","2","28","829","440","819","38","379","1064","132","86","125","216","33","109","45","2","116","29","667","4607","1428","0","0","0","0","0","-213500","5","-100.00","354","57","0","0","0","","0","0","0","","",""
"080018","0000","0","211000","212000","212500","213000","213500","214000","214500","215000","215500","216000","210500","210000","209500","209000","208500","208000","207500","207000","206500","206000","876","2","28","829","440","819","38","379","1064","132","94","125","216","33","109","45","2","116","29","667","4607","1436","0","0","0","0","0","-213500","5","-100.00","354","0","8","0","0","","0","0","0","","",""
"080018","0001","0","211000","212000","212500","213000","213500","214000","214500","215000","215500","216000","210500","210000","209500","209000","208500","208000","207500","207000","206500","206000","876","2","28","829","440","819","38","379","1064","132","113","125","216","33","109","45","2","116","29","667","4607","1455","0","0","0","0","0","-213500","5","-100.00","354","0","19","0","0","","0","0","0","","",""
"080018","0002","0","211000","212000","212500","213000","213500","214000","214500","215000","215500","216000","210500","210000","209500","209000","208500","208000","207500","207000","206500","206000","876","2","28","829","456","819","38","379","1064","132","113","125","216","33","109","45","2","116","29","667","4623","1455","0","0","0","0","0","-213500","5","-100.00","354","16","0","0","0","","0","0","0","","",""
"080019","0000","0","211000","212000","212500","213000","213500","214000","214500","215000","215500","216000","210500","210000","209500","209000","208500","208000","207500","207000","206500","206000","876","2","28","929","456","819","38","379","1064","132","2","125","216","33","109","45","2","116","29","667","4723","1344","0","0","0","0","0","-213500","5","-100.00","465","100","0","0","0","","0","0","0","","",""
"080019","0001","0","211000","212000","212500","213000","213500","214000","214500","215000","215500","216000","210500","210000","209500","209000","208500","208000","207500","207000","206500","206000","876","2","28","929","466","819","38","379","1064","132","1","125","216","33","109","45","2","116","29","667","4733","1343","0","0","0","0","0","-213500","5","-100.00","466","10","0","0","0","","0","0","0","","",""
"080019","0002","0","211000","212000","212500","213000","213500","214000","214500","215000","215500","216000","210500","210000","209500","209000","208500","208000","207500","207000","206500","206000","876","2","28","929","466","819","38","379","1064","191","1","125","216","33","109","45","2","116","29","667","4792","1343","0","0","0","0","0","-213500","5","-100.00","466","59","0","0","0","","0","0","0","","",""
"080019","0003","0","211000","212000","212500","213000","213500","214000","214500","215000","215500","216000","210500","210000","209500","209000","208500","208000","207500","207000","206500","206000","856","2","28","929","466","819","38","379","1064","191","1","125","216","33","109","45","2","121","29","667","4772","1348","0","0","0","0","0","-213500","5","-100.00","486","-20","0","0","0","","0","0","0","","",""
"080019","0004","0","211000","212000","212500","213000","213500","214000","214500","215000","215500","216000","210500","210000","209500","209000","208500","208000","207500","207000","206500","206000","856","2","28","929","466","759","38","379","1064","191","1","125","216","33","109","45","2","131","29","667","4712","1358","0","0","0","0","0","-213500","5","-100.00","486","0","10","0","0","","0","0","0","","",""
"080020","0000","0","211000","212000","212500","213000","213500","214000","214500","215000","215500","216000","210500","210000","209500","209000","208500","208000","207500","207000","206500","206000","856","2","28","929","466","759","38","379","1064","191","1","125","216","33","109","45","2","131","39","667","4712","1368","0","0","0","0","0","-213500","5","-100.00","486","0","10","0","0","","0","0","0","","",""
"080020","0001","0","211000","212000","212500","213000","213500","214000","214500","215000","215500","216000","210500","210000","209500","209000","208500","208000","207500","207000","206500","206000","856","2","28","931","466","759","38","379","1064","201","1","125","216","33","109","45","2","136","39","667","4724","1373","0","0","0","0","0","-213500","5","-100.00","486","12","5","0","0","","0","0","0","","",""
"080020","0002","0","210500","211000","212000","212500","213000","213500","214000","214500","215000","215500","210000","209500","209000","208500","208000","207500","207000","206500","206000","205500","3","856","2","28","931","466","759","38","383","1064","125","216","33","109","45","2","136","39","667","253","4530","1625","0","0","0","0","0","-213500","5","-100.00","487","2","0","0","0","","0","0","0","","",""
"080020","0003","0","210500","211000","212000","212500","213000","213500","214000","214500","215000","215500","210000","209500","209000","208500","208000","207500","207000","206500","206000","205500","53","866","9","28","924","466","759","38","383","1064","125","216","33","109","45","2","136","42","667","253","4590","1628","0","0","0","0","0","-213500","5","-100.00","487","50","0","0","0","","0","0","0","","",""
"080020","0004","0","210500","211000","212000","212500","213000","213500","214000","214500","215000","215500","210000","209500","209000","208500","208000","207500","207000","206500","206000","205500","33","866","9","28","924","466","759","38","383","1064","125","216","33","109","45","2","136","42","667","253","4570","1628","0","0","0","0","0","-213500","5","-100.00","507","-20","0","0","0","","0","0","0","","",""
"080021","0000","0","210500","211000","212000","212500","213000","213500","214000","214500","215000","215500","210000","209500","209000","208500","208000","207500","207000","206500","206000","205500","30","866","9","29","924","466","759","40","383","1064","125","216","33","109","45","2","136","42","667","253","4570","1628","0","0","0","0","0","-213500","5","-100.00","510","2","0","0","0","","0","0","0","","",""
"080021","0001","0","210500","211000","212000","212500","213000","213500","214000","214500","215000","215500","210000","209500","209000","208500","208000","207500","207000","206500","206000","205500","30","866","9","29","924","466","759","40","383","1064","203","216","33","109","45","2","136","42","667","253","4570","1706","0","0","0","0","0","-213500","5","-100.00","510","0","78","0","0","","0","0","0","","",""
"080021","0002","0","210500","211000","212000","212500","213000","213500","214000","214500","215000","215500","210000","209500","209000","208500","208000","207500","207000","206500","206000","205500","30","866","9","29","924","466","759","40","393","1064","203","216","33","109","45","2","136","42","667","253","4580","1706","0","0","0","0","0","-213500","5","-100.00","510","10","0","0","0","","0","0","0","","",""
"080022","0000","0","211000","212000","212500","213000","213500","214000","214500","215000","215500","216000","210000","209500","209000","208500","208000","207500","207000","206500","206000","205500","865","9","29","927","466","759","40","393","1064","352","203","216","33","109","45","2","136","42","667","253","4904","1706","0","0","0","0","0","-213500","5","-100.00","565","2","0","0","0","","0","0","0","","",""
"080022","0001","0","211000","212000","212500","213000","213500","214000","214500","215000","215500","216000","210000","209500","209000","208500","208000","207500","207000","206500","206000","205500","865","9","29","927","486","759","40","393","1064","352","203","216","33","109","45","2","136","42","667","253","4924","1706","0","0","0","0","0","-213500","5","-100.00","565","20","0","0","0","","0","0","0","","",""
"080022","0002","0","211000","212000","212500","213000","213500","214000","214500","215000","215500","216000","210000","209500","209000","208500","208000","207500","207000","206500","206000","205500","865","9","29","927","486","759","40","403","1064","352","203","216","33","109","45","2","136","42","667","253","4934","1706","0","0","0","0","0","-213500","5","-100.00","565","10","0","0","0","","0","0","0","","",""
"080022","0003","0","211000","212000","212500","213000","213500","214000","214500","215000","215500","216000","210000","209500","209000","208500","208000","207500","207000","206500","206000","205500","865","9","29","927","487","759","40","403","1064","352","203","216","33","109","45","2","136","42","697","253","4935","1736","0","0","0","0","0","-213500","5","-100.00","565","1","30","0","0","","0","0","0","","",""
"080022","0004","0","211000","212000","212500","213000","213500","214000","214500","215000","215500","216000","210000","209500","209000","208500","208000","207500","207000","206500","206000","205500","865","10","29","927","487","759","40","403","1064","382","203","216","33","109","45","2","136","42","697","253","4966","1736","0","0","0","0","0","-213500","5","-100.00","565","30","0","0","0","","0","0","0","","",""
"080023","0000","0","211000","212000","212500","213000","213500","214000","214500","215000","215500","216000","210000","209500","209000","208500","208000","207500","207000","206500","206000","205500","865","10","29","962","487","759","40","403","1064","382","203","216","33","109","45","2","136","42","697","253","5001","1736","0","0","0","0","0","-213500","5","-100.00","565","35","0","0","0","","0","0","0","","",""
"080023","0001","0","211000","212000","212500","213000","213500","214000","214500","215000","215500","216000","210000","209500","209000","208500","208000","207500","207000","206500","206000","205500","865","10","29","962","487","759","40","403","1064","382","203","216","33","120","45","2","136","42","697","253","5001","1747","0","0","0","0","0","-213500","5","-100.00","565","0","11","0","0","","0","0","0","","",""
"080023","0002","0","211000","212000","212500","213000","213500","214000","214500","215000","215500","216000","210000","209500","209000","208500","208000","207500","207000","206500","206000","205500","865","10","29","962","487","759","40","403","1064","382","203","217","33","121","45","2","136","42","697","253","5001","1749","0","0","0","0","0","-213500","5","-100.00","565","0","2","0","0","","0","0","0","","",""
"080023","0003","0","211000","212000","212500","213000","213500","214000","214500","215000","215500","216000","210000","209500","209000","208500","208000","207500","207000","206500","206000","205500","877","10","29","962","487","759","40","403","1064","382","203","217","33","121","45","2","136","42","697","253","5013","1749","0","0","0","0","0","-213500","5","-100.00","566","12","0","0","0","","0","0","0","","",""
"080024","0000","0","211000","212000","212500","213000","213500","214000","214500","215000","215500","216000","210000","209500","209000","208500","208000","207500","207000","206500","206000","205500","877","10","29","962","487","759","40","403","1064","382","214","217","34","121","45","2","136","42","697","253","5013","1761","0","0","0","0","0","-213500","5","-100.00","566","0","1","0","0","","0","0","0","","",""
"080024","0001","0","211000","212000","212500","213000","213500","214000","214500","215000","215500","216000","210000","209500","209000","208500","208000","207500","207000","206500","206000","205500","877","11","29","962","487","759","40","403","1064","382","214","217","34","121","45","2","136","42","697","253","5014","1761","0","0","0","0","0","-213500","5","-100.00","566","1","0","0","0","","0","0","0","","",""
"080024","0002","0","211000","212000","212500","213000","213500","214000","214500","215000","215500","216000","210000","209500","209000","208500","208000","207500","207000","206500","206000","205500","872","11","29","962","487","759","40","403","1064","382","214","217","34","121","45","2","136","42","697","253","5009","1761","0","0","0","0","0","-213500","5","-100.00","571","-5","0","0","0","","0","0","0","","",""
"080024","0003","0","211000","212000","212500","213000","213500","214000","214500","215000","215500","216000","210000","209500","209000","208500","208000","207500","207000","206500","206000","205500","872","11","29","962","487","759","40","403","1064","382","214","217","34","121","45","2","136","42","697","254","5009","1762","0","0","0","0","0","-213500","5","-100.00","571","0","1","0","0","","0","0","0","","",""
"080025","0000","0","211000","212000","212500","213000","213500","214000","214500","215000","215500","216000","210000","209500","209000","208500","208000","207500","207000","206500","206000","205500","871","11","29","972","488","759","40","404","1064","382","214","217","34","121","45","2","136","42","697","254","5020","1762","0","0","0","0","0","-213500","5","-100.00","572","1","0","0","0","","0","0","0","","",""
"080025","0001","0","211000","212000","212500","213000","213500","214000","214500","215000","215500","216000","210000","209500","209000","208500","208000","207500","207000","206500","206000","205500","880","11","29","1372","488","759","40","404","1064","382","214","217","34","121","45","2","136","42","697","254","5429","1762","0","0","0","0","0","-213500","5","-100.00","572","409","0","0","0","","0","0","0","","",""
"080025","0002","0","211000","211500","212000","212500","213000","213500","214000","214500","215000","215500","210000","209500","209000","208500","208000","207500","207000","206500","206000","205500","880","1","11","29","1372","488","759","40","404","1092","214","217","34","121","95","2","136","42","697","254","5076","1812","0","0","0","0","0","-213500","5","-100.00","572","-381","0","0","0","","0","0","0","","",""
"080025","0003","0","210500","211000","211500","212000","212500","213000","213500","214000","214500","215000","210000","209500","209000","208500","208000","207500","207000","206500","206000","205500","1","880","1","11","29","1372","488","759","40","405","214","217","34","121","95","2","136","42","697","254","3986","1812","0","0","0","0","0","-213500","5","-100.00","572","-1090","0","0","0","","0","0","0","","",""
"080026","0000","0","210500","211000","211500","212000","212500","213000","213500","214000","214500","215000","210000","209500","209000","208500","208000","207500","207000","206500","206000","205500","1","880","1","11","29","1372","488","759","40","405","214","217","39","121","95","2","136","42","697","254","3986","1817","0","0","0","0","0","-213500","5","-100.00","572","0","5","0","0","","0","0","0","","",""
"080026","0001","0","211000","211500","212000","212500","213000","213500","214000","214500","215000","215500","210000","209500","209000","208500","208000","207500","207000","206500","206000","205500","861","1","11","29","1372","488","759","40","405","1093","214","217","39","121","95","2","136","42","702","254","5059","1822","0","0","0","0","0","-213500","5","-100.00","592","0","5","0","0","","0","0","0","","",""
"080026","0002","0","211000","211500","212000","212500","213000","213500","214000","214500","215000","215500","210000","209500","209000","208500","208000","207500","207000","206500","206000","205500","861","1","11","29","1372","488","759","40","405","1093","214","222","39","121","96","2","136","42","702","254","5059","1828","0","0","0","0","0","-213500","5","-100.00","592","0","6","0","0","","0","0","0","","",""
"080027","0000","0","211000","211500","212000","212500","213000","213500","214000","214500","215000","215500","210000","209500","209000","208500","208000","207500","207000","206500","206000","205500","861","1","11","29","1373","488","782","40","405","1093","214","222","39","121","96","2","136","42","702","254","5083","1828","0","0","0","0","0","-213500","5","-100.00","592","23","0","0","0","","0","0","0","","",""
"080027","0001","0","211000","211500","212000","212500","213000","213500","214000","214500","215000","215500","210500","210000","209500","209000","208500","208000","207500","207000","206500","206000","861","1","11","29","1373","488","782","40","405","1093","53","214","222","39","121","96","2","136","42","702","5083","1627","0","0","0","0","0","-213500","5","-100.00","593","0","-1","0","0","","0","0","0","","",""
"080027","0002","0","211000","211500","212000","212500","213000","213500","214000","214500","215000","215500","210500","210000","209500","209000","208500","208000","207500","207000","206500","206000","861","1","11","29","1373","488","783","40","405","1093","53","214","222","39","121","96","2","136","42","702","5084","1627","0","0","0","0","0","-213500","5","-100.00","593","1","0","0","0","","0","0","0","","",""
"080027","0003","0","211000","211500","212000","212500","213000","213500","214000","214500","215000","215500","210500","210000","209500","209000","208500","208000","207500","207000","206500","206000","859","1","11","301","1373","538","783","40","405","1093","53","214","222","39","121","96","2","136","42","702","5404","1627","0","0","0","0","0","-213500","5","-100.00","595","272","0","0","0","","0","0","0","","",""
"080028","0000","0","211000","211500","212000","212500","213000","213500","214000","214500","215000","215500","210500","210000","209500","209000","208500","208000","207500","207000","206500","206000","859","1","11","301","1373","538","783","40","405","1093","53","214","222","39","121","96","2","136","43","702","5404","1628","0","0","0","0","0","-213500","5","-100.00","595","0","1","0","0","","0","0","0","","",""
"080028","0001","0","211000","211500","212000","212500","213000","213500","214000","214500","215000","215500","210500","210000","209500","209000","208500","208000","207500","207000","206500","206000","860","1","11","301","1373","538","784","40","405","1093","53","214","222","39","121","96","2","136","43","702","5406","1628","0","0","0","0","0","-213500","5","-100.00","595","1","0","0","0","","0","0","0","","",""
"080028","0002","0","211000","211500","212000","212500","213000","213500","214000","214500","215000","215500","210500","210000","209500","209000","208500","208000","207500","207000","206500","206000","860","1","11","301","1383","538","784","40","405","1093","53","214","222","39","121","96","2","136","43","702","5416","1628","0","0","0","0","0","-213500","5","-100.00","595","10","0","0","0","","0","0","0","","",""
"080029","0000","0","211000","211500","212000","212500","213000","213500","214000","214500","215000","215500","210500","210000","209500","209000","208500","208000","207500","207000","206500","206000","860","1","11","301","1383","548","784","40","405","1093","53","214","222","39","121","96","2","136","43","702","5426","1628","0","0","0","0","0","-213500","5","-100.00","595","10","0","0","0","","0","0","0","","",""
"080029","0001","0","211000","211500","212000","212500","213000","213500","214000","214500","215000","215500","210500","210000","209500","209000","208500","208000","207500","207000","206500","206000","860","1","11","301","1383","561","784","40","405","1093","53","214","222","40","121","96","2","136","43","702","5439","1629","0","0","0","0","0","-213500","5","-100.00","595","0","1","0","0","","0","0","0","","",""
"080029","0002","0","211000","211500","212000","212500","213000","213500","214000","214500","215000","215500","210500","210000","209500","209000","208500","208000","207500","207000","206500","206000","860","1","11","301","1383","561","784","40","405","1093","53","214","222","40","121","96","2","136","53","702","5439","1639","0","0","0","0","0","-213500","5","-100.00","595","0","10","0","0","","0","0","0","","",""
"080029","0003","0","211000","211500","212000","212500","213000","213500","214000","214500","215000","215500","210500","210000","209500","209000","208500","208000","207500","207000","206500","206000","860","1","11","301","1383","561","784","40","405","1093","53","314","182","40","121","96","2","136","53","702","5439","1699","0","0","0","0","0","-213500","5","-100.00","595","0","60","0","0","","0","0","0","","",""
"080030","0000","0","211000","211500","212000","212500","213000","213500","214000","214500","215000","215500","210500","210000","209500","209000","208500","208000","207500","207000","206500","206000","860","1","11","301","1383","561","784","40","405","1093","52","324","182","40","121","96","2","136","53","703","5439","1709","0","0","0","0","0","-213500","5","-100.00","597","0","-2","0","0","","0","0","0","","",""
"080030","0001","0","211000","211500","212000","212500","213000","213500","214000","214500","215000","215500","210500","210000","209500","209000","208500","208000","207500","207000","206500","206000","858","1","11","301","1383","561","785","50","405","1093","52","324","182","40","121","97","2","136","53","703","5448","1710","0","0","0","0","0","-213500","5","-100.00","599","0","1","0","0","","0","0","0","","",""
"080030","0002","0","211500","212000","212500","213000","213500","214000","214500","215000","215500","216000","211000","210500","210000","209500","209000","208500","208000","207500","207000","206500","14","11","301","1383","561","785","50","405","1093","496","58","52","324","182","40","121","97","2","136","53","5099","1065","0","0","0","0","0","-213500","5","-100.00","1467","-10","0","0","0","","0","0","0","","",""
"080031","0000","0","211500","212000","212500","213000","213500","214000","214500","215000","215500","216000","211000","210500","210000","209500","209000","208500","208000","207500","207000","206500","14","11","301","1383","561","785","50","405","1093","496","57","52","324","183","40","121","97","2","136","53","5099","1065","0","0","0","0","0","-213500","5","-100.00","1468","0","0","0","0","","0","0","0","","",""
"080031","0001","0","211500","212000","212500","213000","213500","214000","214500","215000","215500","216000","211000","210500","210000","209500","209000","208500","208000","207500","207000","206500","14","11","301","1383","561","785","50","405","1093","496","62","52","324","183","42","121","97","2","136","53","5099","1072","0","0","0","0","0","-213500","5","-100.00","1468","0","5","0","0","","0","0","0","","",""
"080031","0002","0","211500","212000","212500","213000","213500","214000","214500","215000","215500","216000","211000","210500","210000","209500","209000","208500","208000","207500","207000","206500","14","11","301","1373","562","785","50","405","1093","496","62","52","324","183","42","121","97","2","136","53","5090","1072","0","0","0","0","0","-213500","5","-100.00","1468","-9","0","0","0","","0","0","0","","",""
"080031","0003","0","212000","212500","213000","213500","214000","214500","215000","215500","216000","216500","211000","210500","210000","209500","209000","208500","208000","207500","207000","206500","11","311","1363","562","785","50","405","1093","496","59","62","52","324","183","42","121","97","2","136","53","5135","1072","0","0","0","0","0","-213500","5","-100.00","1468","45","0","0","0","","0","0","0","","",""
"080031","0004","0","212000","212500","213000","213500","214000","214500","215000","215500","216000","216500","211000","210500","210000","209500","209000","208500","208000","207500","207000","206500","29","311","1363","562","785","50","405","1093","496","59","61","106","324","183","42","121","97","2","136","53","5153","1125","0","0","0","0","0","-213500","5","-100.00","1469","18","-1","0","0","","0","0","0","","",""
"080032","0000","0","212000","212500","213000","213500","214000","214500","215000","215500","216000","216500","211000","210500","210000","209500","209000","208500","208000","207500","207000","206500","29","311","1363","562","785","50","405","1093","496","59","60","106","324","183","42","121","97","2","136","53","5153","1124","0","0","0","0","0","-213500","5","-100.00","1470","0","-1","0","0","","0","0","0","","",""
"080032","0001","0","212000","212500","213000","213500","214000","214500","215000","215500","216000","216500","211000","210500","210000","209500","209000","208500","208000","207500","207000","206500","29","311","1363","562","785","50","405","1093","496","59","60","107","324","183","42","121","97","2","136","53","5153","1125","0","0","0","0","0","-213500","5","-100.00","1470","0","1","0","0","","0","0","0","","",""
"080032","0002","0","212000","212500","213000","213500","214000","214500","215000","215500","216000","216500","211000","210500","210000","209500","209000","208500","208000","207500","207000","206500","29","311","1363","562","785","50","405","1093","518","59","60","107","324","183","42","121","97","2","136","53","5175","1125","0","0","0","0","0","-213500","5","-100.00","1470","22","0","0","0","","0","0","0","","",""
"080032","0003","0","212000","212500","213000","213500","214000","214500","215000","215500","216000","216500","211000","210500","210000","209500","209000","208500","208000","207500","207000","206500","29","311","1463","562","785","50","405","1476","518","59","60","107","324","183","42","121","102","2","136","53","5658","1130","0","0","0","0","0","-213500","5","-100.00","1470","483","5","0","0","","0","0","0","","",""
"080033","0000","0","212000","212500","213000","213500","214000","214500","215000","215500","216000","216500","211000","210500","210000","209500","209000","208500","208000","207500","207000","206500","29","311","1463","562","785","50","405","1476","518","59","56","107","324","183","42","121","102","2","136","53","5658","1126","0","0","0","0","0","-213500","5","-100.00","1474","0","-4","0","0","","0","0","0","","",""
"080033","0001","0","212000","212500","213000","213500","214000","214500","215000","215500","216000","216500","211000","210500","210000","209500","209000","208500","208000","207500","207000","206500","29","311","1463","562","785","50","405","1476","518","59","68","107","324","183","47","121","102","2","136","48","5658","1138","0","0","0","0","0","-213500","5","-100.00","1474","0","0","0","0","","0","0","0","","",""
"080033","0002","0","212000","212500","213000","213500","214000","214500","215000","215500","216000","216500","211000","210500","210000","209500","209000","208500","208000","207500","207000","206500","29","311","1463","562","785","50","405","1476","518","59","68","107","319","183","47","121","102","2","136","48","5658","1133","0","0","0","0","0","-213500","5","-100.00","1474","0","-5","0","0","","0","0","0","","",""
"080033","0003","0","212000","212500","213000","213500","214000","214500","215000","215500","216000","216500","211000","210500","210000","209500","209000","208500","208000","207500","207000","206500","29","311","1463","562","785","50","405","1476","518","59","68","107","320","183","47","121","102","12","136","48","5658","1144","0","0","0","0","0","-213500","5","-100.00","1474","0","11","0","0","","0","0","0","","",""
"080034","0000","0","212000","212500","213000","213500","214000","214500","215000","215500","216000","216500","211000","210500","210000","209500","209000","208500","208000","207500","207000","206500","29","311","1463","562","785","50","405","1476","518","59","68","107","320","183","47","121","102","13","136","48","5658","1145","0","0","0","0","0","-213500","5","-100.00","1474","0","1","0","0","","0","0","0","","",""
"080034","0001","0","212000","212500","213000","213500","214000","214500","215000","215500","216000","216500","211000","210500","210000","209500","209000","208500","208000","207500","207000","206500","29","311","1464","562","785","50","405","1476","518","59","68","307","320","183","47","121","102","13","136","48","5659","1345","0","0","0","0","0","-213500","5","-100.00","1474","1","0","0","0","","0","0","0","","",""
"080034","0002","0","212000","212500","213000","213500","214000","214500","215000","215500","216000","216500","211000","210500","210000","209500","209000","208500","208000","207500","207000","206500","29","311","1503","562","786","50","405","1476","518","59","68","307","320","183","47","121","102","13","136","48","5699","1345","0","0","0","0","0","-213500","5","-100.00","1474","39","0","0","0","","0","0","0","","",""
"080034","0003","0","211000","212000","212500","213000","213500","214000","214500","215000","215500","216000","210500","210000","209500","209000","208500","208000","207500","207000","206500","206000","32","29","311","1503","562","786","50","405","1476","518","308","320","183","47","121","102","13","136","48","703","5672","1981","0","0","0","0","0","-213500","5","-100.00","1542","-27","636","0","0","","0","0","0","","",""
"080035","0000","0","211000","211500","212000","212500","213000","213500","214000","214500","215000","215500","210500","210000","209500","209000","208500","208000","207500","207000","206500","206000","82","1","29","311","1452","562","786","50","405","1476","308","320","183","47","121","102","15","136","48","703","5154","1983","0","0","0","0","0","-213500","5","-100.00","1542","-518","0","0","0","","0","0","0","","",""
"080035","0001","0","211000","211500","212000","212500","213000","213500","214000","214500","215000","215500","210500","210000","209500","209000","208500","208000","207500","207000","206500","206000","82","1","11","311","1452","562","786","50","405","1476","309","321","183","47","121","102","15","136","48","703","5136","1985","0","0","0","0","0","-213500","5","-100.00","1542","0","1","0","0","","0","0","0","","",""
"080035","0002","0","211000","211500","212000","212500","213000","213500","214000","214500","215000","215500","210500","210000","209500","209000","208500","208000","207500","207000","206500","206000","80","1","11","313","1452","562","786","50","405","1476","309","321","183","47","121","102","15","136","48","703","5136","1985","0","0","0","0","0","-213500","5","-100.00","1544","-2","0","0","0","","0","0","0","","",""
"080035","0003","0","211000","211500","212000","212500","213000","213500","214000","214500","215000","215500","210500","210000","209500","209000","208500","208000","207500","207000","206500","206000","80","1","11","313","1452","562","786","50","405","1476","309","323","183","47","121","102","15","136","48","703","5136","1987","0","0","0","0","0","-213500","5","-100.00","1544","0","1","0","0","","0","0","0","","",""
"080035","0004","0","211000","211500","212000","212500","213000","213500","214000","214500","215000","215500","210500","210000","209500","209000","208500","208000","207500","207000","206500","206000","80","1","11","285","1480","562","816","50","405","1476","309","323","183","47","131","102","15","136","48","703","5166","1997","0","0","0","0","0","-213500","5","-100.00","1544","30","0","0","0","","0","0","0","","",""
"080036","0000","0","211000","211500","212000","212500","213000","213500","214000","214500","215000","215500","210500","210000","209500","209000","208500","208000","207500","207000","206500","206000","79","1","11","285","1480","562","816","75","405","1476","309","323","188","47","131","107","15","141","48","703","5190","2012","0","0","0","0","0","-213500","5","-100.00","1545","25","0","0","0","","0","0","0","","",""
"080036","0001","0","211000","211500","212000","212500","213000","213500","214000","214500","215000","215500","210500","210000","209500","209000","208500","208000","207500","207000","206500","206000","79","1","11","285","1480","592","816","75","405","1476","309","323","188","47","131","107","15","141","48","703","5220","2012","0","0","0","0","0","-213500","5","-100.00","1550","25","0","0","0","","0","0","0","","",""
"080036","0002","0","211000","211500","212000","212500","213000","213500","214000","214500","215000","215500","210500","210000","209500","209000","208500","208000","207500","207000","206500","206000","79","1","11","285","1480","592","816","75","405","1476","311","323","188","47","131","107","15","141","48","703","5220","2014","0","0","0","0","0","-213500","5","-100.00","1550","0","2","0","0","","0","0","0","","",""
"080036","0003","0","211000","211500","212000","212500","213000","213500","214000","214500","215000","215500","210500","210000","209500","209000","208500","208000","207500","207000","206500","206000","83","1","11","285","1480","592","841","75","405","1476","311","333","188","47","131","107","15","141","48","704","5249","2025","0","0","0","0","0","-213500","5","-100.00","1550","0","1","0","0","","0","0","0","","",""
"080037","0000","0","211000","211500","212000","212500","213000","213500","214000","214500","215000","215500","210500","210000","209500","209000","208500","208000","207500","207000","206500","206000","88","1","11","285","1480","592","841","75","405","1476","309","333","188","47","131","107","15","141","48","704","5254","2023","0","0","0","0","0","-213500","5","-100.00","1557","5","-2","0","0","","0","0","0","","",""
"080037","0001","0","211000","211500","212000","212500","213000","213500","214000","214500","215000","215500","210500","210000","209500","209000","208500","208000","207500","207000","206500","206000","88","1","11","285","1480","592","841","75","405","1476","309","334","188","47","131","107","15","141","48","714","5254","2034","0","0","0","0","0","-213500","5","-100.00","1557","0","1","0","0","","0","0","0","","",""
"080037","0002","0","211000","211500","212000","212500","213000","213500","214000","214500","215000","215500","210500","210000","209500","209000","208500","208000","207500","207000","206500","206000","88","1","11","285","1481","592","841","75","405","1476","310","334","188","47","131","107","15","141","48","714","5255","2035","0","0","0","0","0","-213500","5","-100.00","1557","1","0","0","0","","0","0","0","","",""
"080037","0003","0","211000","211500","212000","212500","213000","213500","214000","214500","215000","215500","210500","210000","209500","209000","208500","208000","207500","207000","206500","206000","88","1","11","285","1481","593","841","75","405","1477","310","334","188","47","131","107","15","141","48","714","5257","2035","0","0","0","0","0","-213500","5","-100.00","1557","1","0","0","0","","0","0","0","","",""
"080037","0004","0","211000","211500","212000","212500","213000","213500","214000","214500","215000","215500","210500","210000","209500","209000","208500","208000","207500","207000","206500","206000","91","1","11","285","1481","593","841","75","405","1477","310","334","188","47","131","107","15","141","48","714","5260","2035","0","0","0","0","0","-213500","5","-100.00","1557","3","0","0","0","","0","0","0","","",""
"080038","0000","0","211000","211500","212000","212500","213000","213500","214000","214500","215000","215500","210500","210000","209500","209000","208500","208000","207500","207000","206500","206000","91","1","11","285","1481","593","842","76","405","1477","311","334","188","47","134","120","15","191","48","714","5262","2102","0","0","0","0","0","-213500","5","-100.00","1557","2","66","0","0","","0","0","0","","",""
"080038","0001","0","211000","211500","212000","212500","213000","213500","214000","214500","215000","215500","210500","210000","209500","209000","208500","208000","207500","207000","206500","206000","87","1","11","285","1481","593","842","76","405","1477","311","334","188","47","134","120","15","191","48","814","5258","2202","0","0","0","0","0","-213500","5","-100.00","1561","-4","0","0","0","","0","0","0","","",""
"080038","0002","0","211000","211500","212000","212500","213000","213500","214000","214500","215000","215500","210500","210000","209500","209000","208500","208000","207500","207000","206500","206000","92","1","11","285","1481","593","843","76","405","1477","311","336","189","47","134","120","15","193","51","814","5264","2210","0","0","0","0","0","-213500","5","-100.00","1561","6","2","0","0","","0","0","0","","",""
"080038","0003","0","211000","211500","212000","212500","213000","213500","214000","214500","215000","215500","210500","210000","209500","209000","208500","208000","207500","207000","206500","206000","92","1","11","285","1481","593","844","76","405","1477","312","336","189","47","136","120","15","193","51","842","5265","2241","0","0","0","0","0","-213500","5","-100.00","1561","1","6","0","0","","0","0","0","","",""
"080039","0000","0","211000","211500","212000","212500","213000","213500","214000","214500","215000","215500","210500","210000","209500","209000","208500","208000","207500","207000","206500","206000","86","2","11","285","1481","593","844","76","405","1477","312","336","189","47","136","120","15","193","51","842","5260","2241","0","0","0","0","0","-213500","5","-100.00","1567","-4","0","0","0","","0","0","0","","",""
"080039","0001","0","211000","211500","212000","212500","213000","213500","214000","214500","215000","215500","210500","210000","209500","209000","208500","208000","207500","207000","206500","206000","84","2","11","285","1481","595","844","76","405","1477","310","336","189","47","136","120","15","223","51","842","5260","2269","0","0","0","0","0","-213500","5","-100.00","1571","-2","30","0","0","","0","0","0","","",""
"080039","0002","0","211500","212000","212500","213000","213500","214000","214500","215000","215500","216000","210500","210000","209500","209000","208500","208000","207500","207000","206500","206000","20","11","285","1491","595","844","76","405","1477","519","310","436","189","47","136","120","15","223","51","842","5723","2369","0","0","0","0","0","-213500","5","-100.00","2073","455","0","0","0","","0","0","0","","",""
"080039","0003","0","211500","212000","212500","213000","213500","214000","214500","215000","215500","216000","210500","210000","209500","209000","208500","208000","207500","207000","206500","206000","34","11","285","1491","595","844","76","405","1477","519","276","436","189","47","136","120","15","223","56","842","5737","2340","0","0","0","0","0","-213500","5","-100.00","2158","14","1","0","0","","0","0","0","","",""
"080039","0004","0","211500","212000","212500","213000","213500","214000","214500","215000","215500","216000","210500","210000","209500","209000","208500","208000","207500","207000","206500","206000","34","11","285","1491","595","844","76","405","1477","519","276","436","189","47","136","320","15","223","56","842","5737","2540","0","0","0","0","0","-213500","5","-100.00","2158","0","200","0","0","","0","0","0","","",""
"080040","0000","0","211500","212000","212500","213000","213500","214000","214500","215000","215500","216000","210500","210000","209500","209000","208500","208000","207500","207000","206500","206000","34","11","285","1491","595","844","76","405","1477","519","277","436","189","47","136","321","15","223","56","842","5737","2542","0","0","0","0","0","-213500","5","-100.00","2158","0","2","0","0","","0","0","0","","",""
"080040","0001","0","211000","211500","212000","212500","213000","213500","214000","214500","215000","215500","210500","210000","209500","209000","208500","208000","207500","207000","206500","206000","1","34","11","285","1491","595","844","76","405","1477","257","436","189","48","136","321","15","223","56","842","5219","2523","0","0","0","0","0","-213500","5","-100.00","2178","0","-20","0","0","","0","0","0","","",""
"080040","0002","0","211000","211500","212000","212500","213000","213500","214000","214500","215000","215500","210500","210000","209500","209000","208500","208000","207500","207000","206500","206000","1","34","11","285","1491","595","844","76","405","1477","262","436","189","48","136","321","15","223","56","842","5219","2528","0","0","0","0","0","-213500","5","-100.00","2178","0","5","0","0","","0","0","0","","",""
"080041","0000","0","211000","211500","212000","212500","213000","213500","214000","214500","215000","215500","210500","210000","209500","209000","208500","208000","207500","207000","206500","206000","1","34","11","355","1491","595","844","76","405","1477","267","492","189","48","137","321","15","223","57","942","5289","2691","0","0","0","0","0","-213500","5","-100.00","2178","70","2","0","0","","0","0","0","","",""
"080041","0001","0","211000","211500","212000","212500","213000","213500","214000","214500","215000","215500","210500","210000","209500","209000","208500","208000","207500","207000","206500","206000","1","34","11","355","1490","595","844","76","405","1477","267","492","189","48","137","321","15","223","57","942","5288","2691","0","0","0","0","0","-213500","5","-100.00","2178","-1","0","0","0","","0","0","0","","",""
"080041","0002","0","211000","211500","212000","212500","213000","213500","214000","214500","215000","215500","210500","210000","209500","209000","208500","208000","207500","207000","206500","206000","1","34","11","355","1490","595","844","76","405","1478","227","492","189","48","137","321","15","223","57","942","5289","2651","0","0","0","0","0","-213500","5","-100.00","2218","1","-40","0","0","","0","0","0","","",""
"080041","0003","0","211000","211500","212000","212500","213000","213500","214000","214500","215000","215500","210500","210000","209500","209000","208500","208000","207500","207000","206500","206000","1","34","11","355","1490","595","844","76","405","1478","227","492","189","48","137","321","35","223","57","942","5289","2671","0","0","0","0","0","-213500","5","-100.00","2218","0","20","0","0","","0","0","0","","",""
"080041","0004","0","211000","211500","212000","212500","213000","213500","214000","214500","215000","215500","210500","210000","209500","209000","208500","208000","207500","207000","206500","206000","1","34","81","355","1490","595","844","76","407","1478","227","492","189","48","137","321","35","223","57","942","5361","2671","0","0","0","0","0","-213500","5","-100.00","2218","70","0","0","0","","0","0","0","","",""
"080042","0000","0","211000","211500","212000","212500","213000","213500","214000","214500","215000","215500","210500","210000","209500","209000","208500","208000","207500","207000","206500","206000","1","34","81","355","1490","595","844","76","407","1478","227","492","189","48","139","321","35","223","57","949","5361","2680","0","0","0","0","0","-213500","5","-100.00","2218","0","8","0","0","","0","0","0","","",""
"080042","0001","0","211000","211500","212000","212500","213000","213500","214000","214500","215000","215500","210500","210000","209500","209000","208500","208000","207500","207000","206500","206000","29","34","81","355","1490","595","844","76","407","1478","237","492","189","48","139","321","178","223","57","949","5389","2833","0","0","0","0","0","-213500","5","-100.00","2218","0","153","0","0","","0","0","0","","",""
"080042","0002","0","211000","211500","212000","212500","213000","213500","214000","214500","215000","215500","210500","210000","209500","209000","208500","208000","207500","207000","206500","206000","29","34","81","355","1490","595","844","76","407","1478","237","492","189","48","139","321","178","223","57","949","5389","2833","0","0","0","0","0","-213500","5","-100.00","2218","0","0","0","0","","0","0","0","","",""
"080042","0003","0","211000","211500","212000","212500","213000","213500","214000","214500","215000","215500","210500","210000","209500","209000","208500","208000","207500","207000","206500","206000","29","34","81","405","1490","595","844","76","407","1478","237","492","189","48","139","321","178","223","57","949","5439","2833","0","0","0","0","0","-213500","5","-100.00","2218","50","0","0","0","","0","0","0","","",""
"080042","0004","0","211000","211500","212000","212500","213000","213500","214000","214500","215000","215500","210500","210000","209500","209000","208500","208000","207500","207000","206500","206000","29","34","81","405","1490","595","844","76","407","1478","237","492","189","48","139","333","178","223","57","949","5439","2845","0","0","0","0","0","-213500","5","-100.00","2218","0","12","0","0","","0","0","0","","",""
"080043","0000","0","211000","211500","212000","212500","213000","213500","214000","214500","215000","215500","210500","210000","209500","209000","208500","208000","207500","207000","206500","206000","29","34","81","405","1557","595","844","76","407","1478","237","492","189","48","139","333","178","223","57","949","5506","2845","0","0","0","0","0","-213500","5","-100.00","2218","67","0","0","0","","0","0","0","","",""
"080043","0001","0","211000","211500","212000","212500","213000","213500","214000","214500","215000","215500","210500","210000","209500","209000","208500","208000","207500","207000","206500","206000","28","34","81","406","1557","595","844","76","407","1478","240","492","189","48","139","333","178","223","57","949","5506","2848","0","0","0","0","0","-213500","5","-100.00","2219","0","1","0","0","","0","0","0","","",""
"080043","0002","0","211000","211500","212000","212500","213000","213500","214000","214500","215000","215500","210500","210000","209500","209000","208500","208000","207500","207000","206500","206000","28","34","81","463","1500","595","844","76","407","1478","241","496","189","48","139","333","178","223","57","949","5506","2853","0","0","0","0","0","-213500","5","-100.00","2219","0","0","0","0","","0","0","0","","",""
"080043","0003","0","211000","211500","212000","212500","213000","213500","214000","214500","215000","215500","210500","210000","209500","209000","208500","208000","207500","207000","206500","206000","28","34","81","463","1500","595","845","76","407","1478","241","496","189","48","139","335","178","223","57","949","5507","2855","0","0","0","0","0","-213500","5","-100.00","2219","1","2","0","0","","0","0","0","","",""
"080044","0000","0","211000","211500","212000","212500","213000","213500","214000","214500","215000","215500","210500","210000","209500","209000","208500","208000","207500","207000","206500","206000","28","34","81","463","1500","595","845","76","407","1480","242","496","189","48","139","335","178","223","57","949","5509","2856","0","0","0","0","0","-213500","5","-100.00","2219","0","1","0","0","","0","0","0","","",""
"080044","0001","0","211000","211500","212000","212500","213000","213500","214000","214500","215000","215500","210500","210000","209500","209000","208500","208000","207500","207000","206500","206000","28","34","81","463","1500","689","845","76","407","1480","239","496","189","48","139","335","178","223","57","949","5603","2853","0","0","0","0","0","-213500","5","-100.00","2222","94","-3","0","0","","0","0","0","","",""
"080044","0002","0","211000","211500","212000","212500","213000","213500","214000","214500","215000","215500","210500","210000","209500","209000","208500","208000","207500","207000","206500","206000","28","34","80","464","1500","689","845","77","407","1480","239","496","189","48","139","335","178","223","57","949","5604","2853","0","0","0","0","0","-213500","5","-100.00","2222","0","0","0","0","","0","0","0","","",""
"080044","0003","0","211000","211500","212000","212500","213000","213500","214000","214500","215000","215500","210500","210000","209500","209000","208500","208000","207500","207000","206500","206000","28","34","90","464","1500","739","845","78","407","1482","239","496","189","53","144","335","178","223","57","949","5667","2863","0","0","0","0","0","-213500","5","-100.00","2222","0","10","0","0","","0","0","0","","",""
"080044","0004","0","211000","211500","212000","212500","213000","213500","214000","214500","215000","215500","210500","210000","209500","209000","208500","208000","207500","207000","206500","206000","28","34","90","464","1500","739","845","78","407","1482","240","496","189","53","144","335","178","223","57","949","5667","2864","0","0","0","0","0","-213500","5","-100.00","2222","0","1","0","0","","0","0","0","","",""
"080045","0000","0","211000","211500","212000","212500","213000","213500","214000","214500","215000","215500","210500","210000","209500","209000","208500","208000","207500","207000","206500","206000","27","34","90","464","1450","739","845","78","407","1484","240","496","189","55","144","335","178","223","57","949","5618","2866","0","0","0","0","0","-213500","5","-100.00","2223","1","2","0","0","","0","0","0","","",""
"080045","0001","0","211000","211500","212000","212500","213000","213500","214000","214500","215000","215500","210500","210000","209500","209000","208500","208000","207500","207000","206500","206000","27","34","90","464","1450","739","845","78","407","1484","241","497","189","55","144","335","178","226","57","949","5618","2871","0","0","0","0","0","-213500","5","-100.00","2223","0","5","0","0","","0","0","0","","",""
"080045","0002","0","211000","211500","212000","212500","213000","213500","214000","214500","215000","215500","210500","210000","209500","209000","208500","208000","207500","207000","206500","206000","27","34","90","464","1450","739","845","78","407","1484","242","497","189","55","144","335","178","226","57","1049","5618","2972","0","0","0","0","0","-213500","5","-100.00","2223","0","1","0","0","","0","0","0","","",""
"080045","0003","0","211000","211500","212000","212500","213000","213500","214000","214500","215000","215500","210500","210000","209500","209000","208500","208000","207500","207000","206500","206000","22","34","90","464","1450","739","845","78","407","1582","242","497","189","55","144","335","178","226","57","1049","5711","2972","0","0","0","0","0","-213500","5","-100.00","2228","-4","0","0","0","","0","0","0","","",""
"080045","0004","0","211000","211500","212000","212500","213000","213500","214000","214500","215000","215500","210500","210000","209500","209000","208500","208000","207500","207000","206500","206000","32","34","90","464","1450","739","845","78","407","1582","244","497","189","55","144","335","178","226","57","2659","5721","4584","0","0","0","0","0","-213500","5","-100.00","2228","0","1612","0","0","","0","0","0","","",""
"080046","0000","0","211000","211500","212000","212500","213000","213500","214000","214500","215000","215500","210500","210000","209500","209000","208500","208000","207500","207000","206500","206000","32","34","90","464","1450","739","845","78","407","1582","246","497","189","55","144","335","178","226","58","2659","5721","4587","0","0","0","0","0","-213500","5","-100.00","2228","0","1","0","0","","0","0","0","","",""
"080046","0001","0","211000","211500","212000","212500","213000","213500","214000","214500","215000","215500","210500","210000","209500","209000","208500","208000","207500","207000","206500","206000","32","34","90","464","1450","739","845","78","407","1582","256","497","189","55","145","335","178","226","58","2659","5721","4598","0","0","0","0","0","-213500","5","-100.00","2228","0","1","0","0","","0","0","0","","",""
"080046","0002","0","211000","211500","212000","212500","213000","213500","214000","214500","215000","215500","210500","210000","209500","209000","208500","208000","207500","207000","206500","206000","31","34","90","464","1450","739","845","78","407","1582","255","497","189","65","145","335","178","226","59","2659","5720","4608","0","0","0","0","0","-213500","5","-100.00","2230","-1","0","0","0","","0","0","0","","",""
"080046","0003","0","211000","211500","212000","212500","213000","213500","214000","214500","215000","215500","210500","210000","209500","209000","208500","208000","207500","207000","206500","206000","31","34","90","464","1450","739","845","78","407","1582","245","497","189","65","145","335","180","226","59","2659","5720","4600","0","0","0","0","0","-213500","5","-100.00","2240","0","-10","0","0","","0","0","0","","",""
"080046","0004","0","211000","211500","212000","212500","213000","213500","214000","214500","215000","215500","210500","210000","209500","209000","208500","208000","207500","207000","206500","206000","31","34","90","464","1450","739","845","78","407","1582","126","641","189","70","145","335","180","226","59","2662","5720","4633","0","0","0","0","0","-213500","5","-100.00","2240","0","3","0","0","","0","0","0","","",""
"080047","0000","0","211000","211500","212000","212500","213000","213500","214000","214500","215000","215500","210500","210000","209500","209000","208500","208000","207500","207000","206500","206000","26","34","90","464","1450","739","875","78","407","1601","127","641","189","70","145","335","180","226","59","2662","5764","4634","0","0","0","0","0","-213500","5","-100.00","2245","30","1","0","0","","0","0","0","","",""
"080047","0001","0","211000","211500","212000","212500","213000","213500","214000","214500","215000","215500","210500","210000","209500","209000","208500","208000","207500","207000","206500","206000","76","34","90","464","1450","739","875","78","407","1601","83","642","189","70","145","335","180","226","59","2662","5814","4591","0","0","0","0","0","-213500","5","-100.00","2289","0","-44","0","0","","0","0","0","","",""
"080047","0002","0","211000","211500","212000","212500","213000","213500","214000","214500","215000","215500","210500","210000","209500","209000","208500","208000","207500","207000","206500","206000","72","34","90","464","1450","739","875","78","407","1601","83","642","189","70","145","335","184","226","59","2664","5810","4597","0","0","0","0","0","-213500","5","-100.00","2293","0","6","0","0","","0","0","0","","",""
"080047","0003","0","211000","211500","212000","212500","213000","213500","214000","214500","215000","215500","210500","210000","209500","209000","208500","208000","207500","207000","206500","206000","72","34","90","464","1450","739","875","78","407","1601","83","642","189","71","145","335","184","229","59","2664","5810","4601","0","0","0","0","0","-213500","5","-100.00","2293","0","4","0","0","","0","0","0","","",""
"080047","0004","0","211000","211500","212000","212500","213000","213500","214000","214500","215000","215500","210500","210000","209500","209000","208500","208000","207500","207000","206500","206000","85","34","90","464","1450","739","875","78","407","1601","83","642","189","71","145","355","184","229","59","2664","5823","4621","0","0","0","0","0","-213500","5","-100.00","2293","13","20","0","0","","0","0","0","","",""
"080048","0000","0","211000","211500","212000","212500","213000","213500","214000","214500","215000","215500","210500","210000","209500","209000","208500","208000","207500","207000","206500","206000","185","34","90","464","1450","739","875","78","407","1601","83","642","189","71","145","355","184","229","59","2664","5923","4621","0","0","0","0","0","-213500","5","-100.00","2293","100","0","0","0","","0","0","0","","",""
"080048","0001","0","211000","211500","212000","212500","213000","213500","214000","214500","215000","215500","210000","209500","209000","208500","208000","207500","207000","206500","206000","205500","196","34","90","464","1450","739","875","78","407","1602","642","189","71","145","355","184","229","59","2665","261","5935","4800","0","0","0","0","0","-213500","5","-100.00","2377","-1","179","0","0","","0","0","0","","",""
"080048","0002","0","211000","211500","212000","212500","213000","213500","214000","214500","215000","215500","210000","209500","209000","208500","208000","207500","207000","206500","206000","205500","196","34","90","464","1450","739","875","78","407","1602","643","189","71","145","355","184","229","59","2665","261","5935","4801","0","0","0","0","0","-213500","5","-100.00","2377","0","1","0","0","","0","0","0","","",""
"080048","0003","0","211000","211500","212000","212500","213000","213500","214000","214500","215000","215500","210000","209500","209000","208500","208000","207500","207000","206500","206000","205500","266","34","90","394","1450","739","875","78","407","1602","643","189","71","145","355","184","229","59","2665","261","5935","4801","0","0","0","0","0","-213500","5","-100.00","2377","0","0","0","0","","0","0","0","","",""
"080049","0000","0","211000","211500","212000","212500","213000","213500","214000","214500","215000","215500","210000","209500","209000","208500","208000","207500","207000","206500","206000","205500","266","34","90","394","1450","739","875","78","407","1602","643","189","72","145","355","184","229","59","2665","261","5935","4802","0","0","0","0","0","-213500","5","-100.00","2377","0","1","0","0","","0","0","0","","",""
"080049","0001","0","211000","211500","212000","212500","213000","213500","214000","214500","215000","215500","210000","209500","209000","208500","208000","207500","207000","206500","206000","205500","266","34","90","394","1450","739","875","78","407","1602","643","189","72","145","355","184","231","59","2665","261","5935","4804","0","0","0","0","0","-213500","5","-100.00","2397","0","0","0","0","","0","0","0","","",""
"080049","0002","0","210500","211000","211500","212000","212500","213000","213500","214000","214500","215000","210000","209500","209000","208500","208000","207500","207000","206500","206000","205500","63","266","16","90","394","1450","739","875","78","407","16","189","72","145","355","184","231","59","2665","261","4378","4177","0","0","0","0","0","-213500","5","-100.00","3034","-1557","-627","0","0","","0","0","0","","",""
"080049","0003","0","210500","211000","211500","212000","212500","213000","213500","214000","214500","215000","210000","209500","209000","208500","208000","207500","207000","206500","206000","205500","63","280","16","90","394","1450","739","875","78","407","16","189","72","145","355","184","231","59","2665","261","4392","4177","0","0","0","0","0","-213500","5","-100.00","3034","5","0","0","0","","0","0","0","","",""
"080049","0004","0","210500","211000","211500","212000","212500","213000","213500","214000","214500","215000","210000","209500","209000","208500","208000","207500","207000","206500","206000","205500","63","280","16","90","394","1450","739","875","78","407","16","189","73","145","355","184","231","59","2665","261","4392","4178","0","0","0","0","0","-213500","5","-100.00","3034","0","1","0","0","","0","0","0","","",""
"080050","0000","0","210500","211000","211500","212000","212500","213000","213500","214000","214500","215000","210000","209500","209000","208500","208000","207500","207000","206500","206000","205500","81","285","16","90","394","1450","739","875","79","407","18","189","73","145","355","184","231","59","2665","261","4416","4180","0","0","0","0","0","-213500","5","-100.00","3034","0","1","0","0","","0","0","0","","",""
"080050","0001","0","210500","211000","211500","212000","212500","213000","213500","214000","214500","215000","210000","209500","209000","208500","208000","207500","207000","206500","206000","205500","80","285","16","90","394","1450","739","875","79","407","18","189","73","145","355","184","231","59","2665","261","4415","4180","0","0","0","0","0","-213500","5","-100.00","3035","-1","0","0","0","","0","0","0","","",""
"080050","0002","0","210500","211000","211500","212000","212500","213000","213500","214000","214500","215000","210000","209500","209000","208500","208000","207500","207000","206500","206000","205500","80","335","16","90","394","1450","739","875","79","407","18","189","73","145","355","184","251","59","2665","261","4465","4200","0","0","0","0","0","-213500","5","-100.00","3035","50","20","0","0","","0","0","0","","",""
"080050","0003","0","210500","211000","211500","212000","212500","213000","213500","214000","214500","215000","210000","209500","209000","208500","208000","207500","207000","206500","206000","205500","79","335","16","90","394","1450","739","875","79","407","18","189","73","145","355","184","251","59","2665","261","4464","4200","0","0","0","0","0","-213500","5","-100.00","3036","-1","0","0","0","","0","0","0","","",""
"080051","0000","0","210500","211000","211500","212000","212500","213000","213500","214000","214500","215000","210000","209500","209000","208500","208000","207500","207000","206500","206000","205500","69","335","16","90","394","1450","739","875","79","407","19","189","73","146","355","184","251","60","2665","261","4454","4203","0","0","0","0","0","-213500","5","-100.00","3046","0","2","0","0","","0","0","0","","",""
"080051","0001","0","210500","211000","211500","212000","212500","213000","213500","214000","214500","215000","210000","209500","209000","208500","208000","207500","207000","206500","206000","205500","64","337","16","90","394","1450","739","875","79","407","19","189","73","146","355","184","251","60","2665","261","4451","4203","0","0","0","0","0","-213500","5","-100.00","3051","-5","0","0","0","","0","0","0","","",""
"080051","0002","0","210500","211000","211500","212000","212500","213000","213500","214000","214500","215000","210000","209500","209000","208500","208000","207500","207000","206500","206000","205500","64","337","16","90","394","1450","739","875","79","407","19","189","73","146","355","186","251","60","2665","261","4451","4205","0","0","0","0","0","-213500","5","-100.00","3051","0","2","0","0","","0","0","0","","",""
"080051","0003","0","210500","211000","211500","212000","212500","213000","213500","214000","214500","215000","210000","209500","209000","208500","208000","207500","207000","206500","206000","205500","18","337","16","90","394","1450","739","875","79","407","18","190","73","146","356","186","251","60","2665","261","4405","4206","0","0","0","0","0","-213500","5","-100.00","3097","-46","0","0","0","","0","0","0","","",""
"080051","0004","0","210500","211000","211500","212000","212500","213000","213500","214000","214500","215000","210000","209500","209000","208500","208000","207500","207000","206500","206000","205500","18","337","16","90","394","1450","739","775","79","407","18","190","73","146","356","186","251","62","2665","261","4305","4208","0","0","0","0","0","-213500","5","-100.00","3097","-100","2","0","0","","0","0","0","","",""
"080052","0000","0","210500","211000","211500","212000","212500","213000","213500","214000","214500","215000","210000","209500","209000","208500","208000","207500","207000","206500","206000","205500","18","347","16","90","394","1450","739","775","79","407","23","190","73","146","356","186","251","63","2665","261","4315","4214","0","0","0","0","0","-213500","5","-100.00","3097","10","5","0","0","","0","0","0","","",""
"080052","0001","0","210500","211000","211500","212000","212500","213000","213500","214000","214500","215000","210000","209500","209000","208500","208000","207500","207000","206500","206000","205500","18","347","17","90","394","1450","739","775","80","407","25","190","73","146","356","186","251","63","2665","261","4317","4216","0","0","0","0","0","-213500","5","-100.00","3097","2","0","0","0","","0","0","0","","",""
"080052","0002","0","210500","211000","211500","212000","212500","213000","213500","214000","214500","215000","210000","209500","209000","208500","208000","207500","207000","206500","206000","205500","21","347","17","90","394","1450","739","775","80","407","20","190","73","146","356","186","251","63","2665","261","4320","4211","0","0","0","0","0","-213500","5","-100.00","3102","3","-5","0","0","","0","0","0","","",""
"080053","0000","0","210500","211000","211500","212000","212500","213000","213500","214000","214500","215000","210000","209500","209000","208500","208000","207500","207000","206500","206000","205500","21","347","17","90","394","1450","739","775","80","407","20","190","73","146","356","186","251","64","2665","271","4320","4222","0","0","0","0","0","-213500","5","-100.00","3102","0","11","0","0","","0","0","0","","",""
"080053","0001","0","210500","211000","211500","212000","212500","213000","213500","214000","214500","215000","210000","209500","209000","208500","208000","207500","207000","206500","206000","205500","21","347","17","90","394","1450","739","775","80","407","74","190","73","147","356","186","251","64","2665","271","4320","4277","0","0","0","0","0","-213500","5","-100.00","3102","0","1","0","0","","0","0","0","","",""
"080053","0002","0","210500","211000","211500","212000","212500","213000","213500","214000","214500","215000","210000","209500","209000","208500","208000","207500","207000","206500","206000","205500","21","347","17","90","394","1450","744","775","80","407","74","190","73","147","356","186","252","64","2667","271","4325","4280","0","0","0","0","0","-213500","5","-100.00","3102","0","1","0","0","","0","0","0","","",""
"080053","0003","0","210500","211000","211500","212000","212500","213000","213500","214000","214500","215000","210000","209500","209000","208500","208000","207500","207000","206500","206000","205500","21","357","17","90","394","1450","745","775","80","407","74","190","73","147","356","186","252","64","2667","271","4336","4280","0","0","0","0","0","-213500","5","-100.00","3102","10","0","0","0","","0","0","0","","",""
"080054","0000","0","210500","211000","211500","212000","212500","213000","213500","214000","214500","215000","210000","209500","209000","208500","208000","207500","207000","206500","206000","205500","63","367","17","90","394","1450","745","775","80","407","74","190","78","147","356","186","252","64","2667","271","4388","4285","0","0","0","0","0","-213500","5","-100.00","3102","22","0","0","0","","0","0","0","","",""
"080054","0001","0","210500","211000","211500","212000","212500","213000","213500","214000","214500","215000","210000","209500","209000","208500","208000","207500","207000","206500","206000","205500","63","367","17","90","394","1450","745","775","80","407","84","180","78","147","356","187","252","65","2667","272","4388","4288","0","0","0","0","0","-213500","5","-100.00","3102","0","1","0","0","","0","0","0","","",""
"080054","0002","0","210500","211000","211500","212000","212500","213000","213500","214000","214500","215000","210000","209500","209000","208500","208000","207500","207000","206500","206000","205500","63","367","17","90","394","1450","745","775","80","407","84","180","78","147","356","217","252","65","2667","272","4388","4318","0","0","0","0","0","-213500","5","-100.00","3102","0","30","0","0","","0","0","0","","",""
"080055","0000","0","210500","211000","211500","212000","212500","213000","213500","214000","214500","215000","210000","209500","209000","208500","208000","207500","207000","206500","206000","205500","118","367","17","90","394","1450","745","775","80","407","85","180","68","147","356","217","262","65","2667","272","4443","4319","0","0","0","0","0","-213500","5","-100.00","3102","55","1","0","0","","0","0","0","","",""
"080055","0001","0","210500","211000","211500","212000","212500","213000","213500","214000","214500","215000","210000","209500","209000","208500","208000","207500","207000","206500","206000","205500","118","367","17","90","394","1450","1145","775","80","407","85","181","68","147","357","217","262","65","2667","272","4843","4321","0","0","0","0","0","-213500","5","-100.00","3102","400","1","0","0","","0","0","0","","",""
"080055","0002","0","210500","211000","211500","212000","212500","213000","213500","214000","214500","215000","210000","209500","209000","208500","208000","207500","207000","206500","206000","205500","118","367","17","90","394","1450","1145","775","80","407","99","181","68","147","362","217","262","65","2667","272","4843","4340","0","0","0","0","0","-213500","5","-100.00","3102","0","19","0","0","","0","0","0","","",""
"080055","0003","0","210500","211000","211500","212000","212500","213000","213500","214000","214500","215000","210000","209500","209000","208500","208000","207500","207000","206500","206000","205500","118","367","17","90","394","1450","1145","775","80","407","109","181","68","147","362","217","262","65","2667","274","4843","4352","0","0","0","0","0","-213500","5","-100.00","3102","0","10","0","0","","0","0","0","","",""
"080055","0004","0","210500","211000","211500","212000","212500","213000","213500","214000","214500","215000","210000","209500","209000","208500","208000","207500","207000","206500","206000","205500","118","367","17","90","394","1450","1145","775","80","407","109","181","68","147","363","217","262","65","2667","274","4843","4353","0","0","0","0","0","-213500","5","-100.00","3102","0","1","0","0","","0","0","0","","",""
"080056","0000","0","210500","211000","211500","212000","212500","213000","213500","214000","214500","215000","210000","209500","209000","208500","208000","207500","207000","206500","206000","205500","116","367","17","90","394","1450","1145","775","80","407","106","180","69","147","364","217","262","65","2667","274","4841","4351","0","0","0","0","0","-213500","5","-100.00","3108","0","0","0","0","","0","0","0","","",""
"080056","0001","0","210500","211000","211500","212000","212500","213000","213500","214000","214500","215000","210000","209500","209000","208500","208000","207500","207000","206500","206000","205500","116","367","17","90","394","1450","1175","775","80","407","106","180","74","147","364","217","262","65","2667","274","4871","4356","0","0","0","0","0","-213500","5","-100.00","3108","30","0","0","0","","0","0","0","","",""
"080056","0002","0","210500","211000","211500","212000","212500","213000","213500","214000","214500","215000","210000","209500","209000","208500","208000","207500","207000","206500","206000","205500","154","376","17","90","394","1450","2175","775","80","407","113","180","74","147","364","217","262","65","2667","274","5918","4363","0","0","0","0","0","-213500","5","-100.00","3120","0","2","0","0","","0","0","0","","",""
"080056","0003","0","210500","211000","211500","212000","212500","213000","213500","214000","214500","215000","210000","209500","209000","208500","208000","207500","207000","206500","206000","205500","154","376","17","90","394","1450","2175","775","80","407","113","180","74","147","364","217","262","101","2668","274","5918","4400","0","0","0","0","0","-213500","5","-100.00","3120","0","1","0","0","","0","0","0","","",""
"080056","0004","0","210500","211000","211500","212000","212500","213000","213500","214000","214500","215000","210000","209500","209000","208500","208000","207500","207000","206500","206000","205500","154","376","17","90","394","1450","2175","775","80","407","116","180","74","147","369","217","262","101","2643","274","5918","4383","0","0","0","0","0","-213500","5","-100.00","3120","0","8","0","0","","0","0","0","","",""
"080057","0000","0","210500","211000","211500","212000","212500","213000","213500","214000","214500","215000","210000","209500","209000","208500","208000","207500","207000","206500","206000","205500","154","376","17","90","394","1450","2175","775","80","407","217","180","74","147","369","217","262","101","2643","274","5918","4484","0","0","0","0","0","-213500","5","-100.00","3120","0","15","0","0","","0","0","0","","",""
"080057","0001","0","210500","211000","211500","212000","212500","213000","213500","214000","214500","215000","210000","209500","209000","208500","208000","207500","207000","206500","206000","205500","154","377","17","90","394","1450","2175","775","80","407","217","180","74","147","369","217","262","101","2643","274","5919","4484","0","0","0","0","0","-213500","5","-100.00","3120","1","0","0","0","","0","0","0","","",""
"080057","0002","0","210500","211000","211500","212000","212500","213000","213500","214000","214500","215000","210000","209500","209000","208500","208000","207500","207000","206500","206000","205500","154","377","17","90","394","1426","2175","775","80","407","193","180","74","147","369","217","262","101","2643","274","5895","4460","0","0","0","0","0","-213500","5","-100.00","3144","-24","-24","0","0","","0","0","0","","",""
"080057","0003","0","210500","211000","211500","212000","212500","213000","213500","214000","214500","215000","210000","209500","209000","208500","208000","207500","207000","206500","206000","205500","154","377","17","90","394","1426","2175","775","80","407","203","180","74","147","369","217","262","101","2643","274","5895","4470","0","0","0","0","0","-213500","5","-100.00","3144","0","10","0","0","","0","0","0","","",""
"080058","0000","0","210500","211000","211500","212000","212500","213000","213500","214000","214500","215000","210000","209500","209000","208500","208000","207500","207000","206500","206000","205500","154","377","17","90","394","1426","2175","775","80","407","204","180","74","147","433","217","262","101","2643","274","5895","4535","0","0","0","0","0","-213500","5","-100.00","3144","0","65","0","0","","0","0","0","","",""
