"time","millisec","HOUR_CLS_CODE","ASKP1","ASKP2","ASKP3","ASKP4","ASKP5","ASKP6","ASKP7","ASKP8","ASKP9","ASKP10","BIDP1","BIDP2","BIDP3","BIDP4","BIDP5","BIDP6","BIDP7","BIDP8","BIDP9","BIDP10","ASKP_RSQN1","ASKP_RSQN2","ASKP_RSQN3","ASKP_RSQN4","ASKP_RSQN5","ASKP_RSQN6","ASKP_RSQN7","ASKP_RSQN8","ASKP_RSQN9","ASKP_RSQN10","BIDP_RSQN1","BIDP_RSQN2","BIDP_RSQN3","BIDP_RSQN4","BIDP_RSQN5","BIDP_RSQN6","BIDP_RSQN7","BIDP_RSQN8","BIDP_RSQN9","BIDP_RSQN10","TOTAL_ASKP_RSQN","TOTAL_BIDP_RSQN","OVTM_TOTAL_ASKP_RSQN","OVTM_TOTAL_BIDP_RSQN","ANTC_CNPR","ANTC_CNQN","ANTC_VOL","ANTC_CNTG_VRSS","ANTC_CNTG_VRSS_SIGN","ANTC_CNTG_PRDY_CTRT","ACML_VOL","TOTAL_ASKP_RSQN_ICDC","TOTAL_BIDP_RSQN_ICDC","OVTM_TOTAL_ASKP_ICDC","OVTM_TOTAL_BIDP_ICDC","STCK_DEAL_CLS_CODE","KMID_PRC","KMID_TOTAL_RSQN","KMID_CLS_CODE","NMID_PRC","NMID_TOTAL_RSQN","NMID_CLS_CODE"
"080000","0000","0","666000","677000","790000","0","0","0","0","0","0","0","652000","651000","631000","0","0","0","0","0","0","0","20","4","12","0","0","0","0","0","0","0","6","2","30","0","0","0","0","0","0","0","36","38","0","0","0","0","0","-668000","5","-100.00","0","0","0","0","0","","0","0","0","","",""
"080000","0001","0","666000","677000","679000","701000","745000","768000","777000","790000","0","0","654000","652000","651000","642000","633000","631000","621000","613000","535000","520000","20","4","3","2","5","45","1","12","0","0","45","6","2","46","1","40","1","1","20","5","92","167","0","0","0","0","0","-668000","5","-100.00","0","56","129","0","0","","0","0","0","","",""
"080001","0000","0","666000","670000","672000","675000","677000","678000","679000","680000","688000","689000","664000","661000","656000","654000","652000","651000","650000","648000","646000","642000","29","14","2","5","4","22","3","2","20","115","3","7","7","45","6","13","25","1","7","46","216","160","0","0","0","0","0","-668000","5","-100.00","5","124","-7","0","0","","0","0","0","","",""
"080001","0001","0","666000","667000","670000","672000","675000","677000","678000","679000","680000","685000","664000","661000","658000","656000","655000","654000","652000","651000","650000","648000","43","20","14","2","5","4","22","3","2","2","3","7","1","7","1","46","6","15","25","1","117","112","0","0","0","0","0","-668000","5","-100.00","6","-99","-48","0","0","","0","0","0","","",""
"080002","0000","0","666000","667000","670000","672000","675000","677000","678000","679000","680000","685000","664000","661000","658000","656000","655000","654000","652000","651000","650000","648000","32","20","14","2","5","4","22","3","2","2","3","7","1","7","1","46","6","75","25","1","106","172","0","0","0","0","0","-668000","5","-100.00","17","-11","60","0","0","","0","0","0","","",""
"080002","0001","0","666000","667000","670000","672000","675000","677000","678000","679000","680000","685000","664000","661000","658000","656000","655000","654000","652000","651000","650000","648000","27","20","14","2","16","4","22","3","2","2","3","7","1","7","1","46","6","75","30","1","112","177","0","0","0","0","0","-668000","5","-100.00","22","6","5","0","0","","0","0","0","","",""
"080002","0002","0","666000","667000","668000","670000","672000","675000","677000","678000","679000","680000","664000","661000","658000","656000","655000","654000","652000","651000","650000","648000","27","20","2","14","2","16","4","22","3","2","3","7","1","7","1","46","6","75","30","1","112","177","0","0","0","0","0","-668000","5","-100.00","22","0","0","0","0","","0","0","0","","",""
"080003","0000","0","663000","666000","667000","668000","670000","672000","675000","677000","678000","679000","661000","658000","656000","655000","654000","652000","651000","650000","648000","647000","47","27","20","9","14","2","16","5","22","6","6","1","7","1","76","6","75","30","1","1","168","204","0","0","0","0","0","-668000","5","-100.00","26","56","27","0","0","","0","0","0","","",""
"080003","0001","0","663000","666000","667000","668000","670000","672000","675000","677000","678000","679000","661000","658000","656000","655000","654000","652000","651000","650000","648000","647000","47","27","20","9","14","2","16","5","22","6","6","1","7","1","76","6","75","30","1","2","168","205","0","0","0","0","0","-668000","5","-100.00","26","0","1","0","0","","0","0","0","","",""
"080003","0002","0","663000","666000","667000","668000","670000","672000","673000","675000","677000","678000","661000","658000","656000","655000","654000","652000","651000","650000","648000","647000","47","27","20","9","14","2","10","16","5","22","6","1","7","1","76","6","75","30","1","2","172","205","0","0","0","0","0","-668000","5","-100.00","26","4","0","0","0","","0","0","0","","",""
"080004","0000","0","663000","666000","667000","668000","670000","672000","673000","675000","677000","678000","661000","658000","656000","655000","654000","652000","651000","650000","648000","647000","47","27","20","9","14","2","10","16","5","22","6","1","7","1","76","6","75","30","1","2","172","205","0","0","0","0","0","-668000","5","-100.00","26","0","0","0","0","","0","0","0","","",""
"080004","0001","0","663000","666000","667000","668000","670000","672000","673000","675000","677000","678000","661000","658000","656000","655000","654000","652000","651000","650000","648000","647000","47","27","20","9","14","2","10","16","5","22","11","1","7","1","76","6","75","30","1","2","172","210","0","0","0","0","0","-668000","5","-100.00","26","0","5","0","0","","0","0","0","","",""
"080004","0002","0","663000","666000","667000","668000","670000","672000","673000","675000","677000","678000","661000","658000","656000","655000","654000","652000","651000","650000","648000","647000","47","27","20","9","14","2","10","16","5","22","9","1","7","3","76","6","75","30","1","2","172","210","0","0","0","0","0","-668000","5","-100.00","28","0","0","0","0","","0","0","0","","",""
"080004","0003","0","663000","666000","667000","668000","670000","672000","673000","675000","677000","678000","661000","658000","657000","656000","655000","654000","652000","651000","650000","648000","47","27","20","9","14","2","10","16","5","22","9","1","67","7","3","76","6","75","30","1","172","275","0","0","0","0","0","-668000","5","-100.00","28","0","65","0","0","","0","0","0","","",""
"080005","0000","0","663000","666000","667000","668000","670000","671000","672000","673000","675000","677000","661000","658000","657000","656000","655000","654000","652000","651000","650000","648000","47","27","20","9","14","3","2","10","16","5","9","1","67","7","3","76","6","75","30","1","153","275","0","0","0","0","0","-668000","5","-100.00","28","-19","0","0","0","","0","0","0","","",""
"080005","0001","0","663000","666000","667000","668000","670000","671000","672000","673000","675000","677000","661000","658000","657000","656000","655000","654000","652000","651000","650000","648000","47","27","20","9","14","3","2","11","16","5","9","1","67","7","2","76","6","75","30","1","154","274","0","0","0","0","0","-668000","5","-100.00","28","1","0","0","0","","0","0","0","","",""
"080005","0002","0","663000","666000","667000","668000","670000","671000","672000","673000","675000","677000","661000","658000","657000","656000","655000","654000","652000","651000","650000","648000","47","27","20","11","14","3","2","11","16","5","9","1","67","7","2","76","6","75","30","1","156","274","0","0","0","0","0","-668000","5","-100.00","28","1","0","0","0","","0","0","0","","",""
"080005","0003","0","663000","666000","667000","668000","670000","671000","672000","673000","675000","677000","661000","658000","657000","656000","655000","654000","652000","651000","650000","648000","47","27","20","11","14","3","2","11","16","5","9","3","67","7","2","76","6","75","30","1","156","276","0","0","0","0","0","-668000","5","-100.00","28","0","2","0","0","","0","0","0","","",""
"080006","0000","0","663000","666000","667000","668000","670000","671000","672000","673000","675000","677000","661000","658000","657000","656000","655000","654000","652000","651000","650000","648000","46","27","20","11","14","3","2","11","16","5","9","3","67","7","2","76","6","75","30","1","155","276","0","0","0","0","0","-668000","5","-100.00","29","-1","0","0","0","","0","0","0","","",""
"080006","0001","0","663000","666000","667000","668000","670000","671000","672000","673000","675000","677000","661000","658000","657000","656000","655000","654000","652000","651000","650000","648000","46","27","20","11","14","3","2","11","16","5","9","3","67","7","2","76","6","75","74","1","155","320","0","0","0","0","0","-668000","5","-100.00","29","0","44","0","0","","0","0","0","","",""
"080006","0002","0","663000","666000","667000","668000","670000","671000","672000","673000","675000","677000","661000","658000","657000","656000","655000","654000","652000","651000","650000","648000","46","27","20","11","14","3","2","16","16","5","9","3","67","7","2","77","6","75","74","1","160","321","0","0","0","0","0","-668000","5","-100.00","29","5","0","0","0","","0","0","0","","",""
"080006","0003","0","663000","666000","667000","668000","670000","671000","672000","673000","675000","677000","661000","658000","657000","656000","655000","654000","652000","651000","650000","648000","46","27","20","11","15","3","2","16","16","5","9","3","67","7","2","77","6","75","74","1","161","321","0","0","0","0","0","-668000","5","-100.00","29","1","0","0","0","","0","0","0","","",""
"080006","0004","0","663000","666000","667000","668000","670000","671000","672000","673000","675000","677000","661000","658000","657000","656000","655000","654000","652000","651000","650000","648000","46","27","20","12","15","3","2","16","16","5","9","3","67","7","2","77","6","75","74","1","162","321","0","0","0","0","0","-668000","5","-100.00","29","1","0","0","0","","0","0","0","","",""
"080007","0000","0","661000","663000","666000","667000","668000","670000","671000","672000","673000","675000","658000","657000","656000","655000","654000","652000","651000","650000","648000","647000","16","46","27","20","12","15","3","2","16","16","3","67","7","2","77","6","75","74","1","3","173","315","0","0","0","0","0","-668000","5","-100.00","38","11","-6","0","0","","0","0","0","","",""
"080007","0001","0","663000","666000","667000","668000","670000","671000","672000","673000","675000","677000","658000","657000","656000","655000","654000","652000","651000","650000","648000","647000","12","27","20","12","15","3","2","16","16","5","3","67","7","2","77","6","75","74","1","3","128","315","0","0","0","0","0","-668000","5","-100.00","88","-45","0","0","0","","0","0","0","","",""
"080007","0002","0","663000","666000","667000","668000","670000","671000","672000","673000","675000","677000","658000","657000","656000","655000","654000","652000","651000","650000","648000","647000","9","27","20","12","15","3","2","16","16","5","3","67","7","2","77","6","75","74","1","3","125","315","0","0","0","0","0","-668000","5","-100.00","91","-3","0","0","0","","0","0","0","","",""
"080008","0000","0","660000","663000","666000","667000","668000","670000","671000","672000","673000","675000","658000","657000","656000","655000","654000","652000","651000","650000","648000","647000","24","9","27","20","12","15","3","52","16","16","3","67","7","2","77","6","77","74","1","5","194","319","0","0","0","0","0","-668000","5","-100.00","91","0","2","0","0","","0","0","0","","",""
"080008","0001","0","660000","663000","666000","667000","668000","670000","671000","672000","673000","675000","658000","657000","656000","655000","654000","652000","651000","650000","648000","647000","24","9","27","20","12","15","3","52","16","16","3","67","7","2","77","6","77","74","1","6","194","320","0","0","0","0","0","-668000","5","-100.00","91","0","1","0","0","","0","0","0","","",""
"080008","0002","0","660000","663000","666000","667000","668000","670000","671000","672000","673000","675000","658000","657000","656000","655000","654000","652000","651000","650000","648000","647000","19","9","27","20","12","15","3","52","16","16","3","67","7","2","77","6","77","74","1","6","189","320","0","0","0","0","0","-668000","5","-100.00","96","-5","0","0","0","","0","0","0","","",""
"080008","0003","0","660000","663000","666000","667000","668000","670000","671000","672000","673000","675000","658000","657000","656000","655000","654000","652000","651000","650000","648000","647000","19","9","27","20","12","15","3","52","16","16","3","67","7","2","77","6","82","74","1","6","189","325","0","0","0","0","0","-668000","5","-100.00","96","0","5","0","0","","0","0","0","","",""
"080009","0000","0","663000","666000","667000","668000","670000","671000","672000","673000","675000","677000","658000","657000","656000","655000","654000","652000","651000","650000","648000","647000","9","27","20","62","15","3","52","16","16","5","1","67","7","2","77","6","82","74","1","6","225","323","0","0","0","0","0","-668000","5","-100.00","115","36","-2","0","0","","0","0","0","","",""
"080009","0001","0","663000","666000","667000","668000","670000","671000","672000","673000","675000","677000","657000","656000","655000","654000","652000","651000","650000","648000","647000","646000","9","27","20","62","15","3","52","16","16","5","67","7","2","78","6","82","74","1","6","17","225","340","0","0","0","0","0","-668000","5","-100.00","118","0","17","0","0","","0","0","0","","",""
"080009","0002","0","663000","666000","667000","668000","670000","671000","672000","673000","675000","677000","657000","656000","655000","654000","652000","651000","650000","648000","647000","646000","3","27","20","62","15","3","52","16","16","5","67","7","2","78","6","82","74","1","6","17","219","340","0","0","0","0","0","-668000","5","-100.00","124","-6","0","0","0","","0","0","0","","",""
"080009","0003","0","663000","666000","667000","668000","670000","671000","672000","673000","675000","677000","658000","657000","656000","655000","654000","652000","651000","650000","648000","647000","3","27","20","62","15","3","52","16","16","5","3","67","7","2","78","6","82","74","1","6","219","326","0","0","0","0","0","-668000","5","-100.00","124","0","-14","0","0","","0","0","0","","",""
"080010","0000","0","666000","667000","668000","670000","671000","672000","673000","675000","677000","678000","663000","658000","657000","656000","655000","654000","652000","651000","650000","648000","27","20","62","15","3","52","16","16","5","23","1","10","67","7","2","78","6","82","74","1","239","328","0","0","0","0","0","-668000","5","-100.00","138","20","2","0","0","","0","0","0","","",""
"080010","0001","0","666000","667000","668000","670000","671000","672000","673000","675000","677000","678000","663000","659000","658000","657000","656000","655000","654000","652000","651000","650000","25","20","62","15","3","52","16","16","5","23","2","3","10","67","7","2","78","6","82","74","237","331","0","0","0","0","0","-668000","5","-100.00","138","0","2","0","0","","0","0","0","","",""
"080011","0000","0","666000","667000","668000","670000","671000","672000","673000","675000","677000","678000","663000","659000","658000","657000","656000","655000","654000","652000","651000","650000","25","20","63","1","3","52","16","16","5","23","2","3","10","67","7","2","78","6","82","74","224","331","0","0","0","0","0","-668000","5","-100.00","138","-14","0","0","0","","0","0","0","","",""
"080012","0000","0","666000","667000","668000","670000","671000","672000","673000","675000","677000","678000","663000","659000","658000","657000","656000","655000","654000","652000","651000","650000","25","20","63","1","3","52","17","16","5","23","2","3","10","67","7","2","78","6","82","74","225","331","0","0","0","0","0","-668000","5","-100.00","138","1","0","0","0","","0","0","0","","",""
"080012","0001","0","666000","667000","668000","670000","671000","672000","673000","675000","677000","678000","663000","659000","658000","657000","656000","655000","654000","652000","651000","650000","25","20","63","10","3","52","17","16","5","23","2","3","10","67","7","2","78","6","82","74","234","331","0","0","0","0","0","-668000","5","-100.00","138","9","0","0","0","","0","0","0","","",""
"080012","0002","0","663000","666000","667000","668000","670000","671000","672000","673000","675000","677000","659000","658000","657000","656000","655000","654000","652000","651000","650000","648000","7","25","20","63","10","3","52","17","16","5","3","7","67","7","2","78","6","82","74","3","218","329","0","0","0","0","0","-668000","5","-100.00","140","-16","-2","0","0","","0","0","0","","",""
"080013","0000","0","663000","666000","667000","668000","670000","671000","672000","673000","675000","677000","658000","657000","656000","655000","654000","652000","651000","650000","648000","647000","8","25","20","63","10","3","52","17","16","5","7","67","7","2","78","6","82","74","3","6","219","332","0","0","0","0","0","-668000","5","-100.00","140","0","3","0","0","","0","0","0","","",""
"080013","0001","0","663000","666000","667000","668000","670000","671000","672000","673000","675000","677000","658000","657000","656000","655000","654000","652000","651000","650000","648000","647000","8","25","20","63","10","3","52","17","16","5","7","67","7","2","78","6","113","74","3","7","219","364","0","0","0","0","0","-668000","5","-100.00","140","0","1","0","0","","0","0","0","","",""
"080014","0000","0","663000","666000","667000","668000","670000","671000","672000","673000","675000","677000","660000","658000","657000","656000","655000","654000","652000","651000","650000","648000","8","25","20","65","10","3","52","17","16","5","5","7","67","7","2","78","6","114","74","3","221","363","0","0","0","0","0","-668000","5","-100.00","140","0","1","0","0","","0","0","0","","",""
"080014","0001","0","663000","666000","667000","668000","669000","670000","671000","672000","673000","675000","660000","658000","657000","656000","655000","654000","652000","651000","650000","648000","8","25","20","65","10","10","3","55","17","16","5","7","67","7","2","78","6","114","74","3","229","363","0","0","0","0","0","-668000","5","-100.00","140","8","0","0","0","","0","0","0","","",""
"080015","0000","0","663000","666000","667000","668000","669000","670000","671000","672000","673000","675000","660000","658000","657000","656000","655000","654000","652000","651000","650000","648000","8","25","20","65","10","10","4","55","17","16","6","7","68","7","2","78","6","114","74","3","230","365","0","0","0","0","0","-668000","5","-100.00","140","0","1","0","0","","0","0","0","","",""
"080015","0001","0","666000","667000","668000","669000","670000","671000","672000","673000","675000","677000","663000","660000","658000","657000","656000","655000","654000","652000","651000","650000","25","20","65","10","10","4","55","17","16","5","1","6","7","68","7","2","78","6","114","74","227","363","0","0","0","0","0","-668000","5","-100.00","149","-3","-2","0","0","","0","0","0","","",""
"080015","0002","0","663000","666000","667000","668000","669000","670000","671000","672000","673000","675000","660000","658000","657000","656000","655000","654000","652000","651000","650000","648000","1","25","20","65","10","10","4","55","17","16","6","7","68","7","2","78","6","114","74","3","223","365","0","0","0","0","0","-668000","5","-100.00","150","-4","2","0","0","","0","0","0","","",""
"080016","0000","0","663000","666000","667000","668000","669000","670000","671000","672000","673000","675000","660000","658000","657000","656000","655000","654000","652000","651000","650000","648000","1","25","20","65","10","10","4","55","17","16","6","7","68","7","2","78","6","114","75","3","223","366","0","0","0","0","0","-668000","5","-100.00","150","0","1","0","0","","0","0","0","","",""
"080016","0001","0","666000","667000","668000","669000","670000","671000","672000","673000","675000","677000","663000","660000","658000","657000","656000","655000","654000","652000","651000","650000","25","20","65","10","10","4","55","17","16","5","1","6","7","68","7","2","78","6","114","75","227","364","0","0","0","0","0","-668000","5","-100.00","151","4","-2","0","0","","0","0","0","","",""
"080016","0002","0","666000","667000","668000","669000","670000","671000","672000","673000","675000","677000","663000","660000","658000","657000","656000","655000","654000","652000","651000","650000","25","20","75","10","10","4","55","17","16","5","1","6","7","68","7","2","78","6","114","75","237","364","0","0","0","0","0","-668000","5","-100.00","151","10","0","0","0","","0","0","0","","",""
"080016","0003","0","666000","667000","668000","669000","670000","671000","672000","673000","675000","677000","660000","658000","657000","656000","655000","654000","652000","651000","650000","648000","10","20","75","10","10","4","55","17","16","5","6","7","68","7","2","79","6","114","75","3","222","367","0","0","0","0","0","-668000","5","-100.00","152","0","1","0","0","","0","0","0","","",""
"080017","0000","0","666000","667000","668000","669000","670000","671000","672000","673000","675000","677000","660000","658000","657000","656000","655000","654000","652000","651000","650000","648000","10","20","75","10","10","4","55","17","16","5","6","7","68","7","102","79","6","114","75","3","222","467","0","0","0","0","0","-668000","5","-100.00","152","0","100","0","0","","0","0","0","","",""
"080017","0001","0","666000","667000","668000","669000","670000","671000","672000","673000","675000","677000","660000","658000","657000","656000","655000","654000","652000","651000","650000","648000","10","20","87","10","10","4","55","17","16","5","6","7","68","7","102","79","6","114","75","3","234","467","0","0","0","0","0","-668000","5","-100.00","152","12","0","0","0","","0","0","0","","",""
"080017","0002","0","666000","667000","668000","669000","670000","671000","672000","673000","675000","677000","660000","658000","657000","656000","655000","654000","652000","651000","650000","648000","10","20","93","10","10","4","55","17","16","5","6","7","68","7","102","79","6","114","75","3","240","467","0","0","0","0","0","-668000","5","-100.00","152","6","0","0","0","","0","0","0","","",""
"080017","0003","0","663000","666000","667000","668000","669000","670000","671000","672000","673000","675000","660000","658000","657000","656000","655000","654000","652000","651000","650000","648000","7","10","20","93","10","10","4","55","17","16","2","7","68","7","102","79","6","114","75","3","242","463","0","0","0","0","0","-668000","5","-100.00","156","2","-4","0","0","","0","0","0","","",""
"080018","0000","0","663000","666000","667000","668000","669000","670000","671000","672000","673000","675000","660000","658000","657000","656000","655000","654000","652000","651000","650000","648000","9","10","20","93","10","21","4","55","17","16","2","7","68","7","102","79","6","114","75","3","255","463","0","0","0","0","0","-668000","5","-100.00","156","13","0","0","0","","0","0","0","","",""
"080018","0001","0","663000","666000","667000","668000","669000","670000","671000","672000","673000","675000","660000","658000","657000","656000","655000","654000","652000","651000","650000","648000","9","10","20","93","10","21","4","55","17","16","2","7","68","7","102","79","6","114","77","3","255","465","0","0","0","0","0","-668000","5","-100.00","156","0","2","0","0","","0","0","0","","",""
"080018","0002","0","663000","665000","666000","667000","668000","669000","670000","671000","672000","673000","660000","658000","657000","656000","655000","654000","652000","651000","650000","648000","9","1","10","20","93","10","21","4","55","17","2","7","68","7","102","79","6","114","77","3","240","465","0","0","0","0","0","-668000","5","-100.00","156","-15","0","0","0","","0","0","0","","",""
"080019","0000","0","663000","665000","666000","667000","668000","669000","670000","671000","672000","673000","658000","657000","656000","655000","654000","652000","651000","650000","648000","647000","9","1","25","20","93","10","21","4","55","17","4","68","7","102","79","6","114","77","3","7","255","467","0","0","0","0","0","-668000","5","-100.00","169","15","2","0","0","","0","0","0","","",""
"080019","0001","0","663000","665000","666000","667000","668000","669000","670000","671000","672000","673000","658000","657000","656000","655000","654000","652000","651000","650000","648000","647000","6","1","25","20","93","10","21","4","55","17","4","68","7","102","79","6","114","77","3","7","252","467","0","0","0","0","0","-668000","5","-100.00","172","0","0","0","0","","0","0","0","","",""
"080019","0002","0","663000","665000","666000","667000","668000","669000","670000","671000","672000","673000","658000","657000","656000","655000","654000","652000","651000","650000","648000","647000","13","1","25","20","86","10","21","4","55","17","4","68","7","102","79","6","114","77","3","7","252","467","0","0","0","0","0","-668000","5","-100.00","172","0","0","0","0","","0","0","0","","",""
"080019","0003","0","663000","665000","666000","667000","668000","669000","670000","671000","672000","673000","660000","658000","657000","656000","655000","654000","652000","651000","650000","648000","13","1","25","20","86","10","21","4","55","17","20","4","68","7","102","79","6","114","77","3","252","480","0","0","0","0","0","-668000","5","-100.00","172","0","13","0","0","","0","0","0","","",""
"080020","0000","0","663000","665000","666000","667000","668000","669000","670000","671000","672000","673000","660000","658000","657000","656000","655000","654000","652000","651000","650000","648000","15","1","25","20","86","10","21","4","55","17","19","4","68","7","102","79","6","114","77","3","254","479","0","0","0","0","0","-668000","5","-100.00","173","2","-1","0","0","","0","0","0","","",""
"080020","0001","0","663000","665000","666000","667000","668000","669000","670000","671000","672000","673000","660000","659000","658000","657000","656000","655000","654000","652000","651000","650000","15","1","25","20","86","10","21","4","55","17","19","2","4","68","7","103","79","6","114","77","254","479","0","0","0","0","0","-668000","5","-100.00","173","0","-1","0","0","","0","0","0","","",""
"080020","0002","0","663000","665000","666000","667000","668000","669000","670000","671000","672000","673000","660000","659000","658000","657000","656000","655000","654000","652000","651000","650000","15","1","25","20","86","10","21","4","55","17","19","2","4","68","7","103","79","6","115","77","254","480","0","0","0","0","0","-668000","5","-100.00","173","0","1","0","0","","0","0","0","","",""
"080021","0000","0","663000","665000","666000","667000","668000","669000","670000","671000","672000","673000","660000","659000","658000","657000","656000","655000","654000","652000","651000","650000","35","1","25","20","86","10","21","4","55","17","19","2","5","68","7","103","79","11","115","77","274","486","0","0","0","0","0","-668000","5","-100.00","173","1","0","0","0","","0","0","0","","",""
"080021","0001","0","663000","665000","666000","667000","668000","669000","670000","671000","672000","673000","660000","659000","658000","657000","656000","655000","654000","652000","651000","650000","35","1","26","20","86","10","21","4","55","17","19","2","5","68","7","103","79","11","115","77","275","486","0","0","0","0","0","-668000","5","-100.00","173","1","0","0","0","","0","0","0","","",""
"080021","0002","0","663000","665000","666000","667000","668000","669000","670000","671000","672000","673000","660000","659000","658000","657000","656000","655000","654000","652000","651000","650000","35","1","27","20","86","10","21","4","55","17","24","2","5","68","7","103","79","11","115","77","276","491","0","0","0","0","0","-668000","5","-100.00","173","1","5","0","0","","0","0","0","","",""
"080022","0000","0","663000","665000","666000","667000","668000","669000","670000","671000","672000","673000","660000","659000","658000","657000","656000","655000","654000","652000","651000","650000","35","1","27","20","86","10","21","4","55","17","24","2","6","68","7","103","79","11","115","77","276","492","0","0","0","0","0","-668000","5","-100.00","173","0","1","0","0","","0","0","0","","",""
"080022","0001","0","663000","665000","666000","667000","668000","669000","670000","671000","672000","673000","660000","659000","658000","657000","656000","655000","654000","652000","651000","650000","35","1","27","20","86","10","21","4","55","17","21","2","6","68","7","103","90","11","115","77","276","500","0","0","0","0","0","-668000","5","-100.00","177","0","7","0","0","","0","0","0","","",""
"080022","0002","0","663000","665000","666000","667000","668000","669000","670000","671000","672000","673000","660000","659000","658000","657000","656000","655000","654000","652000","651000","650000","35","1","27","20","86","10","21","4","55","17","21","2","7","68","7","103","90","11","115","77","276","501","0","0","0","0","0","-668000","5","-100.00","177","0","1","0","0","","0","0","0","","",""
"080022","0003","0","663000","665000","666000","667000","668000","669000","670000","671000","672000","673000","660000","659000","658000","657000","656000","655000","654000","652000","651000","650000","37","1","27","20","86","10","21","4","55","17","21","3","7","68","7","103","90","11","115","77","278","502","0","0","0","0","0","-668000","5","-100.00","177","2","0","0","0","","0","0","0","","",""
"080023","0000","0","663000","665000","666000","667000","668000","669000","670000","671000","672000","673000","660000","659000","658000","657000","656000","655000","654000","652000","651000","650000","38","1","27","20","86","10","21","4","55","17","21","3","7","68","7","103","90","11","115","77","279","502","0","0","0","0","0","-668000","5","-100.00","177","1","0","0","0","","0","0","0","","",""
"080023","0001","0","663000","665000","666000","667000","668000","669000","670000","671000","672000","673000","660000","659000","658000","657000","656000","655000","654000","652000","651000","650000","38","1","27","20","86","10","21","4","55","17","21","3","17","68","7","103","90","11","115","77","279","512","0","0","0","0","0","-668000","5","-100.00","177","0","10","0","0","","0","0","0","","",""
"080023","0002","0","663000","665000","666000","667000","668000","669000","670000","671000","672000","673000","660000","659000","658000","657000","656000","655000","654000","652000","651000","650000","38","1","27","36","86","10","21","4","55","17","21","3","17","68","7","103","91","11","115","77","295","513","0","0","0","0","0","-668000","5","-100.00","177","16","1","0","0","","0","0","0","","",""
"080023","0003","0","663000","665000","666000","667000","668000","669000","670000","671000","672000","673000","660000","659000","658000","657000","656000","655000","654000","652000","651000","650000","38","1","27","36","86","10","21","4","55","17","21","3","18","68","7","103","91","11","115","77","295","514","0","0","0","0","0","-668000","5","-100.00","177","0","1","0","0","","0","0","0","","",""
"080024","0000","0","663000","665000","666000","667000","668000","669000","670000","671000","672000","673000","660000","659000","658000","657000","656000","655000","654000","652000","651000","650000","38","1","27","36","86","10","21","4","55","17","20","3","18","68","7","103","91","11","115","77","295","513","0","0","0","0","0","-668000","5","-100.00","178","0","-1","0","0","","0","0","0","","",""
"080024","0001","0","663000","665000","666000","667000","668000","669000","670000","671000","672000","673000","660000","659000","658000","657000","656000","655000","654000","652000","651000","650000","86","1","27","39","86","10","21","1","55","17","20","3","18","68","7","103","91","11","115","77","343","513","0","0","0","0","0","-668000","5","-100.00","178","48","0","0","0","","0","0","0","","",""
"080024","0002","0","663000","665000","666000","667000","668000","669000","670000","671000","672000","673000","660000","659000","658000","657000","656000","655000","654000","652000","651000","650000","85","1","27","39","86","10","21","1","55","17","9","3","18","68","7","103","91","11","115","78","342","503","0","0","0","0","0","-668000","5","-100.00","191","-1","-9","0","0","","0","0","0","","",""
"080024","0003","0","663000","665000","666000","667000","668000","669000","670000","671000","672000","673000","660000","659000","658000","657000","656000","655000","654000","652000","651000","650000","85","1","27","39","86","10","21","1","55","17","8","5","18","69","7","103","91","11","115","78","342","505","0","0","0","0","0","-668000","5","-100.00","192","0","1","0","0","","0","0","0","","",""
"080024","0004","0","663000","665000","666000","667000","668000","669000","670000","671000","672000","673000","660000","659000","658000","657000","656000","655000","654000","652000","651000","650000","85","1","27","39","86","10","21","1","55","17","10","5","18","69","12","104","91","11","115","78","342","513","0","0","0","0","0","-668000","5","-100.00","192","0","2","0","0","","0","0","0","","",""
"080025","0000","0","663000","665000","666000","667000","668000","669000","670000","671000","672000","673000","660000","659000","658000","657000","656000","655000","654000","652000","651000","650000","84","1","27","39","86","10","21","1","55","17","10","5","18","69","12","104","91","11","115","78","341","513","0","0","0","0","0","-668000","5","-100.00","193","-1","0","0","0","","0","0","0","","",""
"080025","0001","0","663000","665000","666000","667000","668000","669000","670000","671000","672000","673000","660000","659000","658000","657000","656000","655000","654000","652000","651000","650000","84","1","27","39","86","10","21","1","55","17","10","5","38","69","12","104","91","11","165","78","341","583","0","0","0","0","0","-668000","5","-100.00","193","0","70","0","0","","0","0","0","","",""
"080025","0002","0","663000","665000","666000","667000","668000","669000","670000","671000","672000","673000","660000","659000","658000","657000","656000","655000","654000","652000","651000","650000","84","1","27","39","86","10","21","1","55","17","10","5","38","69","12","106","91","11","165","81","341","588","0","0","0","0","0","-668000","5","-100.00","193","0","3","0","0","","0","0","0","","",""
"080025","0003","0","663000","665000","666000","667000","668000","669000","670000","671000","672000","673000","660000","659000","658000","657000","656000","655000","654000","652000","651000","650000","84","1","27","39","85","10","21","2","55","17","10","5","39","69","12","106","91","11","165","81","341","589","0","0","0","0","0","-668000","5","-100.00","193","0","0","0","0","","0","0","0","","",""
"080026","0000","0","663000","665000","666000","667000","668000","669000","670000","671000","672000","673000","660000","659000","658000","657000","656000","655000","654000","652000","651000","650000","84","1","27","39","85","10","21","2","55","17","7","5","39","69","12","106","91","11","165","81","341","586","0","0","0","0","0","-668000","5","-100.00","196","0","-3","0","0","","0","0","0","","",""
"080026","0001","0","663000","665000","666000","667000","668000","669000","670000","671000","672000","673000","660000","659000","658000","657000","656000","655000","654000","652000","651000","650000","84","8","27","39","85","10","21","3","55","17","8","5","39","69","12","106","91","11","165","81","349","587","0","0","0","0","0","-668000","5","-100.00","196","1","1","0","0","","0","0","0","","",""
"080026","0002","0","663000","665000","666000","667000","668000","669000","670000","671000","672000","673000","661000","660000","659000","658000","657000","656000","655000","654000","652000","651000","84","8","27","39","85","10","21","3","55","17","1","18","5","39","69","12","106","91","11","165","349","517","0","0","0","0","0","-668000","5","-100.00","196","0","10","0","0","","0","0","0","","",""
"080026","0003","0","663000","665000","666000","667000","668000","669000","670000","671000","672000","673000","662000","661000","660000","659000","658000","657000","656000","655000","654000","652000","82","8","27","39","85","10","21","3","55","17","1","1","21","5","42","69","15","106","91","11","347","362","0","0","0","0","0","-668000","5","-100.00","197","0","2","0","0","","0","0","0","","",""
"080026","0004","0","663000","665000","666000","667000","668000","669000","670000","671000","672000","673000","662000","661000","660000","659000","658000","657000","656000","655000","654000","652000","92","8","27","39","85","10","21","3","55","17","1","1","21","5","45","69","15","106","92","11","357","366","0","0","0","0","0","-668000","5","-100.00","197","0","0","0","0","","0","0","0","","",""
"080027","0000","0","663000","665000","666000","667000","668000","669000","670000","671000","672000","673000","662000","661000","660000","659000","658000","657000","656000","655000","654000","652000","99","8","27","39","85","10","21","3","55","17","1","1","21","5","46","69","15","106","92","13","364","369","0","0","0","0","0","-668000","5","-100.00","197","0","2","0","0","","0","0","0","","",""
"080027","0001","0","662000","663000","665000","666000","667000","668000","669000","670000","671000","672000","661000","660000","659000","658000","657000","656000","655000","654000","652000","651000","3","99","8","27","39","85","10","21","3","55","1","21","5","50","69","15","106","92","13","175","350","547","0","0","0","0","0","-668000","5","-100.00","198","-14","178","0","0","","0","0","0","","",""
"080027","0002","0","662000","663000","665000","666000","667000","668000","669000","670000","671000","672000","660000","659000","658000","657000","656000","655000","654000","652000","651000","650000","3","102","8","27","39","85","10","21","3","55","31","5","50","69","15","106","92","13","175","81","353","637","0","0","0","0","0","-668000","5","-100.00","199","0","10","0","0","","0","0","0","","",""
"080028","0000","0","662000","663000","665000","666000","667000","668000","669000","670000","671000","672000","660000","659000","658000","657000","656000","655000","654000","652000","651000","650000","3","102","8","27","39","85","10","21","3","55","28","5","50","69","15","106","92","13","175","81","353","634","0","0","0","0","0","-668000","5","-100.00","202","0","-3","0","0","","0","0","0","","",""
"080028","0001","0","662000","663000","664000","665000","666000","667000","668000","669000","670000","671000","660000","659000","658000","657000","656000","655000","654000","652000","651000","650000","3","102","3","8","27","39","85","10","21","3","38","5","50","69","15","106","92","13","175","81","301","644","0","0","0","0","0","-668000","5","-100.00","202","-52","0","0","0","","0","0","0","","",""
"080028","0002","0","663000","664000","665000","666000","667000","668000","669000","670000","671000","672000","660000","659000","658000","657000","656000","655000","654000","652000","651000","650000","102","3","8","27","39","85","10","21","3","55","38","5","50","69","15","106","92","13","175","81","353","644","0","0","0","0","0","-668000","5","-100.00","206","52","0","0","0","","0","0","0","","",""
"080028","0003","0","663000","664000","665000","666000","667000","668000","669000","670000","671000","672000","660000","659000","658000","657000","656000","655000","654000","652000","651000","650000","102","3","8","27","39","85","10","21","3","55","39","5","50","69","15","108","92","13","175","81","353","647","0","0","0","0","0","-668000","5","-100.00","206","0","2","0","0","","0","0","0","","",""
"080029","0000","0","663000","664000","665000","666000","667000","668000","669000","670000","671000","672000","660000","659000","658000","657000","656000","655000","654000","652000","651000","650000","102","3","8","27","39","85","10","21","3","55","39","5","58","69","15","108","92","13","175","81","353","655","0","0","0","0","0","-668000","5","-100.00","206","0","5","0","0","","0","0","0","","",""
"080029","0001","0","661000","663000","664000","665000","666000","667000","668000","669000","670000","671000","660000","659000","658000","657000","656000","655000","654000","652000","651000","650000","3","102","3","8","27","39","85","10","21","3","39","5","58","69","15","108","92","13","175","81","301","655","0","0","0","0","0","-668000","5","-100.00","206","-52","0","0","0","","0","0","0","","",""
"080029","0002","0","663000","664000","665000","666000","667000","668000","669000","670000","671000","672000","660000","659000","658000","657000","656000","655000","654000","652000","651000","650000","102","3","8","27","39","85","10","21","3","55","38","6","58","69","15","108","91","13","175","82","353","655","0","0","0","0","0","-668000","5","-100.00","210","0","0","0","0","","0","0","0","","",""
"080029","0003","0","662000","663000","664000","665000","666000","667000","668000","669000","670000","671000","660000","659000","658000","657000","656000","655000","654000","652000","651000","650000","4","102","3","8","27","39","85","10","21","3","36","6","58","69","15","108","91","13","175","82","302","653","0","0","0","0","0","-668000","5","-100.00","212","-51","0","0","0","","0","0","0","","",""
"080029","0004","0","662000","663000","664000","665000","666000","667000","668000","669000","670000","671000","660000","659000","658000","657000","656000","655000","654000","652000","651000","650000","3","102","3","8","27","39","85","10","21","3","36","6","58","69","15","108","91","13","175","82","301","653","0","0","0","0","0","-668000","5","-100.00","213","-1","0","0","0","","0","0","0","","",""
"080030","0000","0","662000","663000","664000","665000","666000","667000","668000","669000","670000","671000","660000","659000","658000","657000","656000","655000","654000","652000","651000","650000","3","107","3","8","27","39","85","10","21","3","36","6","58","69","15","108","91","13","175","82","306","653","0","0","0","0","0","-668000","5","-100.00","213","5","0","0","0","","0","0","0","","",""
"080030","0001","0","662000","663000","664000","665000","666000","667000","668000","669000","670000","671000","660000","659000","658000","657000","656000","655000","654000","652000","651000","650000","4","107","3","8","27","39","85","10","21","3","37","6","58","69","15","108","91","13","175","82","307","654","0","0","0","0","0","-668000","5","-100.00","213","1","0","0","0","","0","0","0","","",""
"080030","0002","0","662000","663000","664000","665000","666000","667000","668000","669000","670000","671000","660000","659000","658000","657000","656000","655000","654000","652000","651000","650000","4","107","3","8","27","39","85","10","21","3","38","6","58","69","15","108","91","13","175","82","307","655","0","0","0","0","0","-668000","5","-100.00","213","0","1","0","0","","0","0","0","","",""
"080030","0003","0","662000","663000","664000","665000","666000","667000","668000","669000","670000","671000","660000","659000","658000","657000","656000","655000","654000","652000","651000","650000","4","107","3","8","27","39","85","10","21","3","38","26","59","69","15","108","91","13","175","82","307","676","0","0","0","0","0","-668000","5","-100.00","213","0","21","0","0","","0","0","0","","",""
"080031","0000","0","662000","663000","664000","665000","666000","667000","668000","669000","670000","671000","660000","659000","658000","657000","656000","655000","654000","652000","651000","650000","4","107","3","8","28","39","85","10","21","3","38","26","59","69","16","108","91","13","175","82","308","677","0","0","0","0","0","-668000","5","-100.00","213","0","1","0","0","","0","0","0","","",""
"080031","0001","0","662000","663000","664000","665000","666000","667000","668000","669000","670000","671000","660000","659000","658000","657000","656000","655000","654000","653000","652000","651000","9","107","3","8","28","39","93","10","21","3","36","26","59","69","16","108","91","2","13","175","321","595","0","0","0","0","0","-668000","5","-100.00","217","0","-2","0","0","","0","0","0","","",""
"080031","0002","0","662000","663000","664000","665000","666000","667000","668000","669000","670000","671000","660000","659000","658000","657000","656000","655000","654000","653000","652000","651000","6","107","3","8","28","39","93","10","21","3","32","26","59","69","16","108","91","2","13","175","318","591","0","0","0","0","0","-668000","5","-100.00","225","0","-4","0","0","","0","0","0","","",""
"080031","0003","0","662000","663000","664000","665000","666000","667000","668000","669000","670000","671000","660000","659000","658000","657000","656000","655000","654000","653000","652000","651000","6","107","3","8","28","39","93","10","21","3","32","26","59","70","16","108","91","2","13","175","318","592","0","0","0","0","0","-668000","5","-100.00","225","0","1","0","0","","0","0","0","","",""
"080032","0000","0","662000","663000","664000","665000","666000","667000","668000","669000","670000","671000","660000","659000","658000","657000","656000","655000","654000","653000","652000","651000","6","107","3","8","28","39","93","10","21","3","33","27","59","70","16","108","91","2","13","175","318","594","0","0","0","0","0","-668000","5","-100.00","225","0","1","0","0","","0","0","0","","",""
"080032","0001","0","662000","663000","664000","665000","666000","667000","668000","669000","670000","671000","660000","659000","658000","657000","656000","655000","654000","653000","652000","651000","3","107","3","8","28","39","93","10","21","3","33","27","61","70","16","108","91","2","13","175","315","596","0","0","0","0","0","-668000","5","-100.00","228","0","2","0","0","","0","0","0","","",""
"080032","0002","0","662000","663000","664000","665000","666000","667000","668000","669000","670000","671000","661000","660000","659000","658000","657000","656000","655000","654000","653000","652000","3","107","3","8","28","39","93","10","21","3","10","35","27","61","70","16","108","91","2","13","315","433","0","0","0","0","0","-668000","5","-100.00","228","0","2","0","0","","0","0","0","","",""
"080032","0003","0","662000","663000","664000","665000","666000","667000","668000","669000","670000","671000","661000","660000","659000","658000","657000","656000","655000","654000","653000","652000","3","107","3","8","28","39","93","10","21","3","10","35","40","61","70","16","108","91","2","13","315","446","0","0","0","0","0","-668000","5","-100.00","228","0","13","0","0","","0","0","0","","",""
"080032","0004","0","663000","664000","665000","666000","667000","668000","669000","670000","671000","672000","661000","660000","659000","658000","657000","656000","655000","654000","653000","652000","107","3","8","28","39","93","10","21","3","65","11","35","40","61","70","16","108","91","2","13","377","447","0","0","0","0","0","-668000","5","-100.00","231","0","1","0","0","","0","0","0","","",""
"080033","0000","0","662000","663000","664000","665000","666000","667000","668000","669000","670000","671000","661000","660000","659000","658000","657000","656000","655000","654000","653000","652000","2","107","3","8","28","39","93","10","21","3","6","35","40","61","70","16","108","91","2","13","314","442","0","0","0","0","0","-668000","5","-100.00","237","0","1","0","0","","0","0","0","","",""
"080033","0001","0","662000","663000","664000","665000","666000","667000","668000","669000","670000","671000","661000","660000","659000","658000","657000","656000","655000","654000","653000","652000","7","107","3","8","28","39","93","10","23","3","5","35","40","61","70","16","108","91","2","13","321","441","0","0","0","0","0","-668000","5","-100.00","238","0","-1","0","0","","0","0","0","","",""
"080033","0002","0","662000","663000","664000","665000","666000","667000","668000","669000","670000","671000","661000","660000","659000","658000","657000","656000","655000","654000","653000","652000","7","108","3","8","27","39","93","10","23","3","5","36","40","61","70","16","109","91","2","13","321","443","0","0","0","0","0","-668000","5","-100.00","238","0","2","0","0","","0","0","0","","",""
"080033","0003","0","663000","664000","665000","666000","667000","668000","669000","670000","671000","672000","661000","660000","659000","658000","657000","656000","655000","654000","653000","652000","108","3","8","27","39","93","10","23","3","65","6","36","40","61","70","16","109","91","2","23","379","454","0","0","0","0","0","-668000","5","-100.00","245","0","11","0","0","","0","0","0","","",""
"080033","0004","0","662000","663000","664000","665000","666000","667000","668000","669000","670000","671000","661000","660000","659000","658000","657000","656000","655000","654000","653000","652000","1","108","3","7","27","39","93","10","23","3","8","41","40","61","70","16","109","91","2","23","314","461","0","0","0","0","0","-668000","5","-100.00","245","-65","5","0","0","","0","0","0","","",""
"080034","0000","0","662000","663000","664000","665000","666000","667000","668000","669000","670000","671000","661000","660000","659000","658000","657000","656000","655000","654000","653000","652000","1","108","3","7","28","39","93","10","48","3","8","41","40","61","70","16","109","91","2","23","340","461","0","0","0","0","0","-668000","5","-100.00","246","25","0","0","0","","0","0","0","","",""
"080034","0001","0","662000","663000","664000","665000","666000","667000","668000","669000","670000","671000","661000","660000","659000","658000","657000","656000","655000","654000","653000","652000","1","98","3","7","28","39","93","10","48","3","8","41","40","61","70","16","109","91","2","23","330","461","0","0","0","0","0","-668000","5","-100.00","246","-10","0","0","0","","0","0","0","","",""
"080034","0002","0","662000","663000","664000","665000","666000","667000","668000","669000","670000","671000","661000","660000","659000","658000","657000","656000","655000","654000","653000","652000","1","98","3","7","28","39","93","10","48","3","8","41","40","61","70","16","109","91","2","23","330","461","0","0","0","0","0","-668000","5","-100.00","246","0","0","0","0","","0","0","0","","",""
"080035","0000","0","662000","663000","664000","665000","666000","667000","668000","669000","670000","671000","661000","660000","659000","658000","657000","656000","655000","654000","653000","652000","1","98","3","7","28","39","93","10","48","3","4","41","40","71","70","16","109","91","2","23","330","467","0","0","0","0","0","-668000","5","-100.00","250","0","6","0","0","","0","0","0","","",""
"080035","0001","0","662000","663000","664000","665000","666000","667000","668000","669000","670000","671000","661000","660000","659000","658000","657000","656000","655000","654000","653000","652000","8","91","3","7","28","39","91","10","48","3","4","44","40","71","70","16","109","91","2","24","328","471","0","0","0","0","0","-668000","5","-100.00","250","-2","0","0","0","","0","0","0","","",""
"080035","0002","0","662000","663000","664000","665000","666000","667000","668000","669000","670000","671000","661000","660000","659000","658000","657000","656000","655000","654000","653000","652000","8","91","3","7","28","39","91","10","48","3","5","44","40","71","70","16","109","91","2","24","328","472","0","0","0","0","0","-668000","5","-100.00","251","0","1","0","0","","0","0","0","","",""
"080036","0000","0","662000","663000","664000","665000","666000","667000","668000","669000","670000","671000","661000","660000","659000","658000","657000","656000","655000","654000","653000","652000","9","91","3","7","38","39","91","10","48","3","5","44","40","71","70","16","109","91","2","24","339","472","0","0","0","0","0","-668000","5","-100.00","251","11","0","0","0","","0","0","0","","",""
"080036","0001","0","662000","663000","664000","665000","666000","667000","668000","669000","670000","671000","661000","660000","659000","658000","657000","656000","655000","654000","653000","652000","9","91","3","7","38","39","91","10","48","3","5","44","41","71","70","16","109","91","7","24","339","478","0","0","0","0","0","-668000","5","-100.00","251","0","5","0","0","","0","0","0","","",""
"080036","0002","0","662000","663000","664000","665000","666000","667000","668000","669000","670000","671000","661000","660000","659000","658000","657000","656000","655000","654000","653000","652000","9","91","3","7","38","39","91","10","48","3","4","44","41","71","70","16","109","91","7","24","339","477","0","0","0","0","0","-668000","5","-100.00","252","0","-1","0","0","","0","0","0","","",""
"080036","0003","0","662000","663000","664000","666000","667000","668000","669000","670000","671000","672000","661000","660000","659000","658000","657000","656000","655000","654000","653000","652000","9","98","3","38","39","91","10","48","3","65","4","44","41","71","71","16","109","91","7","24","404","478","0","0","0","0","0","-668000","5","-100.00","252","0","1","0","0","","0","0","0","","",""
"080036","0004","0","662000","663000","664000","666000","667000","668000","669000","670000","671000","672000","661000","660000","659000","658000","657000","656000","655000","654000","653000","652000","12","98","3","38","39","91","10","48","3","65","5","44","41","71","71","16","109","91","7","24","407","479","0","0","0","0","0","-668000","5","-100.00","252","3","1","0","0","","0","0","0","","",""
"080037","0000","0","662000","663000","664000","666000","667000","668000","669000","670000","671000","672000","660000","659000","658000","657000","656000","655000","654000","653000","652000","651000","12","98","3","38","39","91","10","48","3","65","44","41","72","71","16","109","91","7","24","175","407","650","0","0","0","0","0","-668000","5","-100.00","257","0","170","0","0","","0","0","0","","",""
"080037","0001","0","662000","663000","664000","666000","667000","668000","669000","670000","671000","672000","661000","660000","659000","658000","657000","656000","655000","654000","653000","652000","21","98","3","38","39","91","10","48","3","65","1","45","41","72","71","17","109","91","7","24","416","478","0","0","0","0","0","-668000","5","-100.00","257","9","0","0","0","","0","0","0","","",""
"080037","0002","0","662000","663000","664000","666000","667000","668000","669000","670000","671000","672000","660000","659000","658000","657000","656000","655000","654000","653000","652000","651000","21","98","3","38","39","91","10","48","3","65","45","41","72","71","17","109","91","7","24","175","416","652","0","0","0","0","0","-668000","5","-100.00","258","0","174","0","0","","0","0","0","","",""
"080037","0003","0","662000","663000","664000","666000","667000","668000","669000","670000","671000","672000","660000","659000","658000","657000","656000","655000","654000","653000","652000","651000","21","98","3","38","39","91","10","48","3","65","45","41","72","71","17","109","91","7","24","175","416","652","0","0","0","0","0","-668000","5","-100.00","258","-2","0","0","0","","0","0","0","","",""
"080038","0000","0","662000","663000","664000","666000","667000","668000","669000","670000","671000","672000","660000","659000","658000","657000","656000","655000","654000","653000","652000","651000","26","98","3","38","39","91","10","48","3","65","46","41","72","71","17","110","91","7","24","175","421","654","0","0","0","0","0","-668000","5","-100.00","258","5","0","0","0","","0","0","0","","",""
"080038","0001","0","662000","663000","664000","666000","667000","668000","669000","670000","671000","672000","660000","659000","658000","657000","656000","655000","654000","653000","652000","651000","26","98","3","39","39","91","10","48","3","65","46","41","72","71","17","110","91","7","24","175","422","654","0","0","0","0","0","-668000","5","-100.00","258","1","0","0","0","","0","0","0","","",""
"080038","0002","0","661000","662000","663000","664000","665000","666000","667000","668000","669000","670000","660000","659000","658000","657000","656000","655000","654000","653000","652000","651000","4","27","99","5","1","39","41","93","10","48","43","41","72","71","17","110","91","7","24","175","367","651","0","0","0","0","0","-668000","5","-100.00","264","3","0","0","0","","0","0","0","","",""
"080038","0003","0","661000","662000","663000","664000","665000","666000","667000","668000","669000","670000","660000","659000","658000","657000","656000","655000","654000","653000","652000","651000","4","27","101","5","1","39","41","93","10","48","42","42","73","71","17","110","91","7","24","175","369","652","0","0","0","0","0","-668000","5","-100.00","265","0","1","0","0","","0","0","0","","",""
"080038","0004","0","661000","662000","663000","664000","665000","666000","667000","668000","669000","670000","660000","659000","658000","657000","656000","655000","654000","653000","652000","651000","3","27","101","5","1","39","41","93","10","48","42","62","73","71","17","110","91","7","24","175","368","672","0","0","0","0","0","-668000","5","-100.00","266","0","20","0","0","","0","0","0","","",""
"080039","0000","0","661000","662000","663000","664000","665000","666000","667000","668000","669000","670000","660000","659000","658000","657000","656000","655000","654000","653000","652000","651000","42","29","100","5","1","39","41","93","10","48","42","62","73","71","17","110","91","7","24","175","408","672","0","0","0","0","0","-668000","5","-100.00","266","1","0","0","0","","0","0","0","","",""
"080039","0001","0","661000","662000","663000","664000","665000","666000","667000","668000","669000","670000","660000","659000","658000","657000","656000","655000","654000","653000","652000","651000","41","29","100","5","1","39","41","93","11","48","42","62","73","71","17","110","91","7","24","175","408","672","0","0","0","0","0","-668000","5","-100.00","267","1","0","0","0","","0","0","0","","",""
"080039","0002","0","661000","662000","663000","664000","665000","666000","667000","668000","669000","670000","660000","659000","658000","657000","656000","655000","654000","653000","652000","651000","41","29","100","5","1","39","41","93","11","49","42","62","73","72","17","110","91","7","24","175","409","673","0","0","0","0","0","-668000","5","-100.00","267","1","1","0","0","","0","0","0","","",""
"080039","0003","0","661000","662000","663000","664000","665000","666000","667000","668000","669000","670000","660000","659000","658000","657000","656000","655000","654000","653000","652000","651000","41","29","100","5","1","39","41","93","11","49","43","62","73","72","17","110","91","7","24","175","409","674","0","0","0","0","0","-668000","5","-100.00","271","0","1","0","0","","0","0","0","","",""
"080040","0000","0","661000","662000","663000","664000","665000","666000","667000","668000","669000","670000","660000","659000","658000","657000","656000","655000","654000","653000","652000","651000","41","30","99","5","1","39","41","93","11","49","41","62","73","72","17","110","91","7","24","175","409","672","0","0","0","0","0","-668000","5","-100.00","274","0","-3","0","0","","0","0","0","","",""
"080040","0001","0","661000","662000","663000","664000","665000","666000","667000","668000","669000","670000","660000","659000","658000","657000","656000","655000","654000","653000","652000","651000","41","30","100","5","1","39","41","92","11","49","41","62","73","72","17","110","92","7","24","175","409","673","0","0","0","0","0","-668000","5","-100.00","274","0","1","0","0","","0","0","0","","",""
"080040","0002","0","661000","662000","663000","664000","665000","666000","667000","668000","669000","670000","660000","659000","658000","657000","656000","655000","654000","653000","652000","651000","41","30","100","5","1","39","41","92","11","49","42","62","73","72","17","110","92","7","24","175","409","674","0","0","0","0","0","-668000","5","-100.00","274","0","1","0","0","","0","0","0","","",""
"080040","0003","0","661000","662000","663000","664000","665000","666000","667000","668000","669000","670000","660000","659000","658000","657000","656000","655000","654000","653000","652000","651000","31","30","100","5","1","39","41","92","11","49","42","62","73","72","17","110","92","7","24","175","399","674","0","0","0","0","0","-668000","5","-100.00","284","-10","0","0","0","","0","0","0","","",""
"080040","0004","0","661000","662000","663000","664000","665000","666000","667000","668000","669000","670000","660000","659000","658000","657000","656000","655000","654000","653000","652000","651000","26","30","100","5","1","39","41","92","11","49","43","62","73","72","17","110","92","7","24","175","394","675","0","0","0","0","0","-668000","5","-100.00","289","-5","1","0","0","","0","0","0","","",""
"080041","0000","0","661000","662000","663000","664000","665000","666000","667000","668000","669000","670000","660000","659000","658000","657000","656000","655000","654000","653000","652000","651000","28","30","100","5","1","39","41","92","11","49","43","62","53","72","17","110","92","7","24","175","396","655","0","0","0","0","0","-668000","5","-100.00","290","2","0","0","0","","0","0","0","","",""
"080041","0001","0","661000","662000","663000","664000","665000","666000","667000","668000","669000","670000","660000","659000","658000","657000","656000","655000","654000","653000","652000","651000","108","30","100","5","1","39","41","92","11","49","43","62","54","72","17","110","92","7","24","175","476","656","0","0","0","0","0","-668000","5","-100.00","290","0","1","0","0","","0","0","0","","",""
"080041","0002","0","661000","662000","663000","664000","665000","666000","667000","668000","669000","670000","660000","659000","658000","657000","656000","655000","654000","653000","652000","651000","108","30","100","5","1","39","41","92","11","49","44","62","54","72","17","110","92","7","24","175","476","657","0","0","0","0","0","-668000","5","-100.00","290","0","1","0","0","","0","0","0","","",""
"080042","0000","0","661000","662000","663000","664000","665000","666000","667000","668000","669000","670000","660000","659000","658000","657000","656000","655000","654000","653000","652000","651000","108","30","100","5","1","39","41","92","11","49","44","62","54","72","19","110","92","7","24","175","476","659","0","0","0","0","0","-668000","5","-100.00","290","0","2","0","0","","0","0","0","","",""
"080043","0000","0","661000","662000","663000","664000","665000","666000","667000","668000","669000","670000","660000","659000","658000","657000","656000","655000","654000","653000","652000","651000","108","30","100","5","1","39","41","92","11","49","43","62","54","72","19","110","92","7","24","175","476","658","0","0","0","0","0","-668000","5","-100.00","292","0","-1","0","0","","0","0","0","","",""
"080043","0001","0","661000","662000","663000","664000","665000","666000","667000","668000","669000","670000","660000","659000","658000","657000","656000","655000","654000","653000","652000","651000","106","30","100","5","1","39","41","92","11","49","43","67","54","72","19","110","92","7","24","175","474","663","0","0","0","0","0","-668000","5","-100.00","296","-2","0","0","0","","0","0","0","","",""
"080043","0002","0","661000","662000","663000","664000","665000","666000","667000","668000","669000","670000","660000","659000","658000","657000","656000","655000","654000","653000","652000","651000","106","30","100","5","1","39","41","92","11","49","44","67","54","72","19","110","92","7","24","175","474","664","0","0","0","0","0","-668000","5","-100.00","296","0","1","0","0","","0","0","0","","",""
"080043","0003","0","661000","662000","663000","664000","665000","666000","667000","668000","669000","670000","660000","659000","658000","657000","656000","655000","654000","653000","652000","651000","106","35","100","5","1","39","41","92","12","49","46","67","54","72","19","110","92","7","24","175","480","666","0","0","0","0","0","-668000","5","-100.00","296","1","0","0","0","","0","0","0","","",""
"080043","0004","0","661000","662000","663000","664000","665000","666000","667000","668000","669000","670000","660000","659000","658000","657000","656000","655000","654000","653000","652000","651000","56","35","100","5","1","39","41","92","12","49","46","67","54","72","19","110","92","7","24","175","430","666","0","0","0","0","0","-668000","5","-100.00","346","-50","0","0","0","","0","0","0","","",""
"080044","0000","0","661000","662000","663000","664000","665000","666000","667000","668000","669000","670000","660000","659000","658000","657000","656000","655000","654000","653000","652000","651000","56","35","100","5","1","39","41","92","12","49","40","67","54","72","19","110","92","7","24","175","430","660","0","0","0","0","0","-668000","5","-100.00","352","0","-6","0","0","","0","0","0","","",""
"080044","0001","0","661000","662000","663000","664000","665000","666000","667000","668000","669000","670000","660000","659000","658000","657000","656000","655000","654000","653000","652000","651000","56","35","100","5","1","39","41","102","12","49","40","67","54","72","19","110","92","7","24","175","440","660","0","0","0","0","0","-668000","5","-100.00","352","10","0","0","0","","0","0","0","","",""
"080044","0002","0","661000","662000","663000","664000","665000","666000","667000","668000","669000","670000","660000","659000","658000","657000","656000","655000","654000","653000","652000","651000","56","35","100","5","1","39","41","102","12","49","41","67","54","72","19","110","92","7","24","175","440","661","0","0","0","0","0","-668000","5","-100.00","352","0","1","0","0","","0","0","0","","",""
"080044","0003","0","661000","662000","663000","664000","665000","666000","667000","668000","669000","670000","660000","659000","658000","657000","656000","655000","654000","653000","652000","651000","81","35","100","5","1","39","41","102","12","49","24","67","64","72","20","110","92","7","25","175","465","656","0","0","0","0","0","-668000","5","-100.00","369","0","-16","0","0","","0","0","0","","",""
"080045","0000","0","661000","662000","663000","664000","665000","666000","667000","668000","669000","670000","660000","659000","658000","657000","656000","655000","654000","653000","652000","651000","80","35","100","5","1","39","41","102","12","49","4","67","64","72","20","110","92","7","25","175","464","636","0","0","0","0","0","-668000","5","-100.00","390","-1","-20","0","0","","0","0","0","","",""
"080045","0001","0","661000","662000","663000","664000","665000","666000","667000","668000","669000","670000","660000","659000","658000","657000","656000","655000","654000","653000","652000","651000","92","35","100","5","1","39","41","102","12","49","4","67","64","72","20","110","92","7","28","175","476","639","0","0","0","0","0","-668000","5","-100.00","390","0","3","0","0","","0","0","0","","",""
"080045","0002","0","661000","662000","663000","664000","665000","666000","667000","668000","669000","670000","660000","659000","658000","657000","656000","655000","654000","653000","652000","651000","94","33","100","5","1","39","41","102","12","49","3","67","64","72","20","110","92","7","28","175","476","638","0","0","0","0","0","-668000","5","-100.00","391","0","0","0","0","","0","0","0","","",""
"080045","0003","0","661000","662000","663000","664000","665000","666000","667000","668000","669000","670000","660000","659000","658000","657000","656000","655000","654000","653000","652000","651000","94","33","100","5","1","39","41","102","12","49","3","67","64","72","21","110","92","7","28","175","476","639","0","0","0","0","0","-668000","5","-100.00","391","0","1","0","0","","0","0","0","","",""
"080046","0000","0","661000","662000","663000","664000","665000","666000","667000","668000","669000","670000","660000","659000","658000","657000","656000","655000","654000","653000","652000","651000","94","32","100","5","1","39","41","102","12","49","2","67","64","72","21","110","92","7","28","175","475","638","0","0","0","0","0","-668000","5","-100.00","392","-1","-1","0","0","","0","0","0","","",""
"080046","0001","0","661000","662000","663000","664000","665000","666000","667000","668000","669000","670000","660000","659000","658000","657000","656000","655000","654000","653000","652000","651000","94","32","100","5","1","39","41","102","12","49","6","67","64","72","21","110","92","7","28","175","475","642","0","0","0","0","0","-668000","5","-100.00","392","0","1","0","0","","0","0","0","","",""
"080046","0002","0","661000","662000","663000","664000","665000","666000","667000","668000","669000","670000","660000","659000","658000","657000","656000","655000","654000","653000","652000","651000","97","31","100","5","1","39","41","102","12","49","5","67","64","72","21","110","94","7","28","175","477","643","0","0","0","0","0","-668000","5","-100.00","393","2","2","0","0","","0","0","0","","",""
"080046","0003","0","661000","662000","663000","664000","665000","666000","667000","668000","669000","670000","660000","659000","658000","657000","656000","655000","654000","653000","652000","651000","97","30","100","5","1","39","41","102","12","49","14","67","64","72","21","111","94","7","28","175","476","653","0","0","0","0","0","-668000","5","-100.00","394","-1","-1","0","0","","0","0","0","","",""
"080047","0000","0","661000","662000","663000","664000","665000","666000","667000","668000","669000","670000","660000","659000","658000","657000","656000","655000","654000","653000","652000","651000","97","30","100","5","1","39","41","102","12","49","13","67","64","72","21","111","94","7","28","175","476","652","0","0","0","0","0","-668000","5","-100.00","395","0","-1","0","0","","0","0","0","","",""
"080047","0001","0","661000","662000","663000","664000","665000","666000","667000","668000","669000","670000","660000","659000","658000","657000","656000","655000","654000","653000","652000","651000","91","30","100","5","1","39","41","102","12","49","16","67","66","71","21","111","94","7","28","175","470","656","0","0","0","0","0","-668000","5","-100.00","401","-5","5","0","0","","0","0","0","","",""
"080047","0002","0","661000","662000","663000","664000","665000","666000","667000","668000","669000","670000","660000","659000","658000","657000","656000","655000","654000","653000","652000","651000","91","30","100","5","1","39","41","102","12","49","17","67","66","71","21","111","94","7","28","175","470","657","0","0","0","0","0","-668000","5","-100.00","405","0","1","0","0","","0","0","0","","",""
"080047","0003","0","661000","662000","663000","664000","665000","666000","667000","668000","669000","670000","660000","659000","658000","657000","656000","655000","654000","653000","652000","651000","91","30","100","5","2","39","41","102","12","49","17","67","67","71","21","111","94","7","28","175","471","658","0","0","0","0","0","-668000","5","-100.00","405","0","1","0","0","","0","0","0","","",""
"080047","0004","0","661000","662000","663000","664000","665000","666000","667000","668000","669000","670000","660000","659000","658000","657000","656000","655000","654000","653000","652000","651000","91","40","100","5","2","39","41","102","12","49","18","67","67","71","22","111","94","7","28","175","481","660","0","0","0","0","0","-668000","5","-100.00","405","0","1","0","0","","0","0","0","","",""
"080048","0000","0","661000","662000","663000","664000","665000","666000","667000","668000","669000","670000","660000","659000","658000","657000","656000","655000","654000","653000","652000","651000","91","40","100","5","2","39","41","102","12","49","23","67","67","71","22","111","94","7","28","175","481","665","0","0","0","0","0","-668000","5","-100.00","405","0","5","0","0","","0","0","0","","",""
"080048","0001","0","661000","662000","663000","664000","665000","666000","667000","668000","669000","670000","660000","659000","658000","657000","656000","655000","654000","653000","652000","651000","94","40","100","2","2","39","41","102","12","49","24","67","67","71","23","111","94","7","28","175","481","667","0","0","0","0","0","-668000","5","-100.00","405","0","1","0","0","","0","0","0","","",""
"080048","0002","0","661000","662000","663000","664000","665000","666000","667000","668000","669000","670000","660000","659000","658000","657000","656000","655000","654000","653000","652000","651000","92","40","100","2","2","39","41","102","12","49","24","72","62","71","23","111","94","7","28","185","479","677","0","0","0","0","0","-668000","5","-100.00","407","0","10","0","0","","0","0","0","","",""
"080049","0000","0","661000","662000","663000","664000","665000","666000","667000","668000","669000","670000","660000","659000","658000","657000","656000","655000","654000","653000","652000","651000","92","40","100","2","2","39","41","102","12","49","17","72","62","71","23","111","94","7","28","185","479","670","0","0","0","0","0","-668000","5","-100.00","414","0","-7","0","0","","0","0","0","","",""
"080049","0001","0","661000","662000","663000","664000","665000","666000","667000","668000","669000","670000","660000","659000","658000","657000","656000","655000","654000","653000","652000","651000","92","40","100","2","2","39","41","102","12","49","17","72","62","72","23","111","94","7","28","185","479","671","0","0","0","0","0","-668000","5","-100.00","414","0","1","0","0","","0","0","0","","",""
"080049","0002","0","661000","662000","663000","664000","665000","666000","667000","668000","669000","670000","660000","659000","658000","657000","656000","655000","654000","653000","652000","651000","92","40","100","2","2","39","41","102","12","49","18","72","62","72","23","111","94","7","28","185","479","672","0","0","0","0","0","-668000","5","-100.00","414","0","1","0","0","","0","0","0","","",""
"080049","0003","0","661000","662000","663000","664000","665000","666000","667000","668000","669000","670000","660000","659000","658000","657000","656000","655000","654000","653000","652000","651000","92","40","100","2","2","51","41","102","12","49","18","72","62","72","23","111","94","7","28","185","491","672","0","0","0","0","0","-668000","5","-100.00","414","12","0","0","0","","0","0","0","","",""
"080050","0000","0","661000","662000","663000","664000","665000","666000","667000","668000","669000","670000","660000","659000","658000","657000","656000","655000","654000","653000","652000","651000","101","31","100","2","2","51","41","102","12","49","11","72","62","72","23","111","94","7","28","190","491","670","0","0","0","0","0","-668000","5","-100.00","421","0","-2","0","0","","0","0","0","","",""
"080050","0001","0","661000","662000","663000","664000","665000","666000","667000","668000","669000","670000","660000","659000","658000","657000","656000","655000","654000","653000","652000","651000","101","31","97","2","2","51","41","102","12","49","8","72","62","72","23","111","94","7","28","190","488","667","0","0","0","0","0","-668000","5","-100.00","424","-3","-3","0","0","","0","0","0","","",""
"080050","0002","0","661000","662000","663000","664000","665000","666000","667000","668000","669000","670000","659000","658000","657000","656000","655000","654000","653000","652000","651000","650000","208","24","97","2","2","51","41","102","12","49","72","62","72","23","111","94","7","28","190","93","588","752","0","0","0","0","0","-668000","5","-100.00","432","100","86","0","0","","0","0","0","","",""
"080050","0003","0","661000","662000","663000","664000","665000","666000","667000","668000","669000","670000","659000","658000","657000","656000","655000","654000","653000","652000","651000","650000","208","24","97","2","3","51","41","102","12","53","72","62","72","23","111","95","7","28","190","93","593","753","0","0","0","0","0","-668000","5","-100.00","432","5","1","0","0","","0","0","0","","",""
"080051","0000","0","661000","662000","663000","664000","665000","666000","667000","668000","669000","670000","659000","658000","657000","656000","655000","654000","653000","652000","651000","650000","203","24","97","2","3","51","41","102","12","53","72","62","72","23","111","95","7","28","190","93","588","753","0","0","0","0","0","-668000","5","-100.00","437","-5","0","0","0","","0","0","0","","",""
"080051","0001","0","661000","662000","663000","664000","665000","666000","667000","668000","669000","670000","659000","658000","657000","656000","655000","654000","653000","652000","651000","650000","203","21","97","2","3","51","41","102","12","53","72","62","72","23","111","95","7","28","190","93","585","753","0","0","0","0","0","-668000","5","-100.00","441","-3","0","0","0","","0","0","0","","",""
"080051","0002","0","660000","661000","662000","663000","664000","665000","666000","667000","668000","669000","659000","658000","657000","656000","655000","654000","653000","652000","651000","650000","47","203","21","49","2","3","51","41","102","12","72","62","72","23","111","95","7","28","190","93","531","753","0","0","0","0","0","-668000","5","-100.00","451","-54","92","0","0","","0","0","0","","",""
"080051","0003","0","660000","661000","662000","663000","664000","665000","666000","667000","668000","669000","659000","658000","657000","656000","655000","654000","653000","652000","651000","650000","47","203","21","49","2","3","52","41","102","12","72","62","73","23","111","95","7","28","190","93","532","754","0","0","0","0","0","-668000","5","-100.00","451","0","1","0","0","","0","0","0","","",""
"080051","0004","0","660000","661000","662000","663000","664000","665000","666000","667000","668000","669000","659000","658000","657000","656000","655000","654000","653000","652000","651000","650000","47","203","21","49","2","3","52","41","102","12","72","62","73","23","111","95","7","28","190","94","532","755","0","0","0","0","0","-668000","5","-100.00","451","0","1","0","0","","0","0","0","","",""
"080052","0000","0","660000","661000","662000","663000","664000","665000","666000","667000","668000","669000","659000","658000","657000","656000","655000","654000","653000","652000","651000","650000","46","203","21","49","2","4","52","41","102","12","72","62","73","23","111","95","7","28","190","94","532","755","0","0","0","0","0","-668000","5","-100.00","452","0","0","0","0","","0","0","0","","",""
"080052","0001","0","660000","661000","662000","663000","664000","665000","666000","667000","668000","669000","659000","658000","657000","656000","655000","654000","653000","652000","651000","650000","47","204","21","48","2","4","52","41","102","12","72","62","73","23","111","95","7","28","190","94","533","755","0","0","0","0","0","-668000","5","-100.00","452","1","0","0","0","","0","0","0","","",""
"080052","0002","0","660000","661000","662000","663000","664000","665000","666000","667000","668000","669000","659000","658000","657000","656000","655000","654000","653000","652000","651000","650000","47","204","21","48","2","4","52","41","102","12","71","62","73","123","112","95","7","28","190","94","533","855","0","0","0","0","0","-668000","5","-100.00","452","0","100","0","0","","0","0","0","","",""
"080053","0000","0","660000","661000","662000","663000","664000","665000","666000","667000","668000","669000","659000","658000","657000","656000","655000","654000","653000","652000","651000","650000","47","204","21","45","2","4","52","41","102","12","71","62","73","123","122","95","7","28","190","94","530","865","0","0","0","0","0","-668000","5","-100.00","452","-3","10","0","0","","0","0","0","","",""
"080053","0001","0","659000","660000","661000","662000","663000","664000","665000","666000","667000","668000","658000","657000","656000","655000","654000","653000","652000","651000","650000","648000","24","49","204","21","45","2","4","52","41","102","67","73","123","122","95","7","28","190","94","5","544","804","0","0","0","0","0","-668000","5","-100.00","523","14","-66","0","0","","0","0","0","","",""
"080053","0002","0","659000","660000","661000","662000","663000","664000","665000","666000","667000","668000","658000","657000","656000","655000","654000","653000","652000","651000","650000","648000","24","51","504","21","45","2","4","52","41","102","67","73","123","123","95","7","28","190","94","5","846","805","0","0","0","0","0","-668000","5","-100.00","523","300","0","0","0","","0","0","0","","",""
"080053","0003","0","659000","660000","661000","662000","663000","664000","665000","666000","667000","668000","658000","657000","656000","655000","654000","653000","652000","651000","650000","648000","24","57","505","21","45","2","4","52","41","102","67","73","123","123","95","7","28","190","94","5","853","805","0","0","0","0","0","-668000","5","-100.00","523","2","0","0","0","","0","0","0","","",""
"080054","0000","0","659000","660000","661000","662000","663000","664000","665000","666000","667000","668000","658000","657000","656000","655000","654000","653000","652000","651000","650000","648000","31","59","505","21","38","2","3","51","41","102","67","73","123","123","95","7","28","190","94","5","853","805","0","0","0","0","0","-668000","5","-100.00","523","2","0","0","0","","0","0","0","","",""
"080054","0001","0","659000","660000","661000","662000","663000","664000","665000","666000","667000","668000","658000","657000","656000","655000","654000","653000","652000","651000","650000","648000","31","59","522","21","38","2","3","51","41","102","67","73","123","123","95","7","28","190","94","5","870","805","0","0","0","0","0","-668000","5","-100.00","523","17","0","0","0","","0","0","0","","",""
"080054","0002","0","659000","660000","661000","662000","663000","664000","665000","666000","667000","668000","658000","657000","656000","655000","654000","653000","652000","651000","650000","648000","32","59","522","21","38","2","3","50","41","102","67","76","123","123","95","7","28","190","94","5","870","808","0","0","0","0","0","-668000","5","-100.00","523","0","3","0","0","","0","0","0","","",""
"080054","0003","0","659000","660000","661000","662000","663000","664000","665000","666000","667000","668000","658000","657000","656000","655000","654000","653000","652000","651000","650000","649000","32","59","522","21","38","2","3","50","41","102","67","76","123","143","95","7","28","190","94","89","870","912","0","0","0","0","0","-668000","5","-100.00","523","0","104","0","0","","0","0","0","","",""
"080055","0000","0","659000","660000","661000","662000","663000","664000","665000","666000","667000","668000","658000","657000","656000","655000","654000","653000","652000","651000","650000","649000","30","59","522","21","38","2","3","50","41","102","117","76","123","143","95","7","28","190","94","89","868","962","0","0","0","0","0","-668000","5","-100.00","525","-1","0","0","0","","0","0","0","","",""
"080055","0001","0","659000","660000","661000","662000","663000","664000","665000","666000","667000","668000","658000","657000","656000","655000","654000","653000","652000","651000","650000","649000","30","79","522","21","38","2","3","50","41","102","117","76","123","143","95","7","28","190","94","89","888","962","0","0","0","0","0","-668000","5","-100.00","525","20","0","0","0","","0","0","0","","",""
"080055","0002","0","659000","660000","661000","662000","663000","664000","665000","666000","667000","668000","658000","657000","656000","655000","654000","653000","652000","651000","650000","649000","30","79","522","21","38","2","3","50","41","102","113","77","123","143","95","7","28","190","94","89","888","959","0","0","0","0","0","-668000","5","-100.00","526","0","-3","0","0","","0","0","0","","",""
"080055","0003","0","659000","660000","661000","662000","663000","664000","665000","666000","667000","668000","658000","657000","656000","655000","654000","653000","652000","651000","650000","649000","32","79","522","21","36","2","3","50","41","102","114","77","123","143","95","7","28","190","114","89","888","980","0","0","0","0","0","-668000","5","-100.00","526","0","20","0","0","","0","0","0","","",""
"080056","0000","0","659000","660000","661000","662000","663000","664000","665000","666000","667000","668000","658000","657000","656000","655000","654000","653000","652000","651000","650000","649000","72","79","522","21","36","2","3","50","41","102","114","77","123","144","95","7","28","190","114","89","928","981","0","0","0","0","0","-668000","5","-100.00","526","40","1","0","0","","0","0","0","","",""
"080056","0001","0","659000","660000","661000","662000","663000","664000","665000","666000","667000","668000","658000","657000","656000","655000","654000","653000","652000","651000","650000","649000","72","79","522","21","36","2","3","50","41","102","119","77","123","144","95","7","28","190","114","89","928","986","0","0","0","0","0","-668000","5","-100.00","526","0","5","0","0","","0","0","0","","",""
"080056","0002","0","659000","660000","661000","662000","663000","664000","665000","666000","667000","668000","658000","657000","656000","655000","654000","653000","652000","651000","650000","649000","81","79","513","21","36","2","4","50","41","102","109","77","123","144","95","7","28","190","114","89","929","976","0","0","0","0","0","-668000","5","-100.00","526","1","0","0","0","","0","0","0","","",""
"080056","0003","0","659000","660000","661000","662000","663000","664000","665000","666000","667000","668000","658000","657000","656000","655000","654000","653000","652000","651000","650000","649000","81","79","513","21","36","2","4","50","41","102","109","78","123","144","95","7","28","190","114","89","929","977","0","0","0","0","0","-668000","5","-100.00","526","0","1","0","0","","0","0","0","","",""
"080056","0004","0","659000","660000","661000","662000","663000","664000","665000","666000","667000","668000","658000","657000","656000","655000","654000","653000","652000","651000","650000","649000","71","79","513","21","36","2","4","50","42","102","109","78","123","144","95","7","28","190","114","89","920","977","0","0","0","0","0","-668000","5","-100.00","536","1","0","0","0","","0","0","0","","",""
"080057","0000","0","659000","660000","661000","662000","663000","664000","665000","666000","667000","668000","658000","657000","656000","655000","654000","653000","652000","651000","650000","649000","71","79","513","21","37","2","5","50","42","102","109","78","123","144","95","7","28","190","114","89","922","977","0","0","0","0","0","-668000","5","-100.00","536","1","0","0","0","","0","0","0","","",""
"080057","0001","0","659000","660000","661000","662000","663000","664000","665000","666000","667000","668000","658000","657000","656000","655000","654000","653000","652000","651000","650000","649000","71","79","513","21","37","2","5","50","42","102","107","78","123","144","95","7","28","190","114","89","922","975","0","0","0","0","0","-668000","5","-100.00","538","0","-2","0","0","","0","0","0","","",""
"080057","0002","0","659000","660000","661000","662000","663000","664000","665000","666000","667000","668000","658000","657000","656000","655000","654000","653000","652000","651000","650000","649000","71","79","513","21","37","2","5","50","42","103","107","78","123","144","95","7","28","190","114","89","923","975","0","0","0","0","0","-668000","5","-100.00","538","1","0","0","0","","0","0","0","","",""
"080057","0003","0","659000","660000","661000","662000","663000","664000","665000","666000","667000","668000","658000","657000","656000","655000","654000","653000","652000","651000","650000","649000","71","79","513","21","37","2","5","50","42","103","107","78","123","144","96","7","28","190","114","89","923","976","0","0","0","0","0","-668000","5","-100.00","538","0","1","0","0","","0","0","0","","",""
"080058","0000","0","659000","660000","661000","662000","663000","664000","665000","666000","667000","668000","658000","657000","656000","655000","654000","653000","652000","651000","650000","649000","71","79","513","21","37","2","5","51","42","103","109","78","123","144","96","7","28","190","114","89","924","978","0","0","0","0","0","-668000","5","-100.00","538","1","1","0","0","","0","0","0","","",""
"080058","0001","0","659000","660000","661000","662000","663000","664000","665000","666000","667000","668000","658000","657000","656000","655000","654000","653000","652000","651000","650000","649000","71","79","513","21","37","2","5","51","42","103","109","78","123","145","96","7","28","190","114","89","924","979","0","0","0","0","0","-668000","5","-100.00","538","0","1","0","0","","0","0","0","","",""
"080058","0002","0","659000","660000","661000","662000","663000","664000","665000","666000","667000","668000","658000","657000","656000","655000","654000","653000","652000","651000","650000","649000","71","78","513","21","37","2","5","51","42","103","108","78","123","145","96","7","28","190","114","89","923","978","0","0","0","0","0","-668000","5","-100.00","540","0","-1","0","0","","0","0","0","","",""
"080058","0003","0","659000","660000","661000","662000","663000","664000","665000","666000","667000","668000","658000","657000","656000","655000","654000","653000","652000","651000","650000","649000","71","78","513","21","38","2","5","51","42","103","108","78","123","145","96","7","28","190","117","89","924","981","0","0","0","0","0","-668000","5","-100.00","540","1","3","0","0","","0","0","0","","",""
"080058","0004","0","659000","660000","661000","662000","663000","664000","665000","666000","667000","668000","658000","657000","656000","655000","654000","653000","652000","651000","650000","649000","68","78","513","21","38","2","5","51","42","103","109","78","123","145","96","7","28","190","117","89","921","982","0","0","0","0","0","-668000","5","-100.00","543","-3","1","0","0","","0","0","0","","",""
"080059","0000","0","659000","660000","661000","662000","663000","664000","665000","666000","667000","668000","658000","657000","656000","655000","654000","653000","652000","651000","650000","649000","68","78","513","22","38","2","5","51","42","103","109","78","123","145","96","8","28","190","117","89","922","983","0","0","0","0","0","-668000","5","-100.00","543","0","1","0","0","","0","0","0","","",""
"080059","0001","0","659000","660000","661000","662000","663000","664000","665000","666000","667000","668000","658000","657000","656000","655000","654000","653000","652000","651000","650000","649000","70","78","513","22","38","2","5","51","42","103","109","78","123","145","96","8","28","190","117","89","924","983","0","0","0","0","0","-668000","5","-100.00","543","2","0","0","0","","0","0","0","","",""
"080059","0002","0","659000","660000","661000","662000","663000","664000","665000","666000","667000","668000","658000","657000","656000","655000","654000","653000","652000","651000","650000","649000","70","78","513","22","38","2","5","51","42","103","109","163","123","145","96","8","28","190","117","89","924","1068","0","0","0","0","0","-668000","5","-100.00","543","0","85","0","0","","0","0","0","","",""
"080100","0000","0","659000","660000","661000","662000","663000","664000","665000","666000","667000","668000","658000","657000","656000","655000","654000","653000","652000","651000","650000","649000","61","78","513","22","38","2","5","51","42","103","109","178","123","145","96","8","28","190","117","89","915","1083","0","0","0","0","0","-668000","5","-100.00","553","-10","0","0","0","","0","0","0","","",""
"080100","0001","0","659000","660000","661000","662000","663000","664000","665000","666000","667000","668000","658000","657000","656000","655000","654000","653000","652000","651000","650000","649000","70","78","513","22","38","2","5","51","42","103","109","178","123","155","96","8","28","192","117","89","924","1095","0","0","0","0","0","-668000","5","-100.00","553","0","2","0","0","","0","0","0","","",""
"080100","0002","0","659000","660000","661000","662000","663000","664000","665000","666000","667000","668000","658000","657000","656000","655000","654000","653000","652000","651000","650000","649000","60","78","513","22","38","2","5","51","42","103","109","178","123","155","96","8","28","192","117","89","914","1095","0","0","0","0","0","-668000","5","-100.00","563","-10","0","0","0","","0","0","0","","",""
"080100","0003","0","659000","660000","661000","662000","663000","664000","665000","666000","667000","668000","658000","657000","656000","655000","654000","653000","652000","651000","650000","649000","61","78","513","22","38","2","5","51","42","103","109","178","123","155","96","8","28","193","117","89","915","1096","0","0","0","0","0","-668000","5","-100.00","563","1","0","0","0","","0","0","0","","",""
"080101","0000","0","659000","660000","661000","662000","663000","664000","665000","666000","667000","668000","658000","657000","656000","655000","654000","653000","652000","651000","650000","649000","63","78","513","22","38","2","5","51","42","103","110","178","123","155","96","8","28","193","117","89","917","1097","0","0","0","0","0","-668000","5","-100.00","564","3","0","0","0","","0","0","0","","",""
"080101","0001","0","659000","660000","661000","662000","663000","664000","665000","666000","667000","668000","658000","657000","656000","655000","654000","653000","652000","651000","650000","649000","63","78","513","22","38","2","5","51","42","103","110","178","123","155","97","8","28","193","117","89","917","1098","0","0","0","0","0","-668000","5","-100.00","564","0","1","0","0","","0","0","0","","",""
"080101","0002","0","659000","660000","661000","662000","663000","664000","665000","666000","667000","668000","658000","657000","656000","655000","654000","653000","652000","651000","650000","649000","65","78","513","22","38","2","5","51","42","103","110","178","123","155","97","8","28","193","117","89","919","1098","0","0","0","0","0","-668000","5","-100.00","564","2","0","0","0","","0","0","0","","",""
"080101","0003","0","659000","660000","661000","662000","663000","664000","665000","666000","667000","668000","658000","657000","656000","655000","654000","653000","652000","651000","650000","649000","65","78","513","22","38","2","5","51","42","103","89","178","123","155","97","8","28","193","117","89","919","1077","0","0","0","0","0","-668000","5","-100.00","586","0","-21","0","0","","0","0","0","","",""
"080101","0004","0","659000","660000","661000","662000","663000","664000","665000","666000","667000","668000","658000","657000","656000","655000","654000","653000","652000","651000","650000","649000","76","78","513","22","38","2","5","51","42","103","90","178","123","155","97","8","28","193","117","89","930","1078","0","0","0","0","0","-668000","5","-100.00","586","11","1","0","0","","0","0","0","","",""
"080102","0000","0","659000","660000","661000","662000","663000","664000","665000","666000","667000","668000","658000","657000","656000","655000","654000","653000","652000","651000","650000","649000","116","78","513","22","38","2","5","51","42","103","95","178","125","155","97","8","28","193","117","89","970","1085","0","0","0","0","0","-668000","5","-100.00","586","40","0","0","0","","0","0","0","","",""
"080102","0001","0","659000","660000","661000","662000","663000","664000","665000","666000","667000","668000","658000","657000","656000","655000","654000","653000","652000","651000","650000","649000","116","78","513","22","38","2","5","51","42","103","96","179","125","155","97","8","28","193","117","89","970","1087","0","0","0","0","0","-668000","5","-100.00","586","0","1","0","0","","0","0","0","","",""
"080102","0002","0","659000","660000","661000","662000","663000","664000","665000","666000","667000","668000","658000","657000","656000","655000","654000","653000","652000","651000","650000","649000","116","78","513","22","38","2","5","51","42","103","96","179","125","156","97","8","28","193","117","89","970","1088","0","0","0","0","0","-668000","5","-100.00","586","0","1","0","0","","0","0","0","","",""
"080102","0003","0","659000","660000","661000","662000","663000","664000","665000","666000","667000","668000","658000","657000","656000","655000","654000","653000","652000","651000","650000","649000","124","78","513","22","38","2","5","51","42","103","80","179","125","156","97","8","28","193","117","89","978","1072","0","0","0","0","0","-668000","5","-100.00","602","7","0","0","0","","0","0","0","","",""
"080103","0000","0","659000","660000","661000","662000","663000","664000","665000","666000","667000","668000","658000","657000","656000","655000","654000","653000","652000","651000","650000","649000","124","78","513","22","38","2","5","51","42","103","81","180","125","156","97","8","28","194","117","89","978","1075","0","0","0","0","0","-668000","5","-100.00","602","0","2","0","0","","0","0","0","","",""
"080103","0001","0","659000","660000","661000","662000","663000","664000","665000","666000","667000","668000","658000","657000","656000","655000","654000","653000","652000","651000","650000","649000","124","78","513","22","38","2","5","51","42","103","81","180","125","158","97","8","28","194","118","89","978","1078","0","0","0","0","0","-668000","5","-100.00","602","0","1","0","0","","0","0","0","","",""
"080103","0002","0","659000","660000","661000","662000","663000","664000","665000","666000","667000","668000","658000","657000","656000","655000","654000","653000","652000","651000","650000","649000","124","78","511","22","38","2","5","51","42","103","81","180","125","158","97","10","28","194","118","89","976","1080","0","0","0","0","0","-668000","5","-100.00","602","-2","0","0","0","","0","0","0","","",""
"080103","0003","0","659000","660000","661000","662000","663000","664000","665000","666000","667000","668000","658000","657000","656000","655000","654000","653000","652000","651000","650000","649000","122","78","511","22","38","2","5","51","42","103","84","180","125","158","97","10","28","194","118","89","974","1083","0","0","0","0","0","-668000","5","-100.00","604","-2","0","0","0","","0","0","0","","",""
"080103","0004","0","659000","660000","661000","662000","663000","664000","665000","666000","667000","668000","658000","657000","656000","655000","654000","653000","652000","651000","650000","649000","122","78","512","22","38","2","5","51","42","103","85","180","125","158","97","10","28","194","118","89","975","1084","0","0","0","0","0","-668000","5","-100.00","604","1","0","0","0","","0","0","0","","",""
"080104","0000","0","659000","660000","661000","662000","663000","664000","665000","666000","667000","668000","658000","657000","656000","655000","654000","653000","652000","651000","650000","649000","122","78","512","22","38","2","5","51","42","103","75","180","125","158","97","10","38","194","118","89","975","1084","0","0","0","0","0","-668000","5","-100.00","614","0","10","0","0","","0","0","0","","",""
"080104","0001","0","659000","660000","661000","662000","663000","664000","665000","666000","667000","668000","658000","657000","656000","655000","654000","653000","652000","651000","650000","649000","124","78","512","22","38","2","5","51","42","103","75","180","125","158","97","10","38","214","118","89","977","1104","0","0","0","0","0","-668000","5","-100.00","614","2","20","0","0","","0","0","0","","",""
"080104","0002","0","659000","660000","661000","662000","663000","664000","665000","666000","667000","668000","658000","657000","656000","655000","654000","653000","652000","651000","650000","649000","124","78","512","22","38","2","5","51","57","103","77","180","125","158","97","10","38","214","121","89","992","1109","0","0","0","0","0","-668000","5","-100.00","614","0","3","0","0","","0","0","0","","",""
"080104","0003","0","659000","660000","661000","662000","663000","664000","665000","666000","667000","668000","658000","657000","656000","655000","654000","653000","652000","651000","650000","649000","124","78","512","22","38","2","5","51","57","103","77","180","125","208","97","11","38","214","121","89","992","1160","0","0","0","0","0","-668000","5","-100.00","614","0","1","0","0","","0","0","0","","",""
"080104","0004","0","659000","660000","661000","662000","663000","664000","665000","666000","667000","668000","658000","657000","656000","655000","654000","653000","652000","651000","650000","649000","124","78","512","22","38","2","5","51","57","103","55","180","125","208","97","11","38","214","121","89","992","1138","0","0","0","0","0","-668000","5","-100.00","636","0","-22","0","0","","0","0","0","","",""
