"time","millisec","HOUR_CLS_CODE","ASKP1","ASKP2","ASKP3","ASKP4","ASKP5","ASKP6","ASKP7","ASKP8","ASKP9","ASKP10","BIDP1","BIDP2","BIDP3","BIDP4","BIDP5","BIDP6","BIDP7","BIDP8","BIDP9","BIDP10","ASKP_RSQN1","ASKP_RSQN2","ASKP_RSQN3","ASKP_RSQN4","ASKP_RSQN5","ASKP_RSQN6","ASKP_RSQN7","ASKP_RSQN8","ASKP_RSQN9","ASKP_RSQN10","BIDP_RSQN1","BIDP_RSQN2","BIDP_RSQN3","BIDP_RSQN4","BIDP_RSQN5","BIDP_RSQN6","BIDP_RSQN7","BIDP_RSQN8","BIDP_RSQN9","BIDP_RSQN10","TOTAL_ASKP_RSQN","TOTAL_BIDP_RSQN","OVTM_TOTAL_ASKP_RSQN","OVTM_TOTAL_BIDP_RSQN","ANTC_CNPR","ANTC_CNQN","ANTC_VOL","ANTC_CNTG_VRSS","ANTC_CNTG_VRSS_SIGN","ANTC_CNTG_PRDY_CTRT","ACML_VOL","TOTAL_ASKP_RSQN_ICDC","TOTAL_BIDP_RSQN_ICDC","OVTM_TOTAL_ASKP_ICDC","OVTM_TOTAL_BIDP_ICDC","STCK_DEAL_CLS_CODE","KMID_PRC","KMID_TOTAL_RSQN","KMID_CLS_CODE","NMID_PRC","NMID_TOTAL_RSQN","NMID_CLS_CODE"
"080000","0000","0","804000","807000","809000","811000","820000","823000","827000","851000","855000","888000","800000","790000","786000","780000","778000","777000","776000","762000","755000","729000","39","2","2","131","4","3","15","3","1","88","5","1","12","50","64","3","53","20","1","12","288","221","0","0","0","0","0","-811000","5","-100.00","5","0","0","0","0","","0","0","0","","",""
"080001","0000","0","807000","809000","811000","820000","823000","827000","850000","851000","855000","883000","805000","804000","800000","792000","791000","786000","780000","778000","777000","776000","2","3","131","4","3","15","8","3","1","2","2","424","1","1","2","12","50","64","3","53","172","612","0","0","0","0","0","-811000","5","-100.00","113","-116","391","0","0","","0","0","0","","",""
"080001","0001","0","805000","806000","809000","811000","815000","819000","820000","823000","827000","829000","804000","800000","792000","791000","790000","786000","785000","784000","783000","780000","5","5","3","131","1","173","104","3","15","1","374","1","1","2","1","12","20","1","51","50","441","513","0","0","0","0","0","-811000","5","-100.00","167","269","-99","0","0","","0","0","0","","",""
"080002","0000","0","806000","809000","811000","815000","819000","820000","823000","827000","829000","830000","804000","802000","800000","792000","791000","790000","786000","785000","784000","783000","3","3","131","2","173","104","23","15","1","25","332","1","22","1","2","1","12","20","1","51","480","443","0","0","0","0","0","-811000","5","-100.00","217","39","-70","0","0","","0","0","0","","",""
"080002","0001","0","811000","815000","819000","820000","823000","827000","829000","830000","835000","839000","805000","804000","802000","800000","792000","791000","790000","789000","788000","786000","137","2","173","104","23","15","1","28","10","27","2","331","1","25","3","28","3","2","2","12","520","409","0","0","0","0","0","-811000","5","-100.00","235","40","-34","0","0","","0","0","0","","",""
"080003","0000","0","808000","811000","815000","819000","820000","823000","827000","829000","830000","835000","805000","804000","802000","800000","792000","791000","790000","789000","788000","786000","73","133","2","174","104","23","15","1","28","15","2","331","1","28","13","28","3","2","2","12","568","422","0","0","0","0","0","-811000","5","-100.00","250","48","13","0","0","","0","0","0","","",""
"080003","0001","0","808000","809000","810000","811000","815000","818000","819000","820000","823000","827000","804000","802000","800000","792000","791000","790000","789000","788000","786000","785000","68","1","1","133","2","30","174","104","23","15","315","1","28","13","28","6","2","2","12","30","551","437","0","0","0","0","0","-811000","5","-100.00","278","-17","15","0","0","","0","0","0","","",""
"080004","0000","0","805000","808000","809000","810000","811000","815000","818000","819000","820000","823000","804000","802000","800000","792000","791000","790000","789000","788000","786000","785000","1","68","1","1","133","2","30","174","104","23","315","1","28","13","28","6","2","2","12","30","537","437","0","0","0","0","0","-811000","5","-100.00","279","-14","0","0","0","","0","0","0","","",""
"080004","0001","0","805000","808000","809000","810000","811000","815000","818000","819000","820000","823000","804000","802000","800000","792000","791000","790000","789000","788000","786000","785000","1","68","1","1","133","2","30","174","104","43","314","1","28","13","28","6","2","2","12","30","557","436","0","0","0","0","0","-811000","5","-100.00","280","20","-1","0","0","","0","0","0","","",""
"080005","0000","0","808000","809000","810000","811000","815000","818000","819000","820000","823000","827000","804000","802000","800000","794000","792000","791000","790000","789000","788000","786000","68","1","1","137","2","30","174","104","43","15","313","1","58","1","13","28","6","2","2","12","575","436","0","0","0","0","0","-811000","5","-100.00","282","18","0","0","0","","0","0","0","","",""
"080005","0001","0","808000","809000","810000","811000","815000","818000","819000","820000","823000","827000","804000","802000","800000","799000","794000","792000","791000","790000","789000","788000","68","1","1","137","2","30","174","104","43","15","313","2","58","1","1","13","28","6","2","2","575","426","0","0","0","0","0","-811000","5","-100.00","283","0","-10","0","0","","0","0","0","","",""
"080005","0002","0","805000","808000","809000","810000","811000","815000","818000","819000","820000","823000","804000","802000","800000","799000","794000","793000","792000","791000","790000","789000","3","68","1","1","137","2","30","174","104","43","294","2","58","1","1","8","13","28","6","2","563","413","0","0","0","0","0","-811000","5","-100.00","302","-12","-13","0","0","","0","0","0","","",""
"080006","0000","0","808000","809000","810000","811000","815000","818000","819000","820000","823000","827000","804000","802000","800000","799000","794000","793000","792000","791000","790000","789000","68","1","1","137","2","30","174","104","43","15","294","2","58","1","1","8","13","28","6","2","575","413","0","0","0","0","0","-811000","5","-100.00","305","12","0","0","0","","0","0","0","","",""
"080006","0001","0","808000","809000","810000","811000","815000","818000","819000","820000","823000","827000","804000","802000","800000","799000","794000","793000","792000","791000","790000","789000","67","1","1","137","2","30","174","104","43","15","340","2","58","1","1","8","13","28","6","2","574","459","0","0","0","0","0","-811000","5","-100.00","306","-1","46","0","0","","0","0","0","","",""
"080006","0002","0","808000","809000","810000","811000","815000","818000","819000","820000","823000","827000","804000","802000","800000","799000","794000","793000","792000","791000","790000","789000","67","1","1","137","2","30","174","104","63","15","340","2","58","1","1","8","13","38","6","2","594","469","0","0","0","0","0","-811000","5","-100.00","306","20","10","0","0","","0","0","0","","",""
"080007","0000","0","808000","809000","810000","811000","815000","818000","819000","820000","823000","827000","804000","802000","800000","799000","794000","793000","792000","791000","790000","789000","67","1","1","137","2","30","174","104","63","15","341","2","58","1","1","8","13","38","6","2","594","470","0","0","0","0","0","-811000","5","-100.00","306","0","1","0","0","","0","0","0","","",""
"080007","0001","0","808000","809000","810000","811000","815000","818000","819000","820000","823000","827000","805000","804000","802000","800000","799000","794000","793000","792000","791000","790000","53","1","1","137","2","30","174","119","63","15","1","339","2","58","1","1","8","13","38","6","595","467","0","0","0","0","0","-811000","5","-100.00","322","1","-3","0","0","","0","0","0","","",""
"080007","0002","0","808000","809000","810000","811000","815000","818000","819000","820000","823000","827000","805000","804000","802000","800000","799000","794000","793000","792000","791000","790000","52","1","1","137","2","30","174","119","63","15","4","339","2","58","1","1","8","13","38","6","594","470","0","0","0","0","0","-811000","5","-100.00","323","-1","3","0","0","","0","0","0","","",""
"080007","0003","0","808000","809000","810000","811000","815000","818000","819000","820000","823000","827000","805000","804000","802000","800000","799000","794000","793000","792000","791000","790000","51","1","1","137","2","30","174","119","63","15","4","339","2","58","1","1","8","13","119","6","593","551","0","0","0","0","0","-811000","5","-100.00","324","-1","81","0","0","","0","0","0","","",""
"080008","0000","0","808000","809000","810000","811000","815000","818000","819000","820000","823000","827000","805000","804000","802000","800000","799000","794000","793000","792000","791000","790000","26","1","1","137","2","30","174","121","63","15","4","339","2","55","1","1","8","13","119","6","570","548","0","0","0","0","0","-811000","5","-100.00","349","-23","-3","0","0","","0","0","0","","",""
"080008","0001","0","808000","809000","810000","811000","815000","818000","819000","820000","823000","827000","805000","804000","802000","800000","799000","794000","793000","792000","791000","790000","26","1","1","137","2","30","174","121","63","15","4","343","2","55","1","1","8","13","119","6","570","552","0","0","0","0","0","-811000","5","-100.00","349","0","4","0","0","","0","0","0","","",""
"080009","0000","0","808000","809000","810000","811000","815000","818000","819000","820000","823000","827000","804000","802000","800000","799000","794000","793000","792000","791000","790000","789000","26","1","1","137","2","30","174","121","63","15","322","2","55","1","1","8","13","119","6","2","570","529","0","0","0","0","0","-811000","5","-100.00","374","0","-23","0","0","","0","0","0","","",""
"080009","0001","0","808000","809000","810000","811000","815000","818000","819000","820000","823000","827000","805000","804000","802000","800000","799000","794000","793000","792000","791000","790000","32","1","1","137","2","30","174","121","63","15","1","323","2","55","1","1","8","13","119","6","576","529","0","0","0","0","0","-811000","5","-100.00","374","6","0","0","0","","0","0","0","","",""
"080009","0002","0","809000","810000","811000","815000","818000","819000","820000","823000","827000","829000","805000","804000","802000","800000","799000","794000","793000","792000","791000","790000","1","1","137","2","30","174","121","63","15","1","7","323","2","55","1","1","8","13","119","6","545","535","0","0","0","0","0","-811000","5","-100.00","408","-31","6","0","0","","0","0","0","","",""
"080010","0000","0","809000","810000","811000","815000","818000","819000","820000","823000","825000","827000","808000","805000","804000","802000","800000","799000","794000","793000","792000","791000","1","1","137","2","30","174","121","63","123","15","1","7","323","2","56","1","1","8","13","119","667","531","0","0","0","0","0","-811000","5","-100.00","408","122","-4","0","0","","0","0","0","","",""
"080010","0001","0","808000","809000","810000","811000","815000","818000","819000","820000","823000","825000","805000","804000","802000","800000","799000","794000","793000","792000","791000","790000","4","1","1","137","2","30","174","121","63","123","7","323","2","56","1","1","8","13","119","7","656","537","0","0","0","0","0","-811000","5","-100.00","409","-11","6","0","0","","0","0","0","","",""
"080010","0002","0","808000","809000","810000","811000","815000","818000","819000","820000","823000","825000","805000","804000","802000","800000","799000","794000","793000","792000","791000","790000","5","1","1","137","2","31","174","121","63","123","7","328","2","56","1","1","8","13","119","7","658","542","0","0","0","0","0","-811000","5","-100.00","409","2","5","0","0","","0","0","0","","",""
"080010","0003","0","808000","809000","810000","811000","815000","818000","819000","820000","823000","825000","804000","802000","800000","799000","794000","793000","792000","791000","790000","789000","5","1","1","137","2","31","174","121","63","123","309","2","56","1","1","8","13","119","7","2","658","518","0","0","0","0","0","-811000","5","-100.00","435","0","-24","0","0","","0","0","0","","",""
"080011","0000","0","808000","809000","810000","811000","815000","818000","819000","820000","823000","825000","805000","804000","802000","800000","799000","794000","793000","792000","791000","790000","6","1","1","137","2","31","174","121","63","123","32","287","2","56","1","1","8","13","119","7","659","526","0","0","0","0","0","-811000","5","-100.00","463","1","8","0","0","","0","0","0","","",""
"080011","0001","0","808000","809000","810000","811000","815000","818000","819000","820000","823000","825000","805000","804000","802000","800000","799000","794000","793000","792000","791000","790000","8","1","1","137","2","31","174","125","63","123","12","287","2","56","1","1","8","13","119","7","665","506","0","0","0","0","0","-811000","5","-100.00","483","6","-20","0","0","","0","0","0","","",""
"080012","0000","0","808000","809000","810000","811000","815000","818000","819000","820000","823000","825000","805000","804000","802000","800000","799000","794000","793000","792000","791000","790000","8","1","1","137","2","31","174","125","63","123","9","287","2","56","1","1","8","13","37","7","665","421","0","0","0","0","0","-811000","5","-100.00","486","0","-85","0","0","","0","0","0","","",""
"080012","0001","0","808000","809000","810000","811000","815000","818000","819000","820000","823000","825000","805000","804000","802000","800000","799000","798000","794000","793000","792000","791000","8","1","1","137","2","31","174","125","63","123","53","241","2","56","1","1","1","8","13","37","665","413","0","0","0","0","0","-811000","5","-100.00","488","0","-8","0","0","","0","0","0","","",""
"080012","0002","0","807000","808000","810000","811000","815000","818000","819000","820000","823000","825000","805000","804000","802000","800000","799000","798000","794000","793000","792000","791000","1","8","1","137","2","31","174","125","63","123","53","241","2","57","1","1","1","8","13","37","665","414","0","0","0","0","0","-811000","5","-100.00","488","0","1","0","0","","0","0","0","","",""
"080013","0000","0","807000","808000","810000","811000","815000","818000","819000","820000","823000","825000","805000","804000","802000","800000","799000","798000","794000","793000","792000","791000","1","8","1","137","2","31","174","125","63","123","53","241","7","57","1","1","1","8","13","37","665","419","0","0","0","0","0","-811000","5","-100.00","488","0","5","0","0","","0","0","0","","",""
"080013","0001","0","808000","810000","811000","815000","818000","819000","820000","823000","825000","827000","805000","804000","802000","800000","799000","798000","794000","793000","792000","791000","8","1","137","2","31","174","125","63","123","15","53","241","17","57","1","1","1","8","13","37","679","429","0","0","0","0","0","-811000","5","-100.00","489","14","10","0","0","","0","0","0","","",""
"080013","0002","0","808000","810000","811000","812000","815000","818000","819000","820000","823000","825000","806000","805000","804000","802000","800000","799000","798000","794000","793000","792000","8","1","137","1","2","31","174","125","63","123","1","53","241","17","57","1","1","1","8","13","665","393","0","0","0","0","0","-811000","5","-100.00","489","-14","-36","0","0","","0","0","0","","",""
"080014","0000","0","808000","810000","811000","812000","815000","818000","819000","820000","823000","825000","805000","804000","802000","800000","799000","798000","794000","793000","792000","791000","12","1","137","1","2","31","174","121","63","123","41","242","17","58","1","1","1","8","13","37","665","419","0","0","0","0","0","-811000","5","-100.00","537","0","26","0","0","","0","0","0","","",""
"080014","0001","0","808000","810000","811000","812000","815000","818000","819000","820000","823000","825000","805000","804000","802000","800000","799000","798000","794000","793000","792000","791000","92","1","137","1","2","31","174","121","63","123","60","242","17","58","1","1","1","8","13","67","745","468","0","0","0","0","0","-811000","5","-100.00","544","80","49","0","0","","0","0","0","","",""
"080014","0002","0","808000","810000","811000","812000","815000","818000","819000","820000","823000","825000","804000","802000","800000","799000","798000","794000","793000","792000","791000","790000","92","1","137","1","2","31","174","121","63","123","80","17","58","1","1","1","8","13","67","7","745","253","0","0","0","0","0","-811000","5","-100.00","766","0","-215","0","0","","0","0","0","","",""
"080015","0000","0","808000","810000","811000","812000","815000","818000","819000","820000","823000","825000","805000","804000","802000","800000","799000","798000","794000","793000","792000","791000","92","1","137","1","2","31","174","121","63","123","1","80","17","58","1","1","1","8","13","66","745","246","0","0","0","0","0","-811000","5","-100.00","772","0","-7","0","0","","0","0","0","","",""
"080015","0001","0","808000","810000","811000","812000","815000","818000","819000","820000","823000","825000","805000","804000","802000","800000","799000","798000","794000","793000","792000","791000","92","1","137","1","2","31","174","121","63","124","1","80","17","58","1","1","1","9","13","66","746","247","0","0","0","0","0","-811000","5","-100.00","772","1","1","0","0","","0","0","0","","",""
"080015","0002","0","808000","810000","811000","812000","815000","818000","819000","820000","823000","825000","805000","804000","802000","800000","799000","798000","794000","793000","792000","791000","92","6","137","1","2","31","174","121","63","124","1","80","17","58","1","1","1","1","13","66","751","239","0","0","0","0","0","-811000","5","-100.00","772","5","-8","0","0","","0","0","0","","",""
"080016","0000","0","808000","810000","811000","812000","815000","818000","819000","820000","823000","825000","805000","804000","802000","800000","799000","798000","794000","793000","792000","791000","92","6","137","1","2","31","174","121","63","124","1","80","18","58","1","1","1","1","13","66","751","240","0","0","0","0","0","-811000","5","-100.00","772","0","1","0","0","","0","0","0","","",""
"080016","0001","0","808000","810000","811000","812000","815000","818000","819000","820000","823000","825000","805000","804000","802000","800000","799000","798000","794000","793000","792000","791000","92","6","142","1","2","31","174","121","63","124","1","80","18","58","1","1","1","1","13","66","756","240","0","0","0","0","0","-811000","5","-100.00","772","5","0","0","0","","0","0","0","","",""
"080016","0002","0","815000","818000","819000","820000","823000","825000","827000","829000","830000","835000","811000","805000","804000","802000","800000","799000","798000","794000","793000","792000","2","31","174","121","63","124","15","11","58","15","314","1","80","18","58","251","1","1","1","13","614","738","0","0","0","0","0","-811000","5","-100.00","1809","-142","498","0","0","","0","0","0","","",""
"080017","0000","0","815000","818000","819000","820000","823000","825000","827000","829000","830000","835000","811000","805000","804000","802000","800000","799000","798000","794000","793000","792000","2","31","174","121","63","124","15","11","58","15","313","1","82","18","58","251","1","1","1","13","614","739","0","0","0","0","0","-811000","5","-100.00","1812","0","1","0","0","","0","0","0","","",""
"080017","0001","0","815000","818000","819000","820000","823000","825000","827000","829000","830000","835000","811000","805000","804000","802000","800000","799000","798000","797000","794000","793000","2","31","174","121","144","124","15","11","58","15","313","1","88","18","58","251","1","1","1","1","695","733","0","0","0","0","0","-811000","5","-100.00","1812","81","-6","0","0","","0","0","0","","",""
"080017","0002","0","815000","818000","819000","820000","823000","825000","827000","829000","830000","835000","811000","805000","804000","802000","800000","799000","798000","797000","794000","793000","2","31","174","121","144","124","15","11","58","15","307","1","88","18","58","251","1","1","1","1","695","727","0","0","0","0","0","-811000","5","-100.00","1818","0","-6","0","0","","0","0","0","","",""
"080017","0003","0","815000","818000","819000","820000","823000","825000","827000","829000","830000","835000","811000","806000","805000","804000","802000","800000","799000","798000","797000","794000","2","31","174","121","144","124","15","11","58","15","303","1","3","88","18","58","251","1","1","1","695","725","0","0","0","0","0","-811000","5","-100.00","1822","0","-2","0","0","","0","0","0","","",""
"080018","0000","0","815000","818000","819000","820000","823000","825000","827000","829000","830000","835000","811000","806000","805000","804000","802000","800000","799000","798000","797000","794000","2","31","174","121","144","124","15","11","58","16","303","1","3","88","19","59","253","1","1","3","696","731","0","0","0","0","0","-811000","5","-100.00","1822","1","6","0","0","","0","0","0","","",""
"080018","0001","0","815000","818000","819000","820000","823000","825000","827000","829000","830000","835000","811000","806000","805000","804000","802000","800000","799000","798000","797000","794000","2","31","174","121","144","124","15","11","58","16","303","1","3","88","19","123","253","1","1","3","696","795","0","0","0","0","0","-811000","5","-100.00","1822","0","64","0","0","","0","0","0","","",""
"080019","0000","0","815000","818000","819000","820000","823000","825000","827000","829000","830000","835000","811000","808000","806000","805000","804000","802000","800000","799000","798000","797000","4","31","174","121","144","124","15","11","58","16","298","1","1","3","88","19","133","253","1","1","698","798","0","0","0","0","0","-811000","5","-100.00","1827","2","3","0","0","","0","0","0","","",""
"080019","0001","0","815000","818000","819000","820000","823000","825000","827000","829000","830000","835000","811000","808000","806000","805000","804000","802000","800000","799000","798000","797000","4","31","174","121","144","124","15","11","58","16","298","1","16","3","90","19","133","253","1","1","698","815","0","0","0","0","0","-811000","5","-100.00","1827","0","17","0","0","","0","0","0","","",""
"080019","0002","0","811000","814000","815000","818000","819000","820000","823000","825000","827000","829000","804000","802000","800000","799000","798000","797000","794000","793000","792000","791000","11","127","5","31","174","121","144","124","15","11","48","19","136","253","1","1","3","3","5","69","763","538","0","0","0","0","0","-811000","5","-100.00","2776","65","-277","0","0","","0","0","0","","",""
"080020","0000","0","811000","814000","815000","818000","819000","820000","823000","825000","827000","829000","804000","802000","800000","799000","798000","797000","794000","793000","792000","791000","11","127","5","31","174","121","144","125","15","11","48","19","136","253","1","1","3","3","5","69","764","538","0","0","0","0","0","-811000","5","-100.00","2776","1","0","0","0","","0","0","0","","",""
"080020","0001","0","811000","814000","815000","818000","819000","820000","823000","825000","827000","829000","805000","804000","802000","800000","799000","798000","797000","794000","793000","792000","77","127","5","31","174","121","144","125","15","11","1","48","19","136","253","1","1","3","3","5","830","470","0","0","0","0","0","-811000","5","-100.00","2776","66","-68","0","0","","0","0","0","","",""
"080020","0002","0","811000","814000","815000","818000","819000","820000","823000","825000","827000","829000","805000","804000","802000","800000","799000","798000","797000","794000","793000","792000","77","127","5","31","174","121","144","125","15","11","3","48","19","136","253","1","1","3","3","5","830","472","0","0","0","0","0","-811000","5","-100.00","2776","0","2","0","0","","0","0","0","","",""
"080021","0000","0","811000","814000","815000","818000","819000","820000","823000","825000","827000","829000","805000","804000","802000","800000","799000","798000","797000","794000","793000","792000","77","127","7","31","174","121","144","125","15","11","3","48","19","136","253","1","1","3","3","5","832","472","0","0","0","0","0","-811000","5","-100.00","2776","2","0","0","0","","0","0","0","","",""
"080021","0001","0","811000","814000","815000","818000","819000","820000","823000","825000","827000","829000","805000","804000","802000","800000","799000","798000","797000","794000","793000","792000","77","127","7","31","174","121","144","125","15","11","48","48","19","139","253","1","1","3","3","5","832","520","0","0","0","0","0","-811000","5","-100.00","2793","0","48","0","0","","0","0","0","","",""
"080021","0002","0","811000","814000","815000","818000","819000","820000","823000","825000","827000","829000","805000","804000","802000","800000","799000","798000","797000","794000","793000","792000","88","127","7","31","174","121","144","125","15","11","48","48","19","139","253","1","1","3","3","5","843","520","0","0","0","0","0","-811000","5","-100.00","2793","11","0","0","0","","0","0","0","","",""
"080022","0000","0","811000","814000","815000","818000","819000","820000","823000","825000","827000","829000","805000","804000","802000","800000","799000","798000","797000","794000","793000","792000","88","127","7","31","174","121","144","125","15","11","48","48","20","143","253","6","1","3","3","5","843","530","0","0","0","0","0","-811000","5","-100.00","2798","0","10","0","0","","0","0","0","","",""
"080022","0001","0","811000","814000","815000","818000","819000","820000","823000","825000","827000","829000","805000","804000","802000","800000","799000","798000","797000","794000","793000","792000","88","127","7","31","174","121","159","125","15","11","48","48","20","143","253","6","1","3","3","5","858","530","0","0","0","0","0","-811000","5","-100.00","2810","15","0","0","0","","0","0","0","","",""
"080022","0002","0","808000","811000","814000","815000","818000","819000","820000","823000","825000","827000","805000","804000","802000","800000","799000","798000","797000","794000","793000","792000","1","77","127","7","31","174","121","159","125","15","48","54","20","143","253","6","1","3","3","5","837","536","0","0","0","0","0","-811000","5","-100.00","2810","-21","6","0","0","","0","0","0","","",""
"080022","0003","0","808000","811000","814000","815000","818000","819000","820000","823000","825000","827000","805000","804000","802000","800000","799000","798000","797000","796000","794000","793000","1","77","127","7","31","174","121","159","125","15","48","54","20","158","253","6","1","1","3","3","837","547","0","0","0","0","0","-811000","5","-100.00","2810","0","11","0","0","","0","0","0","","",""
"080023","0000","0","808000","811000","814000","815000","818000","819000","820000","823000","825000","827000","806000","805000","804000","802000","800000","799000","798000","797000","796000","794000","1","96","127","7","31","174","121","159","125","15","1","48","54","20","158","253","6","1","1","3","856","545","0","0","0","0","0","-811000","5","-100.00","2811","19","-2","0","0","","0","0","0","","",""
"080023","0001","0","808000","811000","814000","815000","818000","819000","820000","823000","825000","827000","806000","805000","804000","802000","800000","799000","798000","797000","796000","794000","3","98","127","5","31","174","121","159","126","15","1","48","54","20","158","253","6","1","1","3","859","545","0","0","0","0","0","-811000","5","-100.00","2811","3","0","0","0","","0","0","0","","",""
"080024","0000","0","808000","811000","814000","815000","818000","819000","820000","823000","825000","827000","806000","805000","804000","802000","800000","799000","798000","797000","796000","794000","5","106","127","5","34","174","121","159","126","15","1","48","54","20","158","253","6","1","1","3","872","545","0","0","0","0","0","-811000","5","-100.00","2811","13","0","0","0","","0","0","0","","",""
"080024","0001","0","808000","811000","814000","815000","818000","819000","820000","823000","825000","827000","806000","805000","804000","802000","800000","799000","798000","797000","796000","794000","5","106","127","6","34","174","121","159","126","15","1","49","54","20","160","253","6","1","1","3","873","548","0","0","0","0","0","-811000","5","-100.00","2811","1","3","0","0","","0","0","0","","",""
"080024","0002","0","808000","811000","814000","815000","818000","819000","820000","823000","825000","827000","806000","805000","804000","802000","800000","799000","798000","797000","796000","794000","44","126","127","6","34","174","121","159","126","15","1","53","50","20","160","253","6","1","1","3","932","548","0","0","0","0","0","-811000","5","-100.00","2811","59","0","0","0","","0","0","0","","",""
"080024","0003","0","808000","811000","814000","815000","818000","819000","820000","823000","825000","827000","806000","805000","804000","802000","800000","799000","798000","797000","796000","794000","44","126","127","6","34","174","121","159","126","15","1","53","50","20","160","253","6","1","1","3","932","548","0","0","0","0","0","-811000","5","-100.00","2811","0","0","0","0","","0","0","0","","",""
"080025","0000","0","808000","811000","814000","815000","818000","819000","820000","823000","825000","827000","806000","805000","804000","802000","800000","799000","798000","797000","796000","794000","44","126","127","6","34","174","121","159","126","18","1","53","50","20","160","253","6","1","1","3","935","548","0","0","0","0","0","-811000","5","-100.00","2811","3","0","0","0","","0","0","0","","",""
"080025","0001","0","808000","809000","811000","814000","815000","818000","819000","820000","823000","825000","805000","804000","802000","800000","799000","798000","797000","796000","794000","793000","41","1","126","128","6","34","174","121","159","126","37","51","20","160","253","6","1","1","3","3","916","535","0","0","0","0","0","-811000","5","-100.00","2832","-19","-13","0","0","","0","0","0","","",""
"080025","0002","0","808000","809000","811000","814000","815000","818000","819000","820000","823000","825000","805000","804000","802000","800000","799000","798000","797000","796000","794000","793000","48","1","126","128","6","34","174","121","159","126","37","51","20","160","253","6","1","1","3","3","923","535","0","0","0","0","0","-811000","5","-100.00","2832","7","0","0","0","","0","0","0","","",""
"080025","0003","0","808000","809000","811000","814000","815000","818000","819000","820000","823000","825000","805000","804000","802000","800000","799000","798000","797000","796000","794000","793000","48","1","126","128","66","34","174","121","159","126","37","51","20","160","253","6","1","1","3","3","983","535","0","0","0","0","0","-811000","5","-100.00","2832","60","0","0","0","","0","0","0","","",""
"080026","0000","0","805000","808000","809000","811000","814000","815000","818000","819000","820000","823000","804000","802000","800000","799000","798000","797000","796000","794000","793000","792000","12","19","1","126","128","66","34","174","121","159","48","21","160","263","6","1","1","3","3","6","840","512","0","0","0","0","0","-811000","5","-100.00","2872","-143","-23","0","0","","0","0","0","","",""
"080026","0001","0","804000","805000","808000","809000","811000","814000","815000","818000","819000","820000","802000","800000","799000","798000","797000","796000","794000","793000","792000","791000","25","12","17","1","126","128","66","34","174","121","21","160","263","6","1","1","3","3","6","80","704","544","0","0","0","0","0","-811000","5","-100.00","2923","-136","32","0","0","","0","0","0","","",""
"080026","0002","0","804000","805000","808000","809000","811000","814000","815000","818000","819000","820000","802000","800000","799000","798000","797000","796000","794000","793000","792000","791000","40","12","17","1","126","128","66","34","174","122","48","160","263","6","1","1","3","3","7","80","720","572","0","0","0","0","0","-811000","5","-100.00","2926","16","28","0","0","","0","0","0","","",""
"080026","0003","0","804000","805000","808000","809000","811000","814000","815000","818000","819000","820000","802000","800000","799000","798000","797000","796000","794000","793000","792000","791000","42","10","22","1","127","128","66","34","174","122","48","160","263","6","1","1","3","3","7","80","726","572","0","0","0","0","0","-811000","5","-100.00","2926","6","0","0","0","","0","0","0","","",""
"080027","0000","0","804000","805000","808000","809000","811000","814000","815000","818000","819000","820000","802000","800000","799000","798000","797000","796000","795000","794000","793000","792000","42","10","22","1","127","128","66","34","174","122","47","160","263","6","1","1","1","3","3","7","726","492","0","0","0","0","0","-811000","5","-100.00","2927","0","-80","0","0","","0","0","0","","",""
"080027","0001","0","804000","805000","808000","809000","811000","814000","815000","818000","819000","820000","802000","800000","799000","798000","797000","796000","795000","794000","793000","792000","93","10","22","1","42","128","66","34","174","131","47","160","263","6","1","1","1","3","3","7","701","492","0","0","0","0","0","-811000","5","-100.00","2928","-25","0","0","0","","0","0","0","","",""
"080028","0000","0","804000","805000","808000","809000","811000","814000","815000","818000","819000","820000","802000","800000","799000","798000","797000","796000","795000","794000","793000","792000","94","10","22","1","42","128","66","134","174","131","47","160","263","6","1","1","1","3","3","7","802","492","0","0","0","0","0","-811000","5","-100.00","2928","101","0","0","0","","0","0","0","","",""
"080028","0001","0","804000","805000","808000","809000","811000","814000","815000","818000","819000","820000","802000","800000","799000","798000","797000","796000","795000","794000","793000","792000","94","10","22","1","42","128","66","134","174","131","47","156","263","6","1","1","1","3","3","7","802","488","0","0","0","0","0","-811000","5","-100.00","2928","0","-4","0","0","","0","0","0","","",""
"080028","0002","0","804000","805000","808000","809000","811000","814000","815000","818000","819000","820000","802000","800000","799000","798000","797000","796000","795000","794000","793000","792000","94","10","22","1","43","128","66","134","174","131","46","156","263","6","1","1","1","3","3","7","803","487","0","0","0","0","0","-811000","5","-100.00","2929","1","-1","0","0","","0","0","0","","",""
"080028","0003","0","804000","805000","808000","809000","811000","814000","815000","818000","819000","820000","802000","800000","799000","798000","797000","796000","795000","794000","793000","792000","94","10","22","1","243","128","66","134","174","131","46","156","263","6","1","1","1","3","3","7","1003","487","0","0","0","0","0","-811000","5","-100.00","2929","200","0","0","0","","0","0","0","","",""
"080028","0004","0","804000","805000","808000","809000","811000","814000","815000","818000","819000","820000","802000","800000","799000","798000","797000","796000","795000","794000","793000","792000","94","11","22","1","243","128","66","134","174","131","46","156","263","6","1","1","1","3","3","7","1004","487","0","0","0","0","0","-811000","5","-100.00","2929","1","0","0","0","","0","0","0","","",""
"080029","0000","0","804000","805000","808000","809000","811000","814000","815000","818000","819000","820000","802000","800000","799000","798000","797000","796000","795000","794000","793000","792000","94","22","22","1","248","128","66","134","174","131","46","156","263","6","1","1","1","3","3","7","1020","487","0","0","0","0","0","-811000","5","-100.00","2929","16","0","0","0","","0","0","0","","",""
"080029","0001","0","804000","805000","808000","809000","811000","814000","815000","818000","819000","820000","802000","800000","799000","798000","797000","796000","795000","794000","793000","792000","94","22","22","1","248","128","66","134","174","131","46","156","263","6","11","1","1","3","3","7","1020","497","0","0","0","0","0","-811000","5","-100.00","2929","0","10","0","0","","0","0","0","","",""
"080029","0002","0","804000","805000","808000","809000","811000","814000","815000","818000","819000","820000","802000","800000","799000","798000","797000","796000","795000","794000","793000","792000","93","22","22","1","248","128","66","134","174","131","6","156","263","6","11","1","1","3","3","7","1019","457","0","0","0","0","0","-811000","5","-100.00","2970","-1","-40","0","0","","0","0","0","","",""
"080030","0000","0","804000","805000","808000","809000","811000","814000","815000","818000","819000","820000","802000","800000","799000","798000","797000","796000","795000","794000","793000","792000","92","23","22","1","248","128","66","134","174","131","26","156","263","6","11","1","1","3","3","7","1019","477","0","0","0","0","0","-811000","5","-100.00","2981","0","20","0","0","","0","0","0","","",""
"080030","0001","0","804000","805000","808000","809000","811000","814000","815000","818000","819000","820000","802000","800000","799000","798000","797000","796000","795000","794000","793000","792000","102","25","18","1","248","128","66","134","174","131","26","156","263","6","11","1","1","3","3","7","1027","477","0","0","0","0","0","-811000","5","-100.00","2981","8","0","0","0","","0","0","0","","",""
"080030","0002","0","804000","805000","808000","809000","811000","814000","815000","818000","819000","820000","802000","800000","799000","798000","797000","796000","795000","794000","793000","792000","102","25","18","2","248","128","66","134","174","131","26","156","263","6","11","1","1","3","4","7","1028","478","0","0","0","0","0","-811000","5","-100.00","2981","1","1","0","0","","0","0","0","","",""
"080031","0000","0","804000","805000","808000","809000","811000","814000","815000","818000","819000","820000","802000","800000","799000","798000","797000","796000","795000","794000","793000","792000","102","25","18","2","248","128","66","134","174","131","26","156","263","6","11","1","1","3","4","8","1028","479","0","0","0","0","0","-811000","5","-100.00","2981","0","1","0","0","","0","0","0","","",""
"080031","0001","0","804000","805000","808000","809000","811000","814000","815000","818000","819000","820000","802000","801000","800000","799000","798000","797000","796000","795000","794000","793000","118","24","18","5","248","128","66","134","174","131","28","1","156","263","6","11","1","1","4","4","1046","475","0","0","0","0","0","-811000","5","-100.00","2981","18","-4","0","0","","0","0","0","","",""
"080031","0002","0","804000","805000","808000","809000","811000","814000","815000","818000","819000","820000","802000","801000","800000","799000","798000","797000","796000","795000","794000","793000","118","24","18","5","248","128","66","134","194","131","30","1","156","263","6","11","1","1","4","4","1066","477","0","0","0","0","0","-811000","5","-100.00","2981","20","2","0","0","","0","0","0","","",""
"080031","0003","0","804000","805000","808000","809000","811000","814000","815000","818000","819000","820000","802000","801000","800000","799000","798000","797000","796000","795000","794000","793000","118","24","18","5","248","128","66","134","194","131","30","1","156","263","6","11","1","1","4","4","1066","477","0","0","0","0","0","-811000","5","-100.00","2981","0","0","0","0","","0","0","0","","",""
"080032","0000","0","802000","804000","805000","808000","809000","811000","814000","815000","818000","819000","800000","799000","798000","797000","796000","795000","794000","793000","792000","791000","21","118","54","13","5","248","128","66","134","194","106","263","6","12","1","1","5","4","8","80","981","486","0","0","0","0","0","-811000","5","-100.00","3062","-85","9","0","0","","0","0","0","","",""
"080032","0001","0","802000","804000","805000","808000","809000","811000","814000","815000","818000","819000","800000","799000","798000","797000","796000","795000","794000","793000","792000","791000","20","52","54","13","5","251","128","66","134","194","40","263","6","12","1","1","5","4","58","80","917","470","0","0","0","0","0","-811000","5","-100.00","3129","-64","-16","0","0","","0","0","0","","",""
"080032","0002","0","802000","804000","805000","808000","809000","811000","814000","815000","818000","819000","800000","799000","798000","797000","796000","795000","794000","793000","792000","791000","20","52","61","13","5","251","128","66","134","194","40","266","6","12","1","2","5","4","58","80","924","474","0","0","0","0","0","-811000","5","-100.00","3129","7","4","0","0","","0","0","0","","",""
"080032","0003","0","802000","804000","805000","808000","809000","811000","814000","815000","818000","819000","800000","799000","798000","797000","796000","795000","794000","793000","792000","791000","22","50","66","13","5","251","128","66","134","194","40","266","6","12","1","2","5","4","58","80","929","474","0","0","0","0","0","-811000","5","-100.00","3129","5","0","0","0","","0","0","0","","",""
"080033","0000","0","802000","804000","805000","807000","808000","809000","811000","813000","814000","815000","800000","799000","798000","797000","796000","795000","794000","793000","792000","791000","15","50","66","20","13","5","251","1","128","66","40","266","6","12","1","2","5","4","58","213","615","607","0","0","0","0","0","-811000","5","-100.00","3136","-314","133","0","0","","0","0","0","","",""
"080033","0001","0","802000","804000","805000","807000","808000","809000","811000","813000","814000","815000","800000","799000","798000","797000","796000","795000","794000","793000","792000","791000","34","50","66","20","13","5","251","1","128","66","40","266","6","12","1","2","5","4","58","213","634","607","0","0","0","0","0","-811000","5","-100.00","3137","19","0","0","0","","0","0","0","","",""
"080033","0002","0","802000","804000","805000","807000","808000","809000","811000","813000","814000","815000","800000","799000","798000","797000","796000","795000","794000","793000","792000","791000","9","50","66","20","13","5","251","1","128","67","41","266","6","12","1","2","5","4","58","213","610","608","0","0","0","0","0","-811000","5","-100.00","3337","-24","1","0","0","","0","0","0","","",""
"080033","0003","0","802000","804000","805000","807000","808000","809000","811000","813000","814000","815000","800000","799000","798000","797000","796000","795000","794000","793000","792000","791000","20","50","66","20","13","5","251","1","128","69","41","266","6","12","1","2","9","4","58","217","623","616","0","0","0","0","0","-811000","5","-100.00","3337","13","8","0","0","","0","0","0","","",""
"080034","0000","0","802000","804000","805000","807000","808000","809000","811000","813000","814000","815000","800000","799000","798000","797000","796000","795000","794000","793000","792000","791000","21","50","66","20","13","5","251","1","128","69","41","266","6","12","1","2","9","4","78","217","624","636","0","0","0","0","0","-811000","5","-100.00","3341","1","20","0","0","","0","0","0","","",""
"080034","0001","0","802000","804000","805000","807000","808000","809000","811000","813000","814000","815000","800000","799000","798000","797000","796000","795000","794000","793000","792000","791000","23","50","66","20","13","5","251","1","128","69","41","266","6","12","1","2","9","4","78","217","626","636","0","0","0","0","0","-811000","5","-100.00","3341","2","0","0","0","","0","0","0","","",""
"080034","0002","0","802000","804000","805000","807000","808000","809000","811000","813000","814000","815000","800000","799000","798000","797000","796000","795000","794000","793000","792000","791000","23","60","66","20","13","5","251","1","128","69","41","266","6","12","1","2","9","4","78","217","636","636","0","0","0","0","0","-811000","5","-100.00","3341","10","0","0","0","","0","0","0","","",""
"080034","0003","0","802000","804000","805000","807000","808000","809000","810000","811000","813000","814000","800000","799000","798000","797000","796000","795000","794000","793000","792000","791000","23","72","66","20","13","5","3","251","1","128","41","266","6","12","1","2","9","4","78","217","582","636","0","0","0","0","0","-811000","5","-100.00","3341","-54","0","0","0","","0","0","0","","",""
"080035","0000","0","802000","804000","805000","807000","808000","809000","810000","811000","813000","814000","800000","799000","798000","797000","796000","795000","794000","793000","792000","791000","24","72","66","20","13","4","3","251","1","128","79","266","6","12","1","2","9","4","78","217","582","674","0","0","0","0","0","-811000","5","-100.00","3343","0","38","0","0","","0","0","0","","",""
"080035","0001","0","802000","804000","805000","807000","808000","809000","810000","811000","813000","814000","800000","799000","798000","797000","796000","795000","794000","793000","792000","791000","24","72","66","20","13","4","3","251","1","128","79","266","6","12","11","6","9","4","78","217","582","688","0","0","0","0","0","-811000","5","-100.00","3343","0","14","0","0","","0","0","0","","",""
"080035","0002","0","802000","804000","805000","807000","808000","809000","810000","811000","813000","814000","800000","799000","798000","797000","796000","795000","794000","793000","792000","791000","39","72","66","20","13","4","3","251","1","128","81","266","6","12","11","6","9","4","78","217","597","690","0","0","0","0","0","-811000","5","-100.00","3346","15","2","0","0","","0","0","0","","",""
"080036","0000","0","802000","804000","805000","807000","808000","809000","810000","811000","813000","814000","800000","799000","798000","797000","796000","795000","794000","793000","792000","791000","39","72","66","20","13","4","3","251","1","128","81","266","6","12","11","6","10","4","78","217","597","691","0","0","0","0","0","-811000","5","-100.00","3346","0","1","0","0","","0","0","0","","",""
"080036","0001","0","802000","804000","805000","807000","808000","809000","810000","811000","813000","814000","800000","799000","798000","797000","796000","795000","794000","793000","792000","791000","38","72","66","20","13","4","3","251","1","128","81","266","26","12","12","6","10","4","78","217","596","712","0","0","0","0","0","-811000","5","-100.00","3347","-1","21","0","0","","0","0","0","","",""
"080036","0002","0","802000","804000","805000","807000","808000","809000","810000","811000","813000","814000","800000","799000","798000","797000","796000","795000","794000","793000","792000","791000","40","72","65","20","13","4","3","251","1","128","81","266","26","12","12","6","10","4","78","217","597","712","0","0","0","0","0","-811000","5","-100.00","3347","1","0","0","0","","0","0","0","","",""
"080036","0003","0","802000","804000","805000","807000","808000","809000","810000","811000","813000","814000","800000","799000","798000","797000","796000","795000","794000","793000","792000","791000","40","72","65","20","13","4","3","251","3","128","81","266","26","12","12","6","10","4","78","217","599","712","0","0","0","0","0","-811000","5","-100.00","3347","2","0","0","0","","0","0","0","","",""
"080037","0000","0","802000","804000","805000","807000","808000","809000","810000","811000","813000","814000","800000","799000","798000","797000","796000","795000","794000","793000","792000","791000","44","72","65","20","13","4","3","251","3","128","81","266","26","12","12","6","10","4","78","217","603","712","0","0","0","0","0","-811000","5","-100.00","3347","4","0","0","0","","0","0","0","","",""
"080037","0001","0","802000","804000","805000","807000","808000","809000","810000","811000","813000","814000","800000","799000","798000","797000","796000","795000","794000","793000","792000","791000","43","72","58","20","13","4","3","280","3","128","81","266","26","12","12","6","10","4","28","217","624","662","0","0","0","0","0","-811000","5","-100.00","3348","21","-50","0","0","","0","0","0","","",""
"080037","0002","0","802000","804000","805000","807000","808000","809000","810000","811000","813000","814000","800000","799000","798000","797000","796000","795000","794000","793000","792000","791000","43","72","58","20","13","4","3","988","3","128","56","266","26","12","12","6","10","4","28","217","1332","637","0","0","0","0","0","-811000","5","-100.00","3373","708","-25","0","0","","0","0","0","","",""
"080038","0000","0","802000","804000","805000","807000","808000","809000","810000","811000","813000","814000","800000","799000","798000","797000","796000","795000","794000","793000","792000","791000","43","72","58","20","13","4","3","977","3","128","66","266","26","12","12","6","10","4","28","217","1321","647","0","0","0","0","0","-811000","5","-100.00","3375","-11","10","0","0","","0","0","0","","",""
"080038","0001","0","802000","804000","805000","807000","808000","809000","810000","811000","813000","814000","800000","799000","798000","797000","796000","795000","794000","793000","792000","791000","45","72","58","20","13","4","23","976","3","128","47","266","26","12","12","6","10","5","28","217","1342","629","0","0","0","0","0","-811000","5","-100.00","3394","21","-18","0","0","","0","0","0","","",""
"080038","0002","0","802000","804000","805000","807000","808000","809000","810000","811000","813000","814000","800000","799000","798000","797000","796000","795000","794000","793000","792000","791000","45","72","58","20","13","4","23","976","3","128","48","266","26","12","12","6","10","5","28","218","1342","631","0","0","0","0","0","-811000","5","-100.00","3394","0","2","0","0","","0","0","0","","",""
"080038","0003","0","802000","804000","805000","807000","808000","809000","810000","811000","813000","814000","800000","799000","798000","797000","796000","795000","794000","793000","792000","791000","45","72","58","20","13","4","23","976","3","128","49","266","26","12","12","6","10","5","28","218","1342","632","0","0","0","0","0","-811000","5","-100.00","3394","0","1","0","0","","0","0","0","","",""
"080038","0004","0","802000","804000","805000","807000","808000","809000","810000","811000","813000","814000","800000","799000","798000","797000","796000","795000","794000","793000","792000","791000","25","72","58","20","13","4","23","976","3","128","49","266","26","14","12","6","10","8","28","218","1322","637","0","0","0","0","0","-811000","5","-100.00","3397","-20","5","0","0","","0","0","0","","",""
"080039","0000","0","802000","804000","805000","807000","808000","809000","810000","811000","813000","814000","800000","799000","798000","797000","796000","795000","794000","793000","792000","791000","31","72","58","20","13","4","23","976","3","128","49","266","26","14","12","6","10","8","28","218","1328","637","0","0","0","0","0","-811000","5","-100.00","3397","6","0","0","0","","0","0","0","","",""
"080039","0001","0","802000","804000","805000","807000","808000","809000","810000","811000","813000","814000","800000","799000","798000","797000","796000","795000","794000","793000","792000","791000","26","72","58","20","13","4","23","976","3","128","49","266","26","14","12","13","10","8","28","219","1323","645","0","0","0","0","0","-811000","5","-100.00","3402","-5","8","0","0","","0","0","0","","",""
"080039","0002","0","802000","804000","805000","807000","808000","809000","810000","811000","813000","814000","800000","799000","798000","797000","796000","795000","794000","793000","792000","791000","26","72","64","20","13","4","23","976","3","128","49","266","26","14","12","13","10","8","28","219","1329","645","0","0","0","0","0","-811000","5","-100.00","3402","6","0","0","0","","0","0","0","","",""
"080040","0000","0","802000","804000","805000","807000","808000","809000","810000","811000","813000","814000","800000","799000","798000","797000","796000","795000","794000","793000","792000","791000","46","72","64","20","13","4","23","976","3","128","44","264","26","14","12","13","10","8","28","219","1349","638","0","0","0","0","0","-811000","5","-100.00","3407","20","-7","0","0","","0","0","0","","",""
"080040","0001","0","802000","804000","805000","807000","808000","809000","810000","811000","813000","814000","801000","800000","799000","798000","797000","796000","795000","794000","793000","792000","44","72","64","20","13","4","23","976","3","128","1","45","264","26","14","14","13","10","8","28","1347","423","0","0","0","0","0","-811000","5","-100.00","3409","-2","-215","0","0","","0","0","0","","",""
"080040","0002","0","802000","804000","805000","807000","808000","809000","810000","811000","813000","814000","801000","800000","799000","798000","797000","796000","795000","794000","793000","792000","44","72","64","20","13","4","23","976","3","128","1","65","264","26","14","14","13","10","8","28","1347","443","0","0","0","0","0","-811000","5","-100.00","3409","0","20","0","0","","0","0","0","","",""
"080040","0003","0","802000","804000","805000","807000","808000","809000","810000","811000","813000","814000","800000","799000","798000","797000","796000","795000","794000","793000","792000","791000","38","72","65","20","13","4","23","976","3","129","77","264","26","14","14","13","10","8","28","221","1343","675","0","0","0","0","0","-811000","5","-100.00","3437","-4","232","0","0","","0","0","0","","",""
"080041","0000","0","802000","804000","805000","807000","808000","809000","810000","811000","813000","814000","800000","799000","798000","797000","796000","795000","794000","793000","792000","791000","42","72","65","20","13","4","23","976","3","129","77","264","26","14","14","13","10","8","28","221","1347","675","0","0","0","0","0","-811000","5","-100.00","3438","4","0","0","0","","0","0","0","","",""
"080041","0001","0","802000","804000","805000","807000","808000","809000","810000","811000","813000","814000","800000","799000","798000","797000","796000","795000","794000","793000","792000","791000","42","72","65","20","13","4","23","976","3","129","73","265","26","14","14","13","10","8","28","222","1347","673","0","0","0","0","0","-811000","5","-100.00","3452","0","-2","0","0","","0","0","0","","",""
"080041","0002","0","802000","804000","805000","807000","808000","809000","810000","811000","813000","814000","800000","799000","798000","797000","796000","795000","794000","793000","792000","791000","42","72","65","20","13","4","23","976","3","129","73","265","26","14","14","13","10","8","28","223","1347","674","0","0","0","0","0","-811000","5","-100.00","3452","0","1","0","0","","0","0","0","","",""
"080041","0003","0","802000","804000","805000","807000","808000","809000","810000","811000","813000","814000","800000","799000","798000","797000","796000","795000","794000","793000","792000","791000","42","72","65","20","13","4","23","976","3","129","73","265","27","14","14","13","10","8","29","223","1347","676","0","0","0","0","0","-811000","5","-100.00","3452","0","2","0","0","","0","0","0","","",""
"080042","0000","0","802000","804000","805000","807000","808000","809000","810000","811000","813000","814000","800000","799000","798000","797000","796000","795000","794000","793000","792000","791000","43","72","65","20","13","4","23","976","3","129","73","267","27","14","14","13","10","8","29","223","1348","678","0","0","0","0","0","-811000","5","-100.00","3452","1","2","0","0","","0","0","0","","",""
"080042","0001","0","802000","804000","805000","807000","808000","809000","810000","811000","813000","814000","800000","799000","798000","797000","796000","795000","794000","793000","792000","791000","44","72","65","20","13","4","23","981","3","129","73","267","27","14","14","13","10","8","29","223","1354","678","0","0","0","0","0","-811000","5","-100.00","3452","6","0","0","0","","0","0","0","","",""
"080042","0002","0","802000","804000","805000","807000","808000","809000","810000","811000","813000","814000","800000","799000","798000","797000","796000","795000","794000","793000","792000","791000","42","72","65","20","13","4","23","981","3","129","78","267","27","14","14","13","10","8","29","223","1352","683","0","0","0","0","0","-811000","5","-100.00","3452","-2","5","0","0","","0","0","0","","",""
"080042","0003","0","802000","804000","805000","807000","808000","809000","810000","811000","813000","814000","800000","799000","798000","797000","796000","795000","794000","793000","792000","791000","42","72","65","20","13","4","23","981","14","129","79","267","27","14","14","13","10","8","29","223","1363","684","0","0","0","0","0","-811000","5","-100.00","3452","11","1","0","0","","0","0","0","","",""
"080043","0000","0","802000","804000","805000","807000","808000","809000","810000","811000","813000","814000","800000","799000","798000","797000","796000","795000","794000","793000","792000","791000","62","72","65","20","13","4","23","981","14","129","79","267","27","14","14","13","10","8","29","223","1383","684","0","0","0","0","0","-811000","5","-100.00","3452","20","0","0","0","","0","0","0","","",""
"080043","0001","0","802000","804000","805000","807000","808000","809000","810000","811000","813000","814000","800000","799000","798000","797000","796000","795000","794000","793000","792000","791000","92","72","65","20","13","4","23","981","14","129","87","268","27","14","14","13","10","8","29","223","1413","693","0","0","0","0","0","-811000","5","-100.00","3452","30","9","0","0","","0","0","0","","",""
"080043","0002","0","802000","804000","805000","807000","808000","809000","810000","811000","813000","814000","799000","798000","797000","796000","795000","794000","793000","792000","791000","790000","92","72","65","20","13","4","23","981","14","129","265","27","14","15","13","10","8","29","223","27","1413","631","0","0","0","0","0","-811000","5","-100.00","3542","0","-62","0","0","","0","0","0","","",""
"080043","0003","0","802000","804000","805000","807000","808000","809000","810000","811000","813000","814000","799000","798000","797000","796000","795000","794000","793000","792000","791000","790000","92","72","65","20","13","4","23","981","14","129","265","28","14","15","13","10","8","29","223","27","1413","632","0","0","0","0","0","-811000","5","-100.00","3542","0","1","0","0","","0","0","0","","",""
"080044","0000","0","800000","802000","804000","805000","807000","808000","809000","810000","811000","813000","799000","798000","797000","796000","795000","794000","793000","792000","791000","790000","20","93","72","65","20","13","4","23","1006","14","265","28","14","15","13","10","8","29","223","27","1330","632","0","0","0","0","0","-811000","5","-100.00","3558","-83","0","0","0","","0","0","0","","",""
"080044","0001","0","800000","802000","804000","805000","807000","808000","809000","810000","811000","813000","799000","798000","797000","796000","795000","794000","793000","792000","791000","790000","23","99","72","65","20","13","4","23","1006","14","254","28","214","15","13","10","8","29","223","27","1339","821","0","0","0","0","0","-811000","5","-100.00","3569","9","189","0","0","","0","0","0","","",""
"080044","0002","0","800000","802000","804000","805000","807000","808000","809000","810000","811000","813000","799000","798000","797000","796000","795000","794000","793000","792000","791000","790000","20","99","72","65","20","13","4","23","1006","14","254","28","214","15","13","10","8","29","223","27","1336","821","0","0","0","0","0","-811000","5","-100.00","3572","-3","0","0","0","","0","0","0","","",""
"080044","0003","0","800000","802000","804000","805000","807000","808000","809000","810000","811000","813000","799000","798000","797000","796000","795000","794000","793000","792000","791000","790000","20","99","72","65","21","13","4","23","1006","14","249","28","214","15","13","10","8","29","223","27","1337","816","0","0","0","0","0","-811000","5","-100.00","3577","1","-5","0","0","","0","0","0","","",""
"080045","0000","0","802000","804000","805000","807000","808000","809000","810000","811000","813000","814000","799000","798000","797000","796000","795000","794000","793000","792000","791000","790000","94","72","65","21","13","4","23","1006","14","129","249","28","214","15","13","10","8","29","223","27","1441","816","0","0","0","0","0","-811000","5","-100.00","3618","104","0","0","0","","0","0","0","","",""
"080045","0001","0","802000","804000","805000","807000","808000","809000","810000","811000","813000","814000","799000","798000","797000","796000","795000","794000","793000","792000","791000","790000","94","72","65","21","13","4","23","1006","14","129","245","28","214","15","13","10","8","29","223","27","1441","812","0","0","0","0","0","-811000","5","-100.00","3622","0","-4","0","0","","0","0","0","","",""
"080045","0002","0","800000","802000","804000","805000","807000","808000","809000","810000","811000","813000","799000","798000","797000","796000","795000","794000","793000","792000","791000","790000","11","109","72","65","21","13","4","23","1006","14","245","28","214","15","13","10","8","29","223","27","1338","812","0","0","0","0","0","-811000","5","-100.00","3623","-103","0","0","0","","0","0","0","","",""
"080046","0000","0","800000","802000","804000","805000","807000","808000","809000","810000","811000","813000","798000","797000","796000","795000","794000","793000","792000","791000","790000","789000","13","109","72","65","21","13","4","23","1006","14","31","214","15","14","10","8","29","223","27","5","1340","576","0","0","0","0","0","-811000","5","-100.00","3894","2","-236","0","0","","0","0","0","","",""
"080046","0001","0","800000","802000","804000","805000","807000","808000","809000","810000","811000","813000","799000","798000","797000","796000","795000","794000","793000","792000","791000","790000","13","109","72","65","21","13","4","23","1006","14","26","31","214","15","14","10","8","29","223","27","1340","597","0","0","0","0","0","-811000","5","-100.00","3894","0","21","0","0","","0","0","0","","",""
"080046","0002","0","800000","802000","804000","805000","807000","808000","809000","810000","811000","813000","799000","798000","797000","796000","795000","794000","793000","792000","791000","790000","28","91","72","65","21","13","4","23","1006","14","26","31","214","15","14","10","8","29","223","27","1337","597","0","0","0","0","0","-811000","5","-100.00","3899","-3","0","0","0","","0","0","0","","",""
"080046","0003","0","800000","802000","804000","805000","807000","808000","809000","810000","811000","813000","799000","798000","797000","796000","795000","794000","793000","792000","791000","790000","58","91","72","65","21","13","4","23","1006","14","9","31","214","15","14","10","8","29","223","27","1367","580","0","0","0","0","0","-811000","5","-100.00","3916","30","-17","0","0","","0","0","0","","",""
"080047","0000","0","800000","802000","804000","805000","807000","808000","809000","810000","811000","813000","799000","798000","797000","796000","795000","794000","793000","792000","791000","790000","58","91","72","65","21","13","4","23","1006","14","9","31","214","15","14","10","8","29","223","32","1367","585","0","0","0","0","0","-811000","5","-100.00","3916","0","5","0","0","","0","0","0","","",""
"080047","0001","0","799000","800000","801000","802000","804000","805000","807000","808000","809000","810000","797000","796000","795000","794000","793000","792000","791000","790000","789000","788000","1","123","1","96","72","56","21","13","4","23","214","15","14","10","8","29","223","32","5","13","410","563","0","0","0","0","0","-811000","5","-100.00","3958","-957","-22","0","0","","0","0","0","","",""
"080047","0002","0","800000","801000","802000","804000","805000","807000","808000","809000","810000","811000","797000","796000","795000","794000","793000","792000","791000","790000","789000","788000","121","1","97","72","56","21","13","4","23","1006","214","16","14","10","8","29","224","32","5","13","1414","565","0","0","0","0","0","-811000","5","-100.00","3961","1004","2","0","0","","0","0","0","","",""
"080047","0003","0","800000","801000","802000","804000","805000","807000","808000","809000","810000","811000","797000","796000","795000","794000","793000","792000","791000","790000","789000","788000","121","21","97","72","56","1","33","4","23","1006","214","16","14","10","8","29","224","32","25","13","1434","585","0","0","0","0","0","-811000","5","-100.00","3961","20","20","0","0","","0","0","0","","",""
"080048","0000","0","800000","801000","802000","804000","805000","807000","808000","809000","810000","811000","797000","796000","795000","794000","793000","792000","791000","790000","789000","788000","120","21","96","72","55","21","34","4","23","1006","213","16","14","10","8","29","224","32","25","13","1452","584","0","0","0","0","0","-811000","5","-100.00","3964","18","-1","0","0","","0","0","0","","",""
"080048","0001","0","800000","801000","802000","804000","805000","807000","808000","809000","810000","811000","797000","796000","795000","794000","793000","792000","791000","790000","789000","788000","121","21","96","72","55","21","34","4","23","1006","213","116","14","10","9","29","224","32","25","13","1453","685","0","0","0","0","0","-811000","5","-100.00","3964","1","101","0","0","","0","0","0","","",""
"080048","0002","0","800000","801000","802000","804000","805000","807000","808000","809000","810000","811000","797000","796000","795000","794000","793000","792000","791000","790000","789000","788000","120","27","96","72","55","21","34","4","23","1142","213","116","14","10","9","29","224","32","25","13","1594","685","0","0","0","0","0","-811000","5","-100.00","3966","141","0","0","0","","0","0","0","","",""
"080049","0000","0","800000","801000","802000","804000","805000","807000","808000","809000","810000","811000","797000","796000","795000","794000","793000","792000","791000","790000","789000","788000","90","27","96","72","55","21","34","4","23","1142","214","116","14","10","9","29","224","33","25","13","1564","687","0","0","0","0","0","-811000","5","-100.00","3996","-30","2","0","0","","0","0","0","","",""
"080049","0001","0","800000","801000","802000","804000","805000","807000","808000","809000","810000","811000","797000","796000","795000","794000","793000","792000","791000","790000","789000","788000","90","27","96","72","53","21","34","4","23","1142","215","116","14","10","9","29","224","33","25","13","1562","688","0","0","0","0","0","-811000","5","-100.00","3996","-2","1","0","0","","0","0","0","","",""
"080049","0002","0","800000","801000","802000","804000","805000","807000","808000","809000","810000","811000","797000","796000","795000","794000","793000","792000","791000","790000","789000","788000","160","27","96","72","53","21","34","4","23","1142","215","116","14","10","9","29","224","33","25","13","1632","688","0","0","0","0","0","-811000","5","-100.00","3997","70","0","0","0","","0","0","0","","",""
"080049","0003","0","800000","801000","802000","804000","805000","807000","808000","809000","810000","811000","797000","796000","795000","794000","793000","792000","791000","790000","789000","788000","172","27","96","72","42","21","34","4","23","1142","215","116","14","10","9","29","224","33","25","13","1633","688","0","0","0","0","0","-811000","5","-100.00","4004","1","0","0","0","","0","0","0","","",""
"080049","0004","0","800000","801000","802000","804000","805000","807000","808000","809000","810000","811000","799000","798000","797000","796000","795000","794000","793000","792000","791000","790000","192","27","96","72","42","21","34","4","23","1142","1","1","215","116","14","10","9","29","224","33","1653","652","0","0","0","0","0","-811000","5","-100.00","4004","20","-36","0","0","","0","0","0","","",""
"080050","0000","0","800000","801000","802000","804000","805000","807000","808000","809000","810000","811000","799000","798000","797000","796000","795000","794000","793000","792000","791000","790000","201","27","96","72","42","21","34","4","23","1142","1","1","215","116","14","10","9","34","224","34","1662","658","0","0","0","0","0","-811000","5","-100.00","4005","9","6","0","0","","0","0","0","","",""
"080050","0001","0","800000","801000","802000","804000","805000","807000","808000","809000","810000","811000","799000","798000","797000","796000","795000","794000","793000","792000","791000","790000","196","27","96","72","42","21","33","4","23","1142","1","1","215","117","14","10","9","34","224","34","1656","659","0","0","0","0","0","-811000","5","-100.00","4010","-6","1","0","0","","0","0","0","","",""
"080050","0002","0","800000","801000","802000","804000","805000","807000","808000","809000","810000","811000","799000","798000","797000","796000","795000","794000","793000","792000","791000","790000","198","34","96","72","42","21","66","4","23","1142","1","1","215","117","14","10","9","34","224","34","1698","659","0","0","0","0","0","-811000","5","-100.00","4010","42","0","0","0","","0","0","0","","",""
"080051","0000","0","800000","801000","802000","804000","805000","807000","808000","809000","810000","811000","799000","798000","797000","796000","795000","794000","793000","792000","791000","790000","207","34","96","72","12","21","66","4","23","1142","55","1","215","117","14","10","9","34","224","34","1677","713","0","0","0","0","0","-811000","5","-100.00","4011","-21","54","0","0","","0","0","0","","",""
"080051","0001","0","800000","801000","802000","804000","805000","807000","808000","809000","810000","811000","799000","798000","797000","796000","795000","794000","793000","792000","791000","790000","217","34","96","62","12","21","66","4","23","1142","55","1","215","117","14","10","9","34","224","34","1677","713","0","0","0","0","0","-811000","5","-100.00","4011","0","0","0","0","","0","0","0","","",""
"080051","0002","0","800000","801000","802000","804000","805000","807000","808000","809000","810000","811000","799000","798000","797000","796000","795000","794000","793000","792000","791000","790000","221","34","96","46","12","21","66","4","23","1142","55","1","219","117","15","10","9","34","224","34","1665","718","0","0","0","0","0","-811000","5","-100.00","4011","-12","5","0","0","","0","0","0","","",""
"080051","0003","0","800000","801000","802000","804000","805000","807000","808000","809000","810000","811000","799000","798000","797000","796000","795000","794000","793000","792000","791000","790000","221","34","96","46","12","21","66","4","23","1142","55","1","219","117","15","10","9","34","224","35","1665","719","0","0","0","0","0","-811000","5","-100.00","4011","0","1","0","0","","0","0","0","","",""
"080052","0000","0","800000","801000","802000","804000","805000","807000","808000","809000","810000","811000","799000","798000","797000","796000","795000","794000","793000","792000","791000","790000","261","34","96","46","12","21","66","4","23","1142","62","1","219","117","15","10","9","34","224","35","1705","726","0","0","0","0","0","-811000","5","-100.00","4014","40","7","0","0","","0","0","0","","",""
"080052","0001","0","800000","801000","802000","804000","805000","807000","808000","809000","810000","811000","799000","798000","797000","796000","795000","794000","793000","792000","791000","790000","278","34","96","46","12","21","66","4","23","1142","62","1","219","117","16","11","9","34","224","35","1722","728","0","0","0","0","0","-811000","5","-100.00","4014","17","2","0","0","","0","0","0","","",""
"080052","0002","0","800000","801000","802000","804000","805000","807000","808000","809000","810000","811000","799000","798000","797000","796000","795000","794000","793000","792000","791000","790000","285","34","95","46","12","21","66","4","23","1142","62","1","226","117","17","11","9","34","224","35","1728","736","0","0","0","0","0","-811000","5","-100.00","4014","6","8","0","0","","0","0","0","","",""
"080052","0003","0","800000","801000","802000","804000","805000","807000","808000","809000","810000","811000","799000","798000","797000","796000","795000","794000","793000","792000","791000","790000","285","35","95","46","12","21","66","4","23","1142","62","1","226","117","17","11","9","34","224","35","1729","736","0","0","0","0","0","-811000","5","-100.00","4014","1","0","0","0","","0","0","0","","",""
"080053","0000","0","800000","801000","802000","804000","805000","807000","808000","809000","810000","811000","799000","798000","797000","796000","795000","794000","793000","792000","791000","790000","285","35","94","46","12","21","66","4","23","1142","61","2","227","117","17","11","9","34","224","39","1728","741","0","0","0","0","0","-811000","5","-100.00","4015","-1","5","0","0","","0","0","0","","",""
"080053","0001","0","800000","801000","802000","804000","805000","807000","808000","809000","810000","811000","799000","798000","797000","796000","795000","794000","793000","792000","791000","790000","285","35","94","46","12","21","66","4","23","1142","62","27","227","117","17","11","9","34","224","39","1728","767","0","0","0","0","0","-811000","5","-100.00","4015","0","26","0","0","","0","0","0","","",""
"080053","0002","0","800000","801000","802000","804000","805000","807000","808000","809000","810000","811000","799000","798000","797000","796000","795000","794000","793000","792000","791000","790000","292","35","94","46","12","21","66","4","23","1142","63","27","227","117","17","11","9","35","224","39","1735","769","0","0","0","0","0","-811000","5","-100.00","4015","7","2","0","0","","0","0","0","","",""
"080053","0003","0","800000","801000","802000","804000","805000","807000","808000","809000","810000","811000","799000","798000","797000","796000","795000","794000","793000","792000","791000","790000","292","35","94","46","12","21","66","4","23","1146","63","41","227","117","17","11","9","35","224","39","1739","783","0","0","0","0","0","-811000","5","-100.00","4016","4","14","0","0","","0","0","0","","",""
"080054","0000","0","800000","801000","802000","804000","805000","807000","808000","809000","810000","811000","799000","798000","797000","796000","795000","794000","793000","792000","791000","790000","312","34","94","46","12","21","66","4","23","1146","63","41","227","117","17","11","9","35","224","40","1758","784","0","0","0","0","0","-811000","5","-100.00","4017","19","1","0","0","","0","0","0","","",""
"080054","0001","0","800000","801000","802000","804000","805000","807000","808000","809000","810000","811000","799000","798000","797000","796000","795000","794000","793000","792000","791000","790000","312","34","94","46","12","21","66","4","23","1146","57","41","227","117","18","12","9","35","224","40","1758","780","0","0","0","0","0","-811000","5","-100.00","4024","0","-4","0","0","","0","0","0","","",""
"080054","0002","0","800000","801000","802000","804000","805000","807000","808000","809000","810000","811000","799000","798000","797000","796000","795000","794000","793000","792000","791000","790000","312","34","94","46","12","21","66","4","23","1146","58","41","232","117","18","12","9","35","224","41","1758","787","0","0","0","0","0","-811000","5","-100.00","4024","0","7","0","0","","0","0","0","","",""
"080055","0000","0","799000","800000","801000","802000","804000","805000","807000","808000","809000","810000","798000","797000","796000","795000","794000","793000","792000","791000","790000","789000","12","242","34","94","46","12","21","66","4","23","41","233","117","24","12","9","35","224","41","25","554","761","0","0","0","0","0","-811000","5","-100.00","4082","-1204","-26","0","0","","0","0","0","","",""
"080055","0001","0","799000","800000","801000","802000","804000","805000","807000","808000","809000","810000","798000","797000","796000","795000","794000","793000","792000","791000","790000","789000","13","248","34","94","46","12","21","66","4","23","41","233","117","24","10","9","35","224","41","25","561","759","0","0","0","0","0","-811000","5","-100.00","4082","7","-2","0","0","","0","0","0","","",""
"080055","0002","0","799000","800000","801000","802000","804000","805000","807000","808000","809000","810000","798000","797000","796000","795000","794000","793000","792000","791000","790000","789000","8","248","34","94","46","12","21","66","4","23","41","233","117","24","10","9","35","224","41","25","556","759","0","0","0","0","0","-811000","5","-100.00","4087","-5","0","0","0","","0","0","0","","",""
"080055","0003","0","799000","800000","801000","802000","804000","805000","807000","808000","809000","810000","798000","797000","796000","795000","794000","793000","792000","791000","790000","789000","17","248","34","94","46","12","21","66","4","23","41","233","117","24","10","10","35","224","41","25","565","760","0","0","0","0","0","-811000","5","-100.00","4087","9","1","0","0","","0","0","0","","",""
"080056","0000","0","799000","800000","801000","802000","804000","805000","807000","808000","809000","810000","798000","797000","796000","795000","794000","793000","792000","791000","790000","789000","10","249","34","94","46","12","21","66","4","23","41","233","117","24","10","10","35","224","41","25","559","760","0","0","0","0","0","-811000","5","-100.00","4112","-6","0","0","0","","0","0","0","","",""
"080056","0001","0","800000","801000","802000","804000","805000","807000","808000","809000","810000","811000","798000","797000","796000","795000","794000","793000","792000","791000","790000","789000","182","34","94","46","12","21","66","4","23","1146","41","233","117","24","10","10","35","224","41","25","1628","760","0","0","0","0","0","-811000","5","-100.00","4114","1069","0","0","0","","0","0","0","","",""
"080056","0002","0","799000","800000","801000","802000","804000","805000","807000","808000","809000","810000","798000","797000","796000","795000","794000","793000","792000","791000","790000","789000","12","186","34","95","46","12","21","66","4","23","101","234","117","24","11","10","35","224","41","25","499","822","0","0","0","0","0","-811000","5","-100.00","4114","-1129","62","0","0","","0","0","0","","",""
"080056","0003","0","799000","800000","801000","802000","804000","805000","807000","808000","809000","810000","798000","797000","796000","795000","794000","793000","792000","791000","790000","789000","13","186","14","95","46","11","21","66","4","23","81","234","118","24","11","10","35","224","41","25","479","803","0","0","0","0","0","-811000","5","-100.00","4135","-20","-19","0","0","","0","0","0","","",""
"080057","0000","0","800000","801000","802000","804000","805000","807000","808000","809000","810000","811000","798000","797000","796000","795000","794000","793000","792000","791000","790000","789000","135","14","95","46","11","21","66","4","29","1189","81","234","118","24","11","10","35","224","41","25","1610","803","0","0","0","0","0","-811000","5","-100.00","4199","1131","0","0","0","","0","0","0","","",""
"080057","0001","0","799000","800000","801000","802000","804000","805000","807000","808000","809000","810000","798000","797000","796000","795000","794000","793000","792000","791000","790000","789000","6","146","14","95","46","11","21","66","4","29","101","234","118","24","11","10","36","224","41","25","438","824","0","0","0","0","0","-811000","5","-100.00","4199","-1172","21","0","0","","0","0","0","","",""
"080057","0002","0","799000","800000","801000","802000","804000","805000","807000","808000","809000","810000","798000","797000","796000","795000","794000","793000","792000","791000","790000","789000","10","148","14","95","46","11","21","66","4","29","130","240","118","24","11","10","36","224","41","25","444","859","0","0","0","0","0","-811000","5","-100.00","4201","6","35","0","0","","0","0","0","","",""
"080057","0003","0","799000","800000","801000","802000","804000","805000","807000","808000","809000","810000","798000","797000","796000","795000","794000","793000","792000","791000","790000","789000","7","148","14","95","46","11","21","66","4","29","130","240","118","24","11","10","37","224","41","25","441","860","0","0","0","0","0","-811000","5","-100.00","4204","-3","1","0","0","","0","0","0","","",""
"080057","0004","0","799000","800000","801000","802000","804000","805000","807000","808000","809000","810000","798000","797000","796000","795000","794000","793000","792000","791000","790000","789000","7","148","14","95","46","11","21","66","4","29","129","240","118","24","11","10","37","225","42","25","441","861","0","0","0","0","0","-811000","5","-100.00","4205","0","1","0","0","","0","0","0","","",""
"080058","0000","0","799000","800000","801000","802000","804000","805000","807000","808000","809000","810000","798000","797000","796000","795000","794000","793000","792000","791000","790000","789000","7","160","14","95","46","11","21","66","4","29","129","240","118","24","11","10","37","225","43","26","453","863","0","0","0","0","0","-811000","5","-100.00","4205","12","2","0","0","","0","0","0","","",""
"080058","0001","0","799000","800000","801000","802000","804000","805000","807000","808000","809000","810000","798000","797000","796000","795000","794000","793000","792000","791000","790000","789000","6","160","14","95","46","11","21","66","4","29","136","240","118","24","11","10","37","225","43","26","452","870","0","0","0","0","0","-811000","5","-100.00","4206","-1","7","0","0","","0","0","0","","",""
"080058","0002","0","799000","800000","801000","802000","804000","805000","807000","808000","809000","810000","798000","797000","796000","795000","794000","793000","792000","791000","790000","789000","15","160","14","95","46","11","21","66","4","29","136","242","118","24","11","10","37","225","43","26","461","872","0","0","0","0","0","-811000","5","-100.00","4207","9","2","0","0","","0","0","0","","",""
"080058","0003","0","799000","800000","801000","802000","804000","805000","807000","808000","809000","810000","798000","797000","796000","795000","794000","793000","792000","791000","790000","789000","6","360","14","95","46","11","21","66","4","29","136","242","118","24","11","10","37","225","44","26","652","873","0","0","0","0","0","-811000","5","-100.00","4217","191","1","0","0","","0","0","0","","",""
"080059","0000","0","799000","800000","801000","802000","804000","805000","807000","808000","809000","810000","798000","797000","796000","795000","794000","793000","792000","791000","790000","789000","6","360","14","95","46","11","21","66","4","29","136","247","118","24","11","10","37","225","44","26","652","878","0","0","0","0","0","-811000","5","-100.00","4217","0","5","0","0","","0","0","0","","",""
"080059","0001","0","799000","800000","801000","802000","804000","805000","807000","808000","809000","810000","798000","797000","796000","795000","794000","793000","792000","791000","790000","789000","6","360","14","95","46","11","21","66","4","29","137","247","118","24","11","10","37","225","44","26","652","879","0","0","0","0","0","-811000","5","-100.00","4217","0","1","0","0","","0","0","0","","",""
"080059","0002","0","799000","800000","801000","802000","804000","805000","807000","808000","809000","810000","798000","797000","796000","795000","794000","793000","792000","791000","790000","789000","11","365","14","95","46","11","21","66","4","29","132","247","118","24","11","10","37","225","44","26","662","874","0","0","0","0","0","-811000","5","-100.00","4222","10","-5","0","0","","0","0","0","","",""
"080100","0000","0","799000","800000","801000","802000","804000","805000","807000","808000","809000","810000","798000","797000","796000","795000","794000","793000","792000","791000","790000","789000","11","365","14","95","46","11","21","66","4","29","132","247","118","26","11","10","37","225","45","26","662","877","0","0","0","0","0","-811000","5","-100.00","4222","0","3","0","0","","0","0","0","","",""
"080100","0001","0","799000","800000","801000","802000","804000","805000","807000","808000","809000","810000","798000","797000","796000","795000","794000","793000","792000","791000","790000","789000","11","365","14","95","46","11","21","66","4","29","131","247","118","26","11","10","37","225","45","26","662","876","0","0","0","0","0","-811000","5","-100.00","4223","0","-1","0","0","","0","0","0","","",""
"080100","0002","0","799000","800000","801000","802000","804000","805000","807000","808000","809000","810000","798000","797000","796000","795000","794000","793000","792000","791000","790000","789000","41","365","14","95","46","11","21","66","4","29","66","247","118","27","11","10","37","225","55","26","692","822","0","0","0","0","0","-811000","5","-100.00","4297","30","-54","0","0","","0","0","0","","",""
"080101","0000","0","799000","800000","801000","802000","804000","805000","807000","808000","809000","810000","798000","797000","796000","795000","794000","793000","792000","791000","790000","789000","41","365","7","95","46","11","21","66","4","29","66","249","118","27","11","10","37","225","55","26","685","824","0","0","0","0","0","-811000","5","-100.00","4297","-7","2","0","0","","0","0","0","","",""
"080101","0001","0","799000","800000","801000","802000","804000","805000","807000","808000","809000","810000","798000","797000","796000","795000","794000","793000","792000","791000","790000","789000","41","395","7","95","46","11","21","66","4","29","76","249","118","62","11","10","37","225","55","26","715","869","0","0","0","0","0","-811000","5","-100.00","4297","30","45","0","0","","0","0","0","","",""
"080101","0002","0","799000","800000","801000","802000","804000","805000","807000","808000","809000","810000","798000","797000","796000","795000","794000","793000","792000","791000","790000","789000","41","395","7","95","46","11","21","66","4","29","80","250","118","63","11","10","37","225","59","26","715","879","0","0","0","0","0","-811000","5","-100.00","4297","0","10","0","0","","0","0","0","","",""
"080101","0003","0","799000","800000","801000","802000","804000","805000","807000","808000","809000","810000","798000","797000","796000","795000","794000","793000","792000","791000","790000","789000","41","395","7","95","46","11","21","66","4","29","80","250","233","63","11","10","37","226","59","26","715","995","0","0","0","0","0","-811000","5","-100.00","4297","0","116","0","0","","0","0","0","","",""
"080102","0000","0","799000","800000","801000","802000","804000","805000","807000","808000","809000","810000","798000","797000","796000","795000","794000","793000","792000","791000","790000","789000","40","395","7","95","46","11","21","66","4","29","80","250","233","63","11","10","37","226","59","26","714","995","0","0","0","0","0","-811000","5","-100.00","4298","-1","0","0","0","","0","0","0","","",""
"080102","0001","0","799000","800000","801000","802000","804000","805000","807000","808000","809000","810000","798000","797000","796000","795000","794000","793000","792000","791000","790000","789000","53","395","7","95","46","11","21","66","4","29","91","250","233","63","11","10","37","226","59","26","727","1006","0","0","0","0","0","-811000","5","-100.00","4302","13","11","0","0","","0","0","0","","",""
"080102","0002","0","799000","800000","801000","802000","804000","805000","807000","808000","809000","810000","798000","797000","796000","795000","794000","793000","792000","791000","790000","789000","52","395","7","95","46","11","21","66","4","29","91","250","233","63","11","10","37","226","59","26","726","1006","0","0","0","0","0","-811000","5","-100.00","4303","-1","0","0","0","","0","0","0","","",""
"080102","0003","0","799000","800000","801000","802000","804000","805000","807000","808000","809000","810000","798000","797000","796000","795000","794000","793000","792000","791000","790000","789000","52","385","7","95","46","11","21","66","4","29","183","250","233","63","11","10","37","226","59","26","716","1098","0","0","0","0","0","-811000","5","-100.00","4313","-10","92","0","0","","0","0","0","","",""
"080102","0004","0","799000","800000","801000","802000","804000","805000","807000","808000","809000","810000","798000","797000","796000","795000","794000","793000","792000","791000","790000","789000","52","385","7","95","46","11","21","66","4","29","130","250","233","63","11","10","37","226","59","26","716","1045","0","0","0","0","0","-811000","5","-100.00","4366","0","-53","0","0","","0","0","0","","",""
"080103","0000","0","799000","800000","801000","802000","804000","805000","807000","808000","809000","810000","798000","797000","796000","795000","794000","793000","792000","791000","790000","789000","54","385","7","95","46","11","21","66","4","29","88","250","233","63","11","10","37","226","59","27","718","1004","0","0","0","0","0","-811000","5","-100.00","4418","0","-42","0","0","","0","0","0","","",""
"080103","0001","0","799000","800000","801000","802000","804000","805000","807000","808000","809000","810000","798000","797000","796000","795000","794000","793000","792000","791000","790000","789000","54","386","7","95","46","61","21","66","4","29","88","250","233","63","11","10","37","226","59","27","769","1004","0","0","0","0","0","-811000","5","-100.00","4418","51","0","0","0","","0","0","0","","",""
"080103","0002","0","799000","800000","801000","802000","804000","805000","807000","808000","809000","810000","798000","797000","796000","795000","794000","793000","792000","791000","790000","789000","66","380","7","89","46","61","21","66","4","29","88","250","232","63","11","11","37","226","59","27","769","1004","0","0","0","0","0","-811000","5","-100.00","4418","0","0","0","0","","0","0","0","","",""
"080104","0000","0","799000","800000","801000","802000","804000","805000","807000","808000","809000","810000","798000","797000","796000","795000","794000","793000","792000","791000","790000","789000","78","380","7","89","34","61","21","66","4","29","82","250","232","63","11","11","37","226","59","27","769","998","0","0","0","0","0","-811000","5","-100.00","4424","0","-6","0","0","","0","0","0","","",""
"080104","0001","0","799000","800000","801000","802000","804000","805000","807000","808000","809000","810000","798000","797000","796000","795000","794000","793000","792000","791000","790000","789000","38","380","7","89","34","61","21","66","4","29","83","250","232","63","11","11","37","226","59","27","729","999","0","0","0","0","0","-811000","5","-100.00","4464","-40","1","0","0","","0","0","0","","",""
"080104","0002","0","799000","800000","801000","802000","804000","805000","807000","808000","809000","810000","798000","797000","796000","795000","794000","793000","792000","791000","790000","789000","33","380","7","89","34","61","21","66","4","29","83","250","233","63","11","11","37","226","59","27","724","1000","0","0","0","0","0","-811000","5","-100.00","4474","-5","1","0","0","","0","0","0","","",""
"080104","0003","0","799000","800000","801000","802000","804000","805000","807000","808000","809000","810000","798000","797000","796000","795000","794000","793000","792000","791000","790000","789000","47","380","7","89","34","61","21","66","4","29","83","250","233","63","11","11","37","226","59","27","738","1000","0","0","0","0","0","-811000","5","-100.00","4474","14","0","0","0","","0","0","0","","",""
"080105","0000","0","799000","800000","801000","802000","804000","805000","807000","808000","809000","810000","798000","797000","796000","795000","794000","793000","792000","791000","790000","789000","247","380","7","89","34","61","21","66","4","29","83","250","233","63","11","11","37","226","59","27","938","1000","0","0","0","0","0","-811000","5","-100.00","4474","200","0","0","0","","0","0","0","","",""
"080105","0001","0","799000","800000","801000","802000","804000","805000","807000","808000","809000","810000","798000","797000","796000","795000","794000","793000","792000","791000","790000","789000","247","380","7","89","34","61","21","66","4","29","83","250","232","63","11","11","37","227","59","27","938","1000","0","0","0","0","0","-811000","5","-100.00","4474","0","0","0","0","","0","0","0","","",""
"080105","0002","0","799000","800000","801000","802000","804000","805000","807000","808000","809000","810000","798000","797000","796000","795000","794000","793000","792000","791000","790000","789000","246","380","7","89","34","61","21","66","4","29","82","250","232","63","11","11","37","227","59","27","937","999","0","0","0","0","0","-811000","5","-100.00","4476","-1","-1","0","0","","0","0","0","","",""
"080105","0003","0","799000","800000","801000","802000","804000","805000","807000","808000","809000","810000","798000","797000","796000","795000","794000","793000","792000","791000","790000","789000","246","380","7","89","34","61","21","66","4","29","115","251","272","63","11","11","37","227","59","27","937","1073","0","0","0","0","0","-811000","5","-100.00","4476","0","74","0","0","","0","0","0","","",""
"080106","0000","0","799000","800000","801000","802000","804000","805000","807000","808000","809000","810000","798000","797000","796000","795000","794000","793000","792000","791000","790000","789000","235","380","7","89","34","61","21","66","4","29","115","251","274","63","11","11","37","227","59","27","926","1075","0","0","0","0","0","-811000","5","-100.00","4487","-11","2","0","0","","0","0","0","","",""
"080106","0001","0","799000","800000","801000","802000","804000","805000","807000","808000","809000","810000","798000","797000","796000","795000","794000","793000","792000","791000","790000","789000","251","380","7","89","34","61","21","66","4","29","117","251","274","63","11","11","37","227","59","28","942","1078","0","0","0","0","0","-811000","5","-100.00","4487","16","3","0","0","","0","0","0","","",""
"080106","0002","0","799000","800000","801000","802000","804000","805000","807000","808000","809000","810000","798000","797000","796000","795000","794000","793000","792000","791000","790000","789000","251","380","7","89","34","61","21","66","4","29","116","251","274","64","11","11","37","227","60","28","942","1079","0","0","0","0","0","-811000","5","-100.00","4488","0","1","0","0","","0","0","0","","",""
"080106","0003","0","799000","800000","801000","802000","804000","805000","807000","808000","809000","810000","798000","797000","796000","795000","794000","793000","792000","791000","790000","789000","252","380","7","89","34","61","21","66","4","29","116","251","274","64","11","11","37","227","60","28","943","1079","0","0","0","0","0","-811000","5","-100.00","4488","1","0","0","0","","0","0","0","","",""
"080107","0000","0","799000","800000","801000","802000","804000","805000","807000","808000","809000","810000","798000","797000","796000","795000","794000","793000","792000","791000","790000","789000","252","380","7","89","37","61","21","66","4","29","107","251","275","64","11","11","37","227","60","28","946","1071","0","0","0","0","0","-811000","5","-100.00","4499","3","-8","0","0","","0","0","0","","",""
"080107","0001","0","799000","800000","801000","802000","804000","805000","807000","808000","809000","810000","798000","797000","796000","795000","794000","793000","792000","791000","790000","789000","252","380","7","89","37","61","21","66","4","29","107","251","275","64","11","11","37","228","60","28","946","1072","0","0","0","0","0","-811000","5","-100.00","4499","0","1","0","0","","0","0","0","","",""
"080107","0002","0","799000","800000","801000","802000","804000","805000","807000","808000","809000","810000","798000","797000","796000","795000","794000","793000","792000","791000","790000","789000","252","380","7","89","37","61","21","66","4","29","107","252","275","67","11","12","37","228","60","28","946","1077","0","0","0","0","0","-811000","5","-100.00","4499","0","5","0","0","","0","0","0","","",""
"080107","0003","0","799000","800000","801000","802000","804000","805000","807000","808000","809000","810000","798000","797000","796000","795000","794000","793000","792000","791000","790000","789000","252","380","7","89","37","61","21","66","4","29","108","253","275","68","11","12","37","228","83","28","946","1103","0","0","0","0","0","-811000","5","-100.00","4500","0","26","0","0","","0","0","0","","",""
"080108","0000","0","799000","800000","801000","802000","804000","805000","807000","808000","809000","810000","798000","797000","796000","795000","794000","793000","792000","791000","790000","789000","252","380","7","59","37","61","21","66","4","29","79","253","275","68","11","12","37","228","83","28","916","1074","0","0","0","0","0","-811000","5","-100.00","4530","-30","-29","0","0","","0","0","0","","",""
"080108","0001","0","799000","800000","801000","802000","804000","805000","807000","808000","809000","810000","798000","797000","796000","795000","794000","793000","792000","791000","790000","789000","252","381","7","57","37","61","21","66","4","29","57","253","275","68","11","12","37","228","83","28","915","1052","0","0","0","0","0","-811000","5","-100.00","4552","-1","-22","0","0","","0","0","0","","",""
"080108","0002","0","799000","800000","801000","802000","804000","805000","807000","808000","809000","810000","798000","797000","796000","795000","794000","793000","792000","791000","790000","789000","252","381","7","55","37","61","21","66","4","29","58","253","275","68","11","12","37","228","83","28","913","1053","0","0","0","0","0","-811000","5","-100.00","4552","-2","1","0","0","","0","0","0","","",""
"080108","0003","0","799000","800000","801000","802000","804000","805000","807000","808000","809000","810000","798000","797000","796000","795000","794000","793000","792000","791000","790000","789000","255","385","7","55","37","61","21","66","4","29","60","253","275","68","11","12","37","228","83","28","920","1055","0","0","0","0","0","-811000","5","-100.00","4552","7","2","0","0","","0","0","0","","",""
"080109","0000","0","799000","800000","801000","802000","804000","805000","807000","808000","809000","810000","798000","797000","796000","795000","794000","793000","792000","791000","790000","789000","262","378","7","55","37","61","21","66","4","29","61","253","275","68","11","12","37","228","83","28","920","1056","0","0","0","0","0","-811000","5","-100.00","4552","0","1","0","0","","0","0","0","","",""
"080109","0001","0","799000","800000","801000","802000","804000","805000","807000","808000","809000","810000","798000","797000","796000","795000","794000","793000","792000","791000","790000","789000","462","178","7","55","37","61","21","66","4","29","63","253","275","68","11","12","37","228","83","28","920","1058","0","0","0","0","0","-811000","5","-100.00","4552","0","2","0","0","","0","0","0","","",""
"080109","0002","0","799000","800000","801000","802000","804000","805000","807000","808000","809000","810000","798000","797000","796000","795000","794000","793000","792000","791000","790000","789000","462","178","7","55","37","61","21","66","4","29","51","253","275","68","11","12","37","228","83","28","920","1046","0","0","0","0","0","-811000","5","-100.00","4564","0","-12","0","0","","0","0","0","","",""
"080110","0000","0","799000","800000","801000","802000","804000","805000","807000","808000","809000","810000","798000","797000","796000","795000","794000","793000","792000","791000","790000","789000","469","178","7","55","37","61","21","66","4","29","50","253","275","69","11","22","37","228","84","28","927","1057","0","0","0","0","0","-811000","5","-100.00","4565","7","11","0","0","","0","0","0","","",""
"080110","0001","0","799000","800000","801000","802000","804000","805000","807000","808000","809000","810000","798000","797000","796000","795000","794000","793000","792000","791000","790000","789000","468","183","7","55","37","61","21","66","4","29","50","253","275","69","11","22","37","228","84","28","931","1057","0","0","0","0","0","-811000","5","-100.00","4566","4","0","0","0","","0","0","0","","",""
"080110","0002","0","799000","800000","801000","802000","804000","805000","807000","808000","809000","810000","798000","797000","796000","795000","794000","793000","792000","791000","790000","789000","459","183","7","55","37","61","21","66","4","29","50","253","275","69","11","22","37","228","84","28","922","1057","0","0","0","0","0","-811000","5","-100.00","4575","-9","0","0","0","","0","0","0","","",""
"080110","0003","0","799000","800000","801000","802000","804000","805000","807000","808000","809000","810000","798000","797000","796000","795000","794000","793000","792000","791000","790000","789000","459","183","7","55","37","61","21","66","4","29","59","253","275","70","11","22","38","228","84","28","922","1068","0","0","0","0","0","-811000","5","-100.00","4576","0","11","0","0","","0","0","0","","",""
