"time","millisec","HOUR_CLS_CODE","ASKP1","ASKP2","ASKP3","ASKP4","ASKP5","ASKP6","ASKP7","ASKP8","ASKP9","ASKP10","BIDP1","BIDP2","BIDP3","BIDP4","BIDP5","BIDP6","BIDP7","BIDP8","BIDP9","BIDP10","ASKP_RSQN1","ASKP_RSQN2","ASKP_RSQN3","ASKP_RSQN4","ASKP_RSQN5","ASKP_RSQN6","ASKP_RSQN7","ASKP_RSQN8","ASKP_RSQN9","ASKP_RSQN10","BIDP_RSQN1","BIDP_RSQN2","BIDP_RSQN3","BIDP_RSQN4","BIDP_RSQN5","BIDP_RSQN6","BIDP_RSQN7","BIDP_RSQN8","BIDP_RSQN9","BIDP_RSQN10","TOTAL_ASKP_RSQN","TOTAL_BIDP_RSQN","OVTM_TOTAL_ASKP_RSQN","OVTM_TOTAL_BIDP_RSQN","ANTC_CNPR","ANTC_CNQN","ANTC_VOL","ANTC_CNTG_VRSS","ANTC_CNTG_VRSS_SIGN","ANTC_CNTG_PRDY_CTRT","ACML_VOL","TOTAL_ASKP_RSQN_ICDC","TOTAL_BIDP_RSQN_ICDC","OVTM_TOTAL_ASKP_ICDC","OVTM_TOTAL_BIDP_ICDC","STCK_DEAL_CLS_CODE","KMID_PRC","KMID_TOTAL_RSQN","KMID_CLS_CODE","NMID_PRC","NMID_TOTAL_RSQN","NMID_CLS_CODE"
"080000","0000","0","1519000","1600000","1650000","1713000","0","0","0","0","0","0","1400000","1370000","1036000","1031000","0","0","0","0","0","0","1","62","12","1","0","0","0","0","0","0","5","5","1","2","0","0","0","0","0","0","76","13","0","0","0","0","0","-1463000","5","-100.00","0","0","0","0","0","","0","0","0","","",""
"080000","0001","0","1478000","1505000","1510000","1519000","1525000","1600000","1650000","1713000","1715000","1888000","1424000","1413000","1400000","1370000","1350000","1313000","1036000","1031000","1030000","0","2","7","25","1","8","106","12","1","1","5","20","1","5","5","5","1","1","2","1209","0","168","1249","0","0","0","0","0","-1463000","5","-100.00","0","92","1236","0","0","","0","0","0","","",""
"080001","0000","0","1477000","1478000","1500000","1505000","1510000","1515000","1519000","1525000","1537000","1548000","1470000","1435000","1424000","1413000","1401000","1400000","1370000","1350000","1316000","1313000","1","2","1","7","25","2","1","8","5","10","4","2","30","1","2","5","5","5","4","1","62","59","0","0","0","0","0","-1463000","5","-100.00","0","-106","-1190","0","0","","0","0","0","","",""
"080002","0000","0","1477000","1478000","1500000","1505000","1510000","1515000","1519000","1525000","1534000","1536000","1473000","1470000","1463000","1435000","1424000","1413000","1401000","1400000","1370000","1350000","1","2","1","7","28","2","21","8","5","100","1","17","10","2","30","1","2","5","5","5","175","78","0","0","0","0","0","-1463000","5","-100.00","0","113","19","0","0","","0","0","0","","",""
"080002","0001","0","1477000","1478000","1488000","1500000","1505000","1510000","1515000","1519000","1525000","1530000","1473000","1470000","1467000","1463000","1450000","1440000","1435000","1430000","1424000","1420000","1","2","1","1","7","28","2","21","8","3","1","17","20","10","1","1","2","1","30","1","74","84","0","0","0","0","0","-1463000","5","-100.00","0","-101","6","0","0","","0","0","0","","",""
"080003","0000","0","1477000","1478000","1488000","1500000","1505000","1510000","1515000","1519000","1525000","1530000","1473000","1470000","1467000","1463000","1450000","1440000","1435000","1430000","1424000","1420000","1","2","1","1","7","28","2","21","8","33","1","17","20","18","2","1","2","1","30","1","104","93","0","0","0","0","0","-1463000","5","-100.00","0","30","9","0","0","","0","0","0","","",""
"080003","0001","0","1477000","1478000","1488000","1500000","1505000","1510000","1515000","1519000","1525000","1530000","1473000","1470000","1467000","1463000","1450000","1447000","1441000","1440000","1435000","1430000","1","2","1","1","7","28","2","21","8","33","1","17","20","19","2","3","30","1","2","1","104","96","0","0","0","0","0","-1463000","5","-100.00","0","0","3","0","0","","0","0","0","","",""
"080004","0000","0","1477000","1478000","1488000","1500000","1505000","1510000","1515000","1519000","1525000","1530000","1473000","1470000","1467000","1463000","1450000","1447000","1441000","1440000","1435000","1430000","1","2","1","1","7","28","2","21","8","33","2","17","20","19","2","3","30","1","2","1","104","97","0","0","0","0","0","-1463000","5","-100.00","0","0","1","0","0","","0","0","0","","",""
"080004","0001","0","1477000","1478000","1488000","1500000","1505000","1510000","1515000","1519000","1525000","1530000","1474000","1473000","1470000","1467000","1463000","1450000","1447000","1441000","1440000","1435000","1","2","1","8","7","28","2","21","8","33","1","10","17","20","19","2","13","30","1","2","111","115","0","0","0","0","0","-1463000","5","-100.00","1","7","18","0","0","","0","0","0","","",""
"080004","0002","0","1477000","1478000","1488000","1500000","1505000","1510000","1515000","1519000","1520000","1525000","1474000","1473000","1470000","1467000","1463000","1450000","1447000","1441000","1440000","1435000","1","2","1","8","7","28","2","21","33","8","1","10","17","20","19","2","13","30","1","2","111","115","0","0","0","0","0","-1463000","5","-100.00","1","0","0","0","0","","0","0","0","","",""
"080005","0000","0","1477000","1478000","1488000","1500000","1501000","1505000","1510000","1515000","1519000","1520000","1474000","1473000","1470000","1467000","1463000","1450000","1447000","1441000","1440000","1435000","1","2","1","8","1","7","28","2","21","33","1","10","17","20","19","2","13","30","1","2","104","115","0","0","0","0","0","-1463000","5","-100.00","1","-7","0","0","0","","0","0","0","","",""
"080005","0001","0","1477000","1478000","1488000","1500000","1501000","1505000","1510000","1515000","1519000","1520000","1474000","1473000","1470000","1467000","1463000","1450000","1447000","1441000","1440000","1435000","1","2","1","8","1","7","28","2","21","33","1","13","17","20","19","2","13","30","1","2","104","118","0","0","0","0","0","-1463000","5","-100.00","1","0","3","0","0","","0","0","0","","",""
"080006","0000","0","1477000","1478000","1488000","1500000","1501000","1505000","1510000","1515000","1519000","1520000","1474000","1473000","1470000","1468000","1467000","1463000","1451000","1450000","1447000","1441000","23","2","1","8","1","7","29","2","21","33","1","13","17","20","20","19","1","2","13","30","127","136","0","0","0","0","0","-1463000","5","-100.00","1","23","18","0","0","","0","0","0","","",""
"080007","0000","0","1477000","1478000","1488000","1500000","1501000","1505000","1510000","1515000","1519000","1520000","1474000","1473000","1470000","1468000","1467000","1463000","1451000","1450000","1447000","1441000","23","2","1","8","1","7","29","3","21","33","1","13","17","20","20","19","1","2","13","30","128","136","0","0","0","0","0","-1463000","5","-100.00","1","1","0","0","0","","0","0","0","","",""
"080007","0001","0","1477000","1478000","1488000","1500000","1501000","1505000","1510000","1515000","1519000","1520000","1474000","1473000","1470000","1468000","1467000","1463000","1451000","1450000","1447000","1441000","121","2","1","8","1","7","29","3","21","33","1","22","17","20","20","20","1","2","13","30","226","146","0","0","0","0","0","-1463000","5","-100.00","1","98","10","0","0","","0","0","0","","",""
"080008","0000","0","1477000","1478000","1488000","1500000","1501000","1505000","1510000","1515000","1519000","1520000","1474000","1473000","1470000","1468000","1467000","1463000","1451000","1450000","1447000","1441000","121","2","1","11","1","7","29","3","21","33","1","22","17","20","20","20","1","2","13","30","229","146","0","0","0","0","0","-1463000","5","-100.00","1","3","0","0","0","","0","0","0","","",""
"080008","0001","0","1477000","1478000","1488000","1500000","1501000","1505000","1510000","1515000","1519000","1520000","1474000","1473000","1470000","1468000","1467000","1463000","1451000","1450000","1447000","1441000","121","2","1","11","1","7","30","3","21","33","1","22","17","20","20","20","1","2","13","30","230","146","0","0","0","0","0","-1463000","5","-100.00","1","1","0","0","0","","0","0","0","","",""
"080008","0002","0","1477000","1478000","1488000","1500000","1501000","1505000","1510000","1515000","1519000","1520000","1474000","1473000","1470000","1468000","1467000","1463000","1451000","1450000","1447000","1441000","121","2","1","11","1","9","30","3","21","33","1","22","17","20","20","20","1","2","13","30","232","146","0","0","0","0","0","-1463000","5","-100.00","1","2","0","0","0","","0","0","0","","",""
"080009","0000","0","1477000","1478000","1488000","1500000","1501000","1505000","1510000","1515000","1519000","1520000","1474000","1473000","1470000","1468000","1467000","1463000","1451000","1450000","1447000","1441000","121","2","1","11","1","9","30","3","21","33","1","22","17","20","20","24","1","2","13","30","232","150","0","0","0","0","0","-1463000","5","-100.00","1","0","4","0","0","","0","0","0","","",""
"080009","0001","0","1477000","1478000","1488000","1500000","1501000","1505000","1510000","1515000","1519000","1520000","1473000","1470000","1468000","1467000","1463000","1451000","1450000","1447000","1441000","1440000","121","2","1","11","1","9","30","3","21","33","21","17","20","20","24","1","2","13","30","1","232","149","0","0","0","0","0","-1463000","5","-100.00","3","0","-1","0","0","","0","0","0","","",""
"080009","0002","0","1474000","1477000","1478000","1488000","1500000","1501000","1505000","1510000","1515000","1519000","1473000","1470000","1468000","1467000","1463000","1451000","1450000","1447000","1441000","1440000","1","121","2","1","11","1","9","30","3","21","21","17","20","20","24","1","2","13","30","1","200","149","0","0","0","0","0","-1463000","5","-100.00","3","-32","0","0","0","","0","0","0","","",""
"080009","0003","0","1474000","1475000","1477000","1478000","1488000","1500000","1501000","1505000","1510000","1515000","1473000","1470000","1468000","1467000","1463000","1451000","1450000","1447000","1441000","1440000","1","1","121","2","1","11","1","9","30","3","21","17","20","20","24","4","2","13","30","1","180","152","0","0","0","0","0","-1463000","5","-100.00","3","-20","3","0","0","","0","0","0","","",""
"080010","0000","0","1474000","1475000","1477000","1478000","1488000","1500000","1501000","1505000","1510000","1515000","1473000","1470000","1468000","1467000","1463000","1451000","1450000","1447000","1441000","1440000","1","1","121","2","1","11","1","9","30","3","22","17","20","20","24","4","2","13","30","1","180","153","0","0","0","0","0","-1463000","5","-100.00","3","0","1","0","0","","0","0","0","","",""
"080010","0001","0","1474000","1475000","1477000","1478000","1488000","1500000","1501000","1505000","1510000","1515000","1473000","1470000","1468000","1467000","1463000","1452000","1451000","1450000","1447000","1441000","1","1","121","2","1","11","1","9","30","3","22","17","20","20","25","1","4","2","13","30","180","154","0","0","0","0","0","-1463000","5","-100.00","3","0","1","0","0","","0","0","0","","",""
"080011","0000","0","1474000","1475000","1477000","1478000","1488000","1489000","1499000","1500000","1501000","1505000","1473000","1470000","1468000","1467000","1463000","1461000","1452000","1451000","1450000","1447000","1","1","122","2","1","50","50","11","1","9","22","17","21","20","25","1","1","4","2","13","248","126","0","0","0","0","0","-1463000","5","-100.00","3","68","-28","0","0","","0","0","0","","",""
"080011","0001","0","1475000","1477000","1478000","1488000","1489000","1499000","1500000","1501000","1505000","1510000","1473000","1470000","1468000","1467000","1463000","1461000","1452000","1451000","1450000","1447000","4","122","2","1","50","50","11","1","9","30","22","17","21","20","25","1","1","4","2","13","280","126","0","0","0","0","0","-1463000","5","-100.00","5","32","0","0","0","","0","0","0","","",""
"080011","0002","0","1475000","1477000","1478000","1488000","1489000","1499000","1500000","1501000","1505000","1510000","1470000","1468000","1467000","1463000","1461000","1452000","1451000","1450000","1447000","1441000","1","122","2","1","50","50","11","1","9","30","17","21","20","25","1","1","4","2","13","30","277","134","0","0","0","0","0","-1463000","5","-100.00","27","-3","8","0","0","","0","0","0","","",""
"080012","0000","0","1474000","1475000","1477000","1478000","1488000","1489000","1499000","1500000","1501000","1505000","1470000","1468000","1467000","1463000","1461000","1452000","1451000","1450000","1447000","1441000","3","4","122","2","1","50","50","11","1","9","17","22","20","25","1","1","4","2","13","30","253","135","0","0","0","0","0","-1463000","5","-100.00","32","-24","1","0","0","","0","0","0","","",""
"080012","0001","0","1472000","1473000","1474000","1475000","1477000","1478000","1488000","1489000","1499000","1500000","1470000","1468000","1467000","1463000","1461000","1452000","1451000","1450000","1447000","1441000","2","3","1","1","122","2","1","50","50","11","17","22","20","26","1","1","4","2","13","30","243","136","0","0","0","0","0","-1463000","5","-100.00","32","-10","1","0","0","","0","0","0","","",""
"080013","0000","0","1472000","1473000","1474000","1475000","1477000","1478000","1488000","1489000","1499000","1500000","1470000","1468000","1467000","1463000","1461000","1459000","1452000","1451000","1450000","1447000","2","3","1","1","122","2","1","50","50","11","17","22","20","26","1","10","1","4","2","13","243","116","0","0","0","0","0","-1463000","5","-100.00","32","0","-20","0","0","","0","0","0","","",""
"080013","0001","0","1472000","1473000","1474000","1475000","1477000","1478000","1488000","1489000","1499000","1500000","1470000","1468000","1467000","1463000","1461000","1459000","1452000","1451000","1450000","1447000","2","3","1","1","122","2","1","50","50","11","15","22","20","26","1","10","1","4","2","13","243","114","0","0","0","0","0","-1463000","5","-100.00","34","0","-2","0","0","","0","0","0","","",""
"080013","0002","0","1472000","1473000","1474000","1475000","1477000","1478000","1488000","1489000","1499000","1500000","1470000","1468000","1467000","1463000","1461000","1459000","1452000","1451000","1450000","1447000","2","53","1","1","122","2","1","50","50","11","16","22","20","26","1","10","1","4","2","13","293","115","0","0","0","0","0","-1463000","5","-100.00","34","50","1","0","0","","0","0","0","","",""
"080014","0000","0","1472000","1473000","1474000","1475000","1477000","1478000","1488000","1489000","1499000","1500000","1470000","1468000","1467000","1463000","1461000","1459000","1452000","1451000","1450000","1447000","2","53","1","1","122","2","1","50","50","11","16","22","20","26","1","10","1","4","2","13","293","115","0","0","0","0","0","-1463000","5","-100.00","35","0","0","0","0","","0","0","0","","",""
"080014","0001","0","1473000","1474000","1475000","1477000","1478000","1488000","1489000","1499000","1500000","1501000","1470000","1468000","1467000","1463000","1461000","1459000","1452000","1451000","1450000","1447000","51","1","1","123","2","1","50","50","11","1","16","22","20","26","1","10","1","4","2","13","291","115","0","0","0","0","0","-1463000","5","-100.00","36","-2","0","0","0","","0","0","0","","",""
"080014","0002","0","1473000","1474000","1475000","1477000","1478000","1488000","1489000","1499000","1500000","1501000","1470000","1468000","1467000","1463000","1461000","1459000","1452000","1451000","1450000","1447000","51","1","1","123","2","1","50","50","11","1","14","22","20","26","1","10","1","4","2","13","291","113","0","0","0","0","0","-1463000","5","-100.00","38","0","-2","0","0","","0","0","0","","",""
"080015","0000","0","1472000","1473000","1474000","1475000","1477000","1478000","1488000","1489000","1499000","1500000","1470000","1468000","1467000","1463000","1461000","1459000","1452000","1451000","1450000","1447000","1","51","1","1","123","2","1","50","50","11","14","22","20","26","1","10","1","4","2","13","291","113","0","0","0","0","0","-1463000","5","-100.00","38","0","0","0","0","","0","0","0","","",""
"080015","0001","0","1472000","1473000","1474000","1475000","1477000","1478000","1488000","1489000","1499000","1500000","1470000","1468000","1467000","1463000","1461000","1459000","1453000","1452000","1451000","1450000","1","51","1","1","123","2","1","50","50","11","45","22","20","26","1","10","1","1","4","2","291","132","0","0","0","0","0","-1463000","5","-100.00","38","0","19","0","0","","0","0","0","","",""
"080016","0000","0","1473000","1474000","1475000","1477000","1478000","1488000","1489000","1499000","1500000","1501000","1470000","1468000","1467000","1463000","1461000","1459000","1453000","1452000","1451000","1450000","51","1","1","123","2","1","50","50","11","1","45","22","20","26","1","10","1","1","4","2","291","132","0","0","0","0","0","-1463000","5","-100.00","39","0","0","0","0","","0","0","0","","",""
"080016","0001","0","1473000","1474000","1475000","1477000","1478000","1488000","1489000","1494000","1499000","1500000","1470000","1468000","1467000","1463000","1461000","1459000","1453000","1452000","1451000","1450000","55","1","1","123","2","1","50","9","50","11","45","22","20","26","1","10","1","1","4","2","303","132","0","0","0","0","0","-1463000","5","-100.00","41","12","0","0","0","","0","0","0","","",""
"080016","0002","0","1472000","1473000","1474000","1475000","1477000","1478000","1480000","1488000","1489000","1490000","1470000","1468000","1467000","1463000","1461000","1459000","1453000","1452000","1451000","1450000","3","59","1","1","123","2","2","1","50","2","45","22","20","26","1","10","1","1","4","2","244","132","0","0","0","0","0","-1463000","5","-100.00","41","-59","0","0","0","","0","0","0","","",""
"080017","0000","0","1473000","1474000","1475000","1477000","1478000","1480000","1488000","1489000","1490000","1494000","1470000","1468000","1467000","1463000","1461000","1459000","1453000","1452000","1451000","1450000","54","1","1","123","2","2","1","50","2","9","45","22","20","26","1","10","1","1","4","2","245","132","0","0","0","0","0","-1463000","5","-100.00","46","1","0","0","0","","0","0","0","","",""
"080017","0001","0","1473000","1474000","1475000","1477000","1478000","1480000","1488000","1489000","1490000","1494000","1470000","1468000","1467000","1463000","1461000","1459000","1453000","1452000","1451000","1450000","54","1","1","123","2","2","1","50","2","9","48","23","20","26","1","10","1","1","4","2","245","136","0","0","0","0","0","-1463000","5","-100.00","46","0","4","0","0","","0","0","0","","",""
"080018","0000","0","1473000","1474000","1475000","1477000","1478000","1480000","1488000","1489000","1490000","1491000","1470000","1468000","1467000","1463000","1461000","1459000","1453000","1452000","1451000","1450000","55","1","1","123","2","2","1","50","2","1","48","23","20","26","2","10","1","1","4","2","238","137","0","0","0","0","0","-1463000","5","-100.00","46","-7","1","0","0","","0","0","0","","",""
"080018","0001","0","1473000","1474000","1475000","1477000","1478000","1480000","1488000","1489000","1490000","1491000","1470000","1468000","1467000","1463000","1461000","1459000","1453000","1452000","1451000","1450000","55","1","1","123","2","2","1","50","2","1","38","23","20","26","2","10","1","1","4","2","238","127","0","0","0","0","0","-1463000","5","-100.00","56","0","-10","0","0","","0","0","0","","",""
"080018","0002","0","1473000","1474000","1475000","1477000","1478000","1480000","1488000","1489000","1490000","1491000","1472000","1470000","1468000","1467000","1463000","1461000","1459000","1453000","1452000","1451000","55","1","1","123","2","2","1","50","2","1","1","38","23","20","26","2","10","1","1","4","238","126","0","0","0","0","0","-1463000","5","-100.00","56","0","-1","0","0","","0","0","0","","",""
"080019","0000","0","1473000","1474000","1475000","1476000","1477000","1478000","1480000","1488000","1489000","1490000","1472000","1470000","1468000","1467000","1463000","1461000","1459000","1453000","1452000","1451000","55","1","1","1","123","2","2","1","50","2","1","38","23","20","26","2","10","1","1","4","238","126","0","0","0","0","0","-1463000","5","-100.00","56","0","0","0","0","","0","0","0","","",""
"080019","0001","0","1473000","1474000","1475000","1476000","1477000","1478000","1480000","1488000","1489000","1490000","1472000","1470000","1468000","1467000","1463000","1461000","1459000","1453000","1452000","1451000","55","3","1","1","123","2","2","1","50","2","4","38","23","20","26","2","10","1","1","4","240","129","0","0","0","0","0","-1463000","5","-100.00","56","2","3","0","0","","0","0","0","","",""
"080020","0000","0","1473000","1474000","1475000","1476000","1477000","1478000","1480000","1488000","1489000","1490000","1472000","1471000","1470000","1468000","1467000","1463000","1461000","1459000","1453000","1452000","55","3","1","1","123","2","2","1","50","2","4","5","38","23","20","26","2","10","1","1","240","130","0","0","0","0","0","-1463000","5","-100.00","56","0","1","0","0","","0","0","0","","",""
"080020","0001","0","1473000","1474000","1475000","1476000","1477000","1478000","1480000","1488000","1489000","1490000","1472000","1471000","1470000","1468000","1467000","1463000","1461000","1459000","1453000","1452000","61","3","1","1","123","2","2","1","50","2","4","5","39","23","20","26","2","10","1","1","246","131","0","0","0","0","0","-1463000","5","-100.00","56","6","1","0","0","","0","0","0","","",""
"080020","0002","0","1473000","1474000","1475000","1476000","1477000","1478000","1480000","1488000","1489000","1490000","1472000","1471000","1470000","1468000","1467000","1463000","1461000","1459000","1453000","1452000","51","3","1","1","123","2","2","1","50","2","4","5","39","23","20","26","2","10","1","1","236","131","0","0","0","0","0","-1463000","5","-100.00","66","-10","0","0","0","","0","0","0","","",""
"080021","0000","0","1473000","1474000","1475000","1476000","1477000","1478000","1480000","1488000","1489000","1490000","1472000","1471000","1470000","1468000","1467000","1463000","1461000","1460000","1459000","1453000","51","3","1","1","123","2","2","1","50","2","4","5","39","23","20","26","2","3","10","1","236","133","0","0","0","0","0","-1463000","5","-100.00","66","0","2","0","0","","0","0","0","","",""
"080021","0001","0","1473000","1474000","1475000","1476000","1477000","1478000","1480000","1488000","1489000","1490000","1472000","1471000","1470000","1468000","1467000","1463000","1461000","1460000","1459000","1453000","51","3","3","1","123","2","2","1","50","2","4","5","39","23","20","26","2","3","10","1","238","133","0","0","0","0","0","-1463000","5","-100.00","66","2","0","0","0","","0","0","0","","",""
"080021","0002","0","1473000","1474000","1475000","1476000","1477000","1478000","1480000","1488000","1489000","1490000","1472000","1471000","1470000","1468000","1467000","1463000","1461000","1460000","1459000","1453000","51","3","3","1","123","2","2","1","50","2","4","5","39","23","20","26","2","3","10","1","238","133","0","0","0","0","0","-1463000","5","-100.00","66","0","0","0","0","","0","0","0","","",""
"080022","0000","0","1473000","1474000","1475000","1476000","1477000","1478000","1480000","1488000","1489000","1490000","1472000","1471000","1470000","1468000","1467000","1463000","1461000","1460000","1459000","1453000","51","3","3","1","123","2","2","1","50","2","4","5","39","23","20","26","2","3","10","1","238","133","0","0","0","0","0","-1463000","5","-100.00","66","0","0","0","0","","0","0","0","","",""
"080022","0001","0","1473000","1474000","1475000","1476000","1477000","1478000","1480000","1488000","1489000","1490000","1472000","1471000","1470000","1468000","1467000","1463000","1461000","1460000","1459000","1453000","51","3","64","1","123","2","2","1","50","2","74","5","59","23","20","26","2","3","10","1","299","223","0","0","0","0","0","-1463000","5","-100.00","66","61","90","0","0","","0","0","0","","",""
"080022","0002","0","1473000","1474000","1475000","1476000","1477000","1478000","1480000","1488000","1489000","1490000","1472000","1471000","1470000","1468000","1467000","1463000","1461000","1460000","1459000","1453000","61","3","64","1","123","2","2","1","50","2","74","5","59","23","20","26","2","3","10","1","309","223","0","0","0","0","0","-1463000","5","-100.00","66","10","0","0","0","","0","0","0","","",""
"080023","0000","0","1473000","1474000","1475000","1476000","1477000","1478000","1480000","1488000","1489000","1490000","1472000","1471000","1470000","1468000","1467000","1463000","1461000","1460000","1459000","1453000","62","3","64","1","123","2","2","1","50","2","70","5","59","23","20","26","2","3","10","1","310","219","0","0","0","0","0","-1463000","5","-100.00","70","1","-4","0","0","","0","0","0","","",""
"080024","0000","0","1473000","1474000","1475000","1476000","1477000","1478000","1480000","1488000","1489000","1490000","1472000","1471000","1470000","1468000","1467000","1463000","1461000","1460000","1459000","1453000","142","3","64","1","123","2","3","1","50","2","70","5","59","23","20","26","2","3","10","1","391","219","0","0","0","0","0","-1463000","5","-100.00","70","81","0","0","0","","0","0","0","","",""
"080024","0001","0","1473000","1474000","1475000","1476000","1477000","1478000","1480000","1488000","1489000","1490000","1472000","1471000","1470000","1468000","1467000","1463000","1461000","1460000","1459000","1453000","147","3","64","1","123","2","3","1","50","2","70","5","59","23","20","26","2","3","10","1","396","219","0","0","0","0","0","-1463000","5","-100.00","70","5","0","0","0","","0","0","0","","",""
"080024","0002","0","1473000","1474000","1475000","1476000","1477000","1478000","1480000","1488000","1489000","1490000","1471000","1470000","1468000","1467000","1463000","1461000","1460000","1459000","1453000","1452000","156","3","64","1","123","2","3","2","50","2","5","59","23","20","26","2","3","10","1","1","406","150","0","0","0","0","0","-1463000","5","-100.00","140","10","-69","0","0","","0","0","0","","",""
"080025","0000","0","1473000","1474000","1475000","1476000","1477000","1478000","1480000","1488000","1489000","1490000","1471000","1470000","1468000","1467000","1463000","1461000","1460000","1459000","1453000","1452000","156","3","64","1","123","2","3","2","50","2","5","65","24","20","26","2","3","10","1","1","406","157","0","0","0","0","0","-1463000","5","-100.00","140","0","7","0","0","","0","0","0","","",""
"080025","0001","0","1473000","1474000","1475000","1476000","1477000","1478000","1480000","1484000","1488000","1489000","1471000","1470000","1468000","1463000","1461000","1460000","1459000","1453000","1452000","1451000","136","3","64","1","123","2","3","1","2","50","6","65","24","26","2","3","10","1","1","4","385","142","0","0","0","0","0","-1463000","5","-100.00","160","-21","-15","0","0","","0","0","0","","",""
"080025","0002","0","1473000","1474000","1475000","1476000","1477000","1478000","1480000","1484000","1488000","1489000","1471000","1470000","1468000","1463000","1461000","1460000","1459000","1453000","1452000","1451000","136","3","64","1","123","2","3","1","2","50","5","65","24","26","2","3","10","1","1","4","385","141","0","0","0","0","0","-1463000","5","-100.00","161","0","-1","0","0","","0","0","0","","",""
"080026","0000","0","1473000","1474000","1475000","1476000","1477000","1478000","1480000","1484000","1488000","1489000","1471000","1470000","1468000","1463000","1461000","1460000","1459000","1453000","1452000","1451000","135","3","64","1","123","2","3","1","2","50","5","65","24","26","2","3","10","1","1","4","384","141","0","0","0","0","0","-1463000","5","-100.00","162","-1","0","0","0","","0","0","0","","",""
"080026","0001","0","1473000","1474000","1475000","1476000","1477000","1478000","1480000","1484000","1488000","1489000","1472000","1471000","1470000","1468000","1463000","1461000","1460000","1459000","1453000","1452000","135","3","64","1","123","2","3","1","2","50","1","5","65","24","23","2","3","10","1","1","384","135","0","0","0","0","0","-1463000","5","-100.00","164","0","-6","0","0","","0","0","0","","",""
"080027","0000","0","1473000","1474000","1475000","1476000","1477000","1478000","1480000","1484000","1488000","1489000","1472000","1471000","1470000","1468000","1463000","1461000","1460000","1459000","1453000","1452000","135","3","64","1","123","2","3","1","2","50","2","5","66","24","23","2","3","10","1","1","384","137","0","0","0","0","0","-1463000","5","-100.00","164","0","2","0","0","","0","0","0","","",""
"080028","0000","0","1472000","1473000","1474000","1475000","1476000","1477000","1478000","1480000","1484000","1488000","1471000","1470000","1468000","1463000","1461000","1460000","1459000","1453000","1452000","1451000","1","135","3","64","1","123","2","3","1","2","1","66","24","23","2","3","10","1","1","4","335","135","0","0","0","0","0","-1463000","5","-100.00","170","-49","-2","0","0","","0","0","0","","",""
"080028","0001","0","1472000","1473000","1474000","1475000","1476000","1477000","1478000","1480000","1484000","1488000","1471000","1470000","1468000","1463000","1461000","1460000","1459000","1453000","1452000","1451000","1","135","3","64","1","123","2","3","2","2","1","66","24","23","2","3","10","1","1","4","336","135","0","0","0","0","0","-1463000","5","-100.00","170","1","0","0","0","","0","0","0","","",""
"080028","0002","0","1472000","1473000","1474000","1475000","1476000","1477000","1478000","1480000","1484000","1488000","1471000","1470000","1468000","1463000","1461000","1460000","1459000","1453000","1452000","1451000","1","135","3","66","1","123","2","3","2","2","1","66","24","23","2","3","10","1","1","4","338","135","0","0","0","0","0","-1463000","5","-100.00","170","2","0","0","0","","0","0","0","","",""
"080029","0000","0","1473000","1474000","1475000","1476000","1477000","1478000","1480000","1484000","1485000","1488000","1471000","1470000","1468000","1463000","1461000","1460000","1459000","1453000","1452000","1451000","145","3","66","1","123","2","3","2","1","2","1","66","24","23","2","3","10","1","1","4","348","135","0","0","0","0","0","-1463000","5","-100.00","171","10","0","0","0","","0","0","0","","",""
"080029","0001","0","1472000","1473000","1474000","1475000","1476000","1477000","1478000","1480000","1484000","1485000","1471000","1470000","1468000","1463000","1461000","1460000","1459000","1453000","1452000","1451000","6","145","3","66","1","123","2","3","2","1","1","66","24","23","2","3","10","2","1","4","352","136","0","0","0","0","0","-1463000","5","-100.00","171","4","1","0","0","","0","0","0","","",""
"080029","0002","0","1472000","1473000","1474000","1475000","1476000","1477000","1478000","1480000","1484000","1485000","1471000","1470000","1468000","1463000","1462000","1461000","1460000","1459000","1453000","1452000","6","145","3","66","1","123","2","3","2","1","1","66","24","23","1","2","3","10","2","1","352","133","0","0","0","0","0","-1463000","5","-100.00","171","0","-3","0","0","","0","0","0","","",""
"080029","0003","0","1472000","1473000","1474000","1475000","1476000","1477000","1478000","1480000","1484000","1485000","1470000","1468000","1463000","1462000","1461000","1460000","1459000","1453000","1452000","1451000","6","145","3","66","1","123","2","3","2","1","64","24","23","1","2","3","10","2","1","4","352","134","0","0","0","0","0","-1463000","5","-100.00","174","0","1","0","0","","0","0","0","","",""
"080030","0000","0","1472000","1473000","1474000","1475000","1476000","1477000","1478000","1480000","1484000","1485000","1470000","1468000","1463000","1462000","1461000","1460000","1459000","1455000","1453000","1452000","6","145","3","66","1","123","2","3","2","1","44","24","23","1","2","3","10","20","2","1","352","130","0","0","0","0","0","-1463000","5","-100.00","194","0","-4","0","0","","0","0","0","","",""
"080030","0001","0","1473000","1474000","1475000","1476000","1477000","1478000","1480000","1484000","1485000","1486000","1470000","1468000","1463000","1462000","1461000","1460000","1459000","1455000","1453000","1452000","136","3","66","1","123","2","3","2","1","1","44","24","23","1","2","3","10","20","2","1","338","130","0","0","0","0","0","-1463000","5","-100.00","209","-14","0","0","0","","0","0","0","","",""
"080030","0002","0","1471000","1473000","1474000","1475000","1476000","1477000","1478000","1480000","1484000","1485000","1470000","1468000","1463000","1462000","1461000","1460000","1459000","1455000","1453000","1452000","4","136","3","66","1","123","2","3","2","1","44","24","23","1","2","3","10","20","2","1","341","130","0","0","0","0","0","-1463000","5","-100.00","209","3","0","0","0","","0","0","0","","",""
"080031","0000","0","1471000","1472000","1473000","1474000","1475000","1476000","1477000","1478000","1480000","1484000","1470000","1468000","1463000","1462000","1461000","1460000","1459000","1455000","1453000","1452000","3","1","136","3","66","1","123","2","3","2","44","24","23","1","2","3","10","20","2","1","340","130","0","0","0","0","0","-1463000","5","-100.00","210","-1","0","0","0","","0","0","0","","",""
"080031","0001","0","1471000","1472000","1473000","1474000","1475000","1476000","1477000","1478000","1480000","1484000","1470000","1468000","1463000","1462000","1461000","1460000","1459000","1455000","1453000","1452000","3","1","131","3","66","1","123","2","3","2","44","24","23","1","2","3","10","20","2","1","335","130","0","0","0","0","0","-1463000","5","-100.00","210","-5","0","0","0","","0","0","0","","",""
"080032","0000","0","1471000","1472000","1473000","1474000","1475000","1476000","1477000","1478000","1480000","1484000","1470000","1468000","1463000","1462000","1461000","1460000","1459000","1455000","1453000","1452000","2","1","131","3","66","1","123","2","3","2","44","24","23","1","2","3","10","20","2","1","334","130","0","0","0","0","0","-1463000","5","-100.00","211","-1","0","0","0","","0","0","0","","",""
"080032","0001","0","1471000","1472000","1473000","1474000","1475000","1476000","1477000","1478000","1480000","1484000","1470000","1468000","1463000","1462000","1461000","1460000","1459000","1455000","1453000","1452000","2","1","131","3","66","1","123","2","3","2","46","24","23","1","2","3","10","20","2","1","334","132","0","0","0","0","0","-1463000","5","-100.00","211","0","2","0","0","","0","0","0","","",""
"080033","0000","0","1471000","1472000","1473000","1474000","1475000","1476000","1477000","1478000","1480000","1484000","1470000","1468000","1463000","1462000","1461000","1460000","1459000","1455000","1453000","1452000","2","1","131","3","66","1","123","2","3","2","49","24","23","1","2","3","10","20","2","1","334","135","0","0","0","0","0","-1463000","5","-100.00","211","0","3","0","0","","0","0","0","","",""
"080033","0001","0","1471000","1472000","1473000","1474000","1475000","1476000","1477000","1478000","1480000","1484000","1470000","1468000","1463000","1462000","1461000","1460000","1459000","1455000","1453000","1452000","2","1","131","3","66","1","123","2","3","2","11","24","23","1","2","3","10","20","2","1","334","97","0","0","0","0","0","-1463000","5","-100.00","249","0","-38","0","0","","0","0","0","","",""
"080034","0000","0","1473000","1474000","1475000","1476000","1477000","1478000","1480000","1484000","1485000","1486000","1471000","1470000","1468000","1463000","1462000","1461000","1460000","1459000","1455000","1453000","127","3","66","1","123","3","3","2","1","1","1","11","24","23","1","2","3","10","20","2","330","97","0","0","0","0","0","-1463000","5","-100.00","258","-4","0","0","0","","0","0","0","","",""
"080034","0001","0","1472000","1473000","1474000","1475000","1476000","1477000","1478000","1480000","1484000","1485000","1471000","1470000","1468000","1463000","1462000","1461000","1460000","1459000","1455000","1453000","98","127","3","66","1","25","3","3","2","1","1","12","24","23","1","2","3","10","20","2","329","98","0","0","0","0","0","-1463000","5","-100.00","258","-1","1","0","0","","0","0","0","","",""
"080034","0002","0","1472000","1473000","1474000","1475000","1476000","1477000","1478000","1480000","1484000","1485000","1471000","1470000","1468000","1463000","1462000","1461000","1460000","1459000","1455000","1453000","98","132","3","66","1","25","3","3","2","1","1","12","24","23","1","2","3","10","20","2","334","98","0","0","0","0","0","-1463000","5","-100.00","258","5","0","0","0","","0","0","0","","",""
"080035","0000","0","1472000","1473000","1474000","1475000","1476000","1477000","1478000","1480000","1484000","1485000","1471000","1470000","1468000","1463000","1462000","1461000","1460000","1459000","1455000","1453000","98","147","3","66","1","25","3","3","2","1","1","13","24","23","1","2","3","10","20","2","349","99","0","0","0","0","0","-1463000","5","-100.00","258","15","1","0","0","","0","0","0","","",""
"080035","0001","0","1472000","1473000","1474000","1475000","1476000","1477000","1478000","1480000","1484000","1485000","1471000","1470000","1468000","1463000","1462000","1461000","1460000","1459000","1455000","1453000","97","147","3","66","1","25","3","3","2","1","1","15","24","23","1","2","3","10","20","2","348","101","0","0","0","0","0","-1463000","5","-100.00","259","-1","2","0","0","","0","0","0","","",""
"080036","0000","0","1472000","1473000","1474000","1475000","1476000","1477000","1478000","1480000","1484000","1485000","1471000","1470000","1468000","1463000","1462000","1461000","1460000","1459000","1455000","1453000","97","147","3","66","1","25","3","3","2","1","1","16","24","23","1","2","3","10","20","2","348","102","0","0","0","0","0","-1463000","5","-100.00","259","0","1","0","0","","0","0","0","","",""
"080036","0001","0","1472000","1473000","1474000","1475000","1476000","1477000","1478000","1480000","1484000","1485000","1471000","1470000","1468000","1463000","1462000","1461000","1460000","1459000","1455000","1453000","97","147","3","66","1","25","3","3","3","1","1","16","24","23","1","2","3","10","20","2","349","102","0","0","0","0","0","-1463000","5","-100.00","259","1","0","0","0","","0","0","0","","",""
"080036","0002","0","1472000","1473000","1474000","1475000","1476000","1477000","1478000","1480000","1484000","1485000","1471000","1470000","1468000","1463000","1462000","1461000","1460000","1459000","1455000","1453000","107","147","3","66","1","25","3","3","3","1","1","16","24","23","1","2","3","10","20","2","359","102","0","0","0","0","0","-1463000","5","-100.00","259","10","0","0","0","","0","0","0","","",""
"080036","0003","0","1472000","1473000","1474000","1475000","1476000","1477000","1478000","1480000","1484000","1485000","1471000","1470000","1468000","1463000","1462000","1461000","1460000","1459000","1455000","1453000","107","147","3","67","1","25","3","3","3","1","3","16","24","23","1","2","3","10","20","2","360","104","0","0","0","0","0","-1463000","5","-100.00","259","1","2","0","0","","0","0","0","","",""
"080037","0000","0","1472000","1473000","1474000","1475000","1476000","1477000","1478000","1480000","1484000","1485000","1471000","1470000","1468000","1463000","1462000","1461000","1460000","1459000","1455000","1453000","102","147","3","67","1","25","3","3","3","1","3","17","24","23","1","2","3","10","20","2","355","105","0","0","0","0","0","-1463000","5","-100.00","264","-5","1","0","0","","0","0","0","","",""
"080037","0001","0","1472000","1473000","1474000","1475000","1476000","1477000","1478000","1480000","1484000","1485000","1471000","1470000","1468000","1463000","1462000","1461000","1460000","1459000","1455000","1453000","104","147","1","67","1","25","3","3","3","1","3","17","24","23","1","2","3","10","20","2","355","105","0","0","0","0","0","-1463000","5","-100.00","264","0","0","0","0","","0","0","0","","",""
"080037","0002","0","1472000","1473000","1474000","1475000","1476000","1477000","1478000","1480000","1484000","1485000","1471000","1470000","1469000","1468000","1463000","1462000","1461000","1460000","1459000","1455000","104","147","1","67","1","25","3","3","3","1","3","17","5","24","23","1","2","3","10","20","355","108","0","0","0","0","0","-1463000","5","-100.00","264","0","3","0","0","","0","0","0","","",""
"080037","0003","0","1472000","1473000","1474000","1475000","1476000","1477000","1478000","1480000","1484000","1485000","1471000","1470000","1469000","1468000","1463000","1462000","1461000","1460000","1459000","1455000","104","147","1","67","1","25","3","3","3","1","1","17","5","24","23","1","2","3","10","20","355","106","0","0","0","0","0","-1463000","5","-100.00","267","0","-2","0","0","","0","0","0","","",""
"080039","0000","0","1472000","1473000","1474000","1475000","1476000","1477000","1478000","1480000","1484000","1485000","1471000","1470000","1469000","1468000","1463000","1462000","1461000","1460000","1459000","1455000","106","147","1","67","1","25","3","3","3","1","1","17","5","24","23","1","2","3","10","20","357","106","0","0","0","0","0","-1463000","5","-100.00","267","2","0","0","0","","0","0","0","","",""
"080039","0001","0","1472000","1473000","1474000","1475000","1476000","1477000","1478000","1480000","1484000","1485000","1471000","1470000","1469000","1468000","1463000","1462000","1461000","1460000","1459000","1455000","106","142","1","67","1","25","3","3","3","1","1","17","5","24","23","1","2","3","10","20","352","106","0","0","0","0","0","-1463000","5","-100.00","267","-5","0","0","0","","0","0","0","","",""
"080039","0002","0","1472000","1473000","1474000","1475000","1476000","1477000","1478000","1480000","1484000","1485000","1471000","1470000","1469000","1468000","1463000","1462000","1461000","1460000","1459000","1455000","106","142","1","67","1","25","3","3","3","1","11","20","5","24","23","1","2","3","10","20","352","119","0","0","0","0","0","-1463000","5","-100.00","267","0","13","0","0","","0","0","0","","",""
"080040","0000","0","1472000","1473000","1474000","1475000","1476000","1477000","1478000","1480000","1484000","1485000","1471000","1470000","1469000","1468000","1463000","1462000","1461000","1460000","1459000","1455000","106","142","1","67","1","25","3","3","3","1","11","21","5","24","23","1","2","3","10","20","352","120","0","0","0","0","0","-1463000","5","-100.00","267","0","1","0","0","","0","0","0","","",""
"080040","0001","0","1472000","1473000","1474000","1475000","1476000","1477000","1478000","1480000","1484000","1485000","1471000","1470000","1469000","1468000","1463000","1462000","1461000","1460000","1459000","1455000","106","142","1","67","1","25","3","3","3","1","13","21","5","24","23","1","2","3","10","20","352","122","0","0","0","0","0","-1463000","5","-100.00","267","0","2","0","0","","0","0","0","","",""
"080041","0000","0","1472000","1473000","1474000","1475000","1476000","1477000","1478000","1480000","1484000","1485000","1471000","1470000","1469000","1468000","1463000","1462000","1461000","1460000","1459000","1455000","111","142","1","67","1","25","3","3","3","2","13","21","5","24","23","1","2","3","10","20","358","122","0","0","0","0","0","-1463000","5","-100.00","267","6","0","0","0","","0","0","0","","",""
"080042","0000","0","1472000","1473000","1474000","1475000","1476000","1477000","1478000","1480000","1484000","1485000","1471000","1470000","1469000","1468000","1463000","1462000","1461000","1460000","1459000","1455000","111","139","1","67","1","27","6","3","3","2","15","21","5","24","23","1","2","3","10","20","360","124","0","0","0","0","0","-1463000","5","-100.00","267","2","2","0","0","","0","0","0","","",""
"080042","0001","0","1472000","1473000","1474000","1475000","1476000","1477000","1478000","1480000","1484000","1485000","1471000","1470000","1469000","1468000","1463000","1462000","1461000","1460000","1459000","1455000","112","138","1","67","1","27","6","3","3","2","18","21","5","24","23","1","2","3","10","20","360","127","0","0","0","0","0","-1463000","5","-100.00","267","0","3","0","0","","0","0","0","","",""
"080042","0002","0","1472000","1473000","1474000","1475000","1476000","1477000","1478000","1479000","1480000","1484000","1471000","1470000","1469000","1468000","1463000","1462000","1461000","1460000","1459000","1455000","112","138","1","67","1","27","6","7","3","3","18","21","5","24","23","1","2","3","10","20","365","127","0","0","0","0","0","-1463000","5","-100.00","267","5","0","0","0","","0","0","0","","",""
"080043","0000","0","1472000","1473000","1474000","1475000","1476000","1477000","1478000","1479000","1480000","1484000","1471000","1470000","1469000","1468000","1463000","1462000","1461000","1460000","1459000","1455000","113","138","1","67","1","27","6","7","3","3","18","21","5","24","23","1","2","3","10","20","366","127","0","0","0","0","0","-1463000","5","-100.00","267","1","0","0","0","","0","0","0","","",""
"080043","0001","0","1472000","1473000","1475000","1476000","1477000","1478000","1479000","1480000","1484000","1485000","1471000","1470000","1469000","1468000","1463000","1462000","1461000","1460000","1459000","1455000","113","138","67","1","27","6","7","3","3","2","17","21","5","24","23","1","2","3","10","20","367","126","0","0","0","0","0","-1463000","5","-100.00","268","1","-1","0","0","","0","0","0","","",""
"080043","0002","0","1472000","1473000","1475000","1476000","1477000","1478000","1479000","1480000","1484000","1485000","1471000","1470000","1469000","1468000","1463000","1462000","1461000","1460000","1459000","1455000","103","138","67","1","27","6","7","3","3","2","7","21","5","24","22","1","2","3","10","20","357","115","0","0","0","0","0","-1463000","5","-100.00","278","-10","-11","0","0","","0","0","0","","",""
"080044","0000","0","1472000","1473000","1475000","1476000","1477000","1478000","1479000","1480000","1484000","1485000","1471000","1470000","1469000","1468000","1463000","1462000","1461000","1460000","1459000","1455000","103","138","67","1","27","6","7","3","3","2","1","21","6","24","22","1","2","3","10","20","357","110","0","0","0","0","0","-1463000","5","-100.00","284","0","-5","0","0","","0","0","0","","",""
"080044","0001","0","1472000","1473000","1475000","1476000","1477000","1478000","1479000","1480000","1484000","1485000","1471000","1470000","1469000","1468000","1463000","1462000","1461000","1460000","1459000","1455000","94","138","67","1","27","6","7","3","3","2","1","21","6","24","22","1","2","3","10","20","348","110","0","0","0","0","0","-1463000","5","-100.00","293","-9","0","0","0","","0","0","0","","",""
"080044","0002","0","1471000","1472000","1473000","1475000","1476000","1477000","1478000","1479000","1480000","1484000","1470000","1469000","1468000","1463000","1462000","1461000","1460000","1459000","1455000","1453000","16","94","138","67","1","27","6","7","3","3","21","6","24","22","1","2","3","10","20","2","362","111","0","0","0","0","0","-1463000","5","-100.00","297","14","1","0","0","","0","0","0","","",""
"080044","0003","0","1471000","1472000","1473000","1474000","1475000","1476000","1477000","1478000","1479000","1480000","1470000","1469000","1468000","1463000","1462000","1461000","1460000","1459000","1455000","1453000","16","94","132","1","67","1","27","6","7","3","21","6","24","22","1","2","3","10","20","2","354","111","0","0","0","0","0","-1463000","5","-100.00","297","-8","0","0","0","","0","0","0","","",""
"080045","0000","0","1471000","1472000","1473000","1474000","1475000","1476000","1477000","1478000","1479000","1480000","1470000","1469000","1468000","1463000","1462000","1461000","1460000","1459000","1455000","1453000","15","94","132","2","67","1","27","6","7","3","21","6","25","22","1","2","3","10","20","2","354","112","0","0","0","0","0","-1463000","5","-100.00","298","0","1","0","0","","0","0","0","","",""
"080045","0001","0","1471000","1472000","1473000","1474000","1475000","1476000","1477000","1478000","1479000","1480000","1470000","1469000","1468000","1463000","1462000","1461000","1460000","1459000","1455000","1453000","14","94","132","2","67","1","27","6","8","3","21","6","25","22","1","2","3","10","20","2","354","112","0","0","0","0","0","-1463000","5","-100.00","299","0","0","0","0","","0","0","0","","",""
"080045","0002","0","1471000","1472000","1473000","1474000","1475000","1476000","1477000","1478000","1479000","1480000","1470000","1469000","1468000","1463000","1462000","1461000","1460000","1459000","1455000","1453000","4","94","132","2","67","1","27","6","8","3","22","6","25","22","1","2","3","10","20","2","344","113","0","0","0","0","0","-1463000","5","-100.00","309","-10","1","0","0","","0","0","0","","",""
"080046","0000","0","1471000","1472000","1473000","1474000","1475000","1476000","1477000","1478000","1479000","1480000","1470000","1469000","1468000","1463000","1462000","1461000","1460000","1459000","1455000","1453000","5","94","132","2","67","1","27","6","8","3","22","6","25","22","1","2","3","10","20","2","345","113","0","0","0","0","0","-1463000","5","-100.00","309","1","0","0","0","","0","0","0","","",""
"080046","0001","0","1471000","1472000","1473000","1474000","1475000","1476000","1477000","1478000","1479000","1480000","1470000","1469000","1468000","1463000","1462000","1461000","1460000","1459000","1455000","1453000","11","94","132","2","67","1","27","6","8","3","27","6","25","22","1","2","3","10","20","2","351","118","0","0","0","0","0","-1463000","5","-100.00","309","6","5","0","0","","0","0","0","","",""
"080047","0000","0","1471000","1472000","1473000","1474000","1475000","1476000","1477000","1478000","1479000","1480000","1470000","1469000","1468000","1463000","1462000","1461000","1460000","1459000","1455000","1453000","10","94","122","2","67","1","27","6","8","3","27","6","25","32","1","2","3","10","20","2","340","128","0","0","0","0","0","-1463000","5","-100.00","310","-11","10","0","0","","0","0","0","","",""
"080047","0001","0","1471000","1472000","1473000","1474000","1475000","1476000","1477000","1478000","1479000","1480000","1470000","1469000","1468000","1463000","1462000","1461000","1460000","1459000","1455000","1453000","3","94","122","2","67","1","27","6","8","3","27","6","25","32","1","2","3","10","20","2","333","128","0","0","0","0","0","-1463000","5","-100.00","317","-7","0","0","0","","0","0","0","","",""
"080047","0002","0","1471000","1472000","1473000","1474000","1475000","1476000","1477000","1478000","1479000","1480000","1470000","1469000","1468000","1463000","1462000","1461000","1460000","1459000","1455000","1453000","4","94","122","2","67","1","27","6","8","3","27","6","25","32","1","2","3","10","20","2","334","128","0","0","0","0","0","-1463000","5","-100.00","317","1","0","0","0","","0","0","0","","",""
"080047","0003","0","1471000","1472000","1473000","1474000","1475000","1476000","1477000","1478000","1479000","1480000","1470000","1469000","1468000","1463000","1462000","1461000","1460000","1459000","1455000","1453000","3","94","122","2","67","1","27","6","8","3","26","6","25","32","1","2","3","10","20","2","333","127","0","0","0","0","0","-1463000","5","-100.00","318","-1","-1","0","0","","0","0","0","","",""
"080048","0000","0","1471000","1472000","1473000","1474000","1475000","1476000","1477000","1478000","1479000","1480000","1470000","1469000","1468000","1463000","1462000","1461000","1460000","1459000","1455000","1453000","2","94","122","2","67","1","27","6","8","3","26","6","25","32","1","2","3","10","20","2","332","127","0","0","0","0","0","-1463000","5","-100.00","319","-1","0","0","0","","0","0","0","","",""
"080048","0001","0","1471000","1472000","1473000","1474000","1475000","1476000","1477000","1478000","1479000","1480000","1470000","1469000","1468000","1463000","1462000","1461000","1460000","1459000","1455000","1453000","2","94","122","2","67","1","27","6","8","3","27","6","25","32","1","2","3","10","20","2","332","128","0","0","0","0","0","-1463000","5","-100.00","319","0","1","0","0","","0","0","0","","",""
"080048","0002","0","1472000","1473000","1474000","1475000","1476000","1477000","1478000","1479000","1480000","1484000","1471000","1470000","1469000","1468000","1463000","1462000","1461000","1460000","1459000","1455000","91","122","2","67","1","27","6","8","3","4","62","26","6","25","32","1","2","3","10","20","331","187","0","0","0","0","0","-1463000","5","-100.00","326","-1","59","0","0","","0","0","0","","",""
"080048","0003","0","1472000","1473000","1474000","1475000","1476000","1477000","1478000","1479000","1480000","1484000","1471000","1470000","1469000","1468000","1463000","1462000","1461000","1460000","1459000","1455000","89","122","2","67","1","27","6","8","3","4","60","26","6","25","32","1","2","3","10","20","329","185","0","0","0","0","0","-1463000","5","-100.00","328","-2","-2","0","0","","0","0","0","","",""
"080049","0000","0","1472000","1473000","1474000","1475000","1476000","1477000","1478000","1479000","1480000","1484000","1471000","1470000","1469000","1468000","1463000","1462000","1461000","1460000","1459000","1455000","139","122","2","67","1","27","6","8","3","4","60","26","6","25","32","1","2","3","10","20","379","185","0","0","0","0","0","-1463000","5","-100.00","328","50","0","0","0","","0","0","0","","",""
"080049","0001","0","1472000","1473000","1474000","1475000","1476000","1477000","1478000","1479000","1480000","1484000","1471000","1470000","1469000","1468000","1463000","1462000","1461000","1460000","1459000","1455000","139","122","2","67","1","27","6","8","3","4","57","26","6","25","32","1","2","3","10","20","379","182","0","0","0","0","0","-1463000","5","-100.00","331","0","-3","0","0","","0","0","0","","",""
"080050","0000","0","1472000","1473000","1474000","1475000","1476000","1477000","1478000","1479000","1480000","1484000","1471000","1470000","1469000","1468000","1463000","1462000","1461000","1460000","1459000","1455000","139","122","2","67","1","27","6","8","3","4","57","26","6","25","51","1","2","3","10","20","379","201","0","0","0","0","0","-1463000","5","-100.00","331","0","19","0","0","","0","0","0","","",""
"080050","0001","0","1472000","1473000","1474000","1475000","1476000","1477000","1478000","1479000","1480000","1484000","1471000","1470000","1469000","1468000","1463000","1462000","1461000","1460000","1459000","1455000","139","122","2","67","1","27","6","8","3","4","7","26","6","25","51","1","2","3","10","20","379","151","0","0","0","0","0","-1463000","5","-100.00","381","0","-50","0","0","","0","0","0","","",""
"080051","0000","0","1472000","1473000","1474000","1475000","1476000","1477000","1478000","1479000","1480000","1484000","1471000","1470000","1469000","1468000","1463000","1462000","1461000","1460000","1459000","1455000","139","122","2","67","1","27","6","8","3","4","7","26","6","25","71","1","2","3","10","20","379","171","0","0","0","0","0","-1463000","5","-100.00","381","0","20","0","0","","0","0","0","","",""
"080051","0001","0","1472000","1473000","1474000","1475000","1476000","1477000","1478000","1479000","1480000","1484000","1471000","1470000","1469000","1468000","1463000","1462000","1461000","1460000","1459000","1455000","139","122","2","67","1","27","6","8","3","4","8","26","6","25","71","1","2","3","10","20","379","172","0","0","0","0","0","-1463000","5","-100.00","381","0","1","0","0","","0","0","0","","",""
"080052","0000","0","1472000","1473000","1474000","1475000","1476000","1477000","1478000","1479000","1480000","1484000","1471000","1470000","1469000","1468000","1463000","1462000","1461000","1460000","1459000","1455000","139","122","4","72","1","27","6","8","3","4","9","26","6","25","71","1","2","3","10","20","386","173","0","0","0","0","0","-1463000","5","-100.00","381","7","1","0","0","","0","0","0","","",""
"080052","0001","0","1472000","1473000","1474000","1475000","1476000","1477000","1478000","1479000","1480000","1484000","1471000","1470000","1469000","1468000","1463000","1462000","1461000","1460000","1459000","1455000","134","122","4","72","1","27","6","8","3","4","10","26","6","25","71","1","2","3","10","20","381","174","0","0","0","0","0","-1463000","5","-100.00","381","-5","1","0","0","","0","0","0","","",""
"080052","0002","0","1472000","1473000","1474000","1475000","1476000","1477000","1478000","1479000","1480000","1484000","1471000","1470000","1469000","1468000","1463000","1462000","1461000","1460000","1459000","1455000","134","122","4","72","1","27","6","8","5","4","10","26","6","25","71","1","2","3","10","20","383","174","0","0","0","0","0","-1463000","5","-100.00","382","2","0","0","0","","0","0","0","","",""
"080053","0000","0","1472000","1473000","1474000","1475000","1476000","1477000","1478000","1479000","1480000","1484000","1471000","1470000","1469000","1468000","1464000","1463000","1462000","1461000","1460000","1459000","134","122","4","72","1","27","6","8","5","4","9","26","5","25","1","71","1","2","3","10","383","153","0","0","0","0","0","-1463000","5","-100.00","383","0","-21","0","0","","0","0","0","","",""
"080054","0000","0","1472000","1473000","1474000","1475000","1476000","1477000","1478000","1479000","1480000","1484000","1471000","1470000","1469000","1468000","1464000","1463000","1462000","1461000","1460000","1459000","134","122","4","72","1","27","6","8","5","4","10","26","5","25","1","71","1","2","3","10","383","154","0","0","0","0","0","-1463000","5","-100.00","383","0","1","0","0","","0","0","0","","",""
"080055","0000","0","1472000","1473000","1474000","1475000","1476000","1477000","1478000","1479000","1480000","1484000","1471000","1470000","1469000","1468000","1464000","1463000","1462000","1461000","1460000","1459000","134","122","4","72","1","27","6","8","5","4","4","26","5","25","1","71","1","2","3","10","383","148","0","0","0","0","0","-1463000","5","-100.00","389","0","-6","0","0","","0","0","0","","",""
"080055","0001","0","1472000","1473000","1474000","1475000","1476000","1477000","1478000","1479000","1480000","1484000","1471000","1470000","1469000","1468000","1464000","1463000","1462000","1461000","1460000","1459000","134","122","4","72","1","27","6","8","5","4","4","26","5","26","1","71","1","2","3","10","383","149","0","0","0","0","0","-1463000","5","-100.00","389","0","1","0","0","","0","0","0","","",""
"080055","0002","0","1472000","1473000","1474000","1475000","1476000","1477000","1478000","1479000","1480000","1484000","1471000","1470000","1469000","1468000","1464000","1463000","1462000","1461000","1460000","1459000","134","122","4","72","1","27","6","8","5","4","3","26","5","26","1","71","1","2","3","10","383","148","0","0","0","0","0","-1463000","5","-100.00","390","0","-1","0","0","","0","0","0","","",""
"080056","0000","0","1472000","1473000","1474000","1475000","1476000","1477000","1478000","1479000","1480000","1484000","1471000","1470000","1469000","1468000","1464000","1463000","1462000","1461000","1460000","1459000","134","122","4","72","1","27","6","8","5","6","2","26","5","26","1","71","1","2","3","10","385","147","0","0","0","0","0","-1463000","5","-100.00","391","2","-1","0","0","","0","0","0","","",""
"080056","0001","0","1472000","1473000","1474000","1475000","1476000","1477000","1478000","1479000","1480000","1484000","1471000","1470000","1469000","1468000","1464000","1463000","1462000","1461000","1460000","1459000","134","122","4","72","1","27","6","8","5","6","1","26","5","26","1","71","1","2","3","10","385","146","0","0","0","0","0","-1463000","5","-100.00","392","0","-1","0","0","","0","0","0","","",""
"080056","0002","0","1472000","1473000","1474000","1475000","1476000","1477000","1478000","1479000","1480000","1484000","1470000","1469000","1468000","1464000","1463000","1462000","1461000","1460000","1459000","1455000","134","122","4","72","1","27","6","8","5","6","26","5","26","1","71","1","2","3","10","20","385","165","0","0","0","0","0","-1463000","5","-100.00","393","0","19","0","0","","0","0","0","","",""
"080056","0003","0","1471000","1472000","1473000","1474000","1475000","1476000","1477000","1478000","1479000","1480000","1470000","1469000","1468000","1464000","1463000","1462000","1461000","1460000","1459000","1455000","80","134","42","4","72","1","27","6","8","5","26","5","26","1","71","1","2","3","10","20","379","165","0","0","0","0","0","-1463000","5","-100.00","393","-6","0","0","0","","0","0","0","","",""
"080057","0000","0","1471000","1472000","1473000","1474000","1475000","1476000","1477000","1478000","1479000","1480000","1470000","1469000","1468000","1464000","1463000","1462000","1461000","1460000","1459000","1455000","84","134","42","4","72","1","27","6","8","5","26","6","26","1","71","1","2","3","10","20","383","166","0","0","0","0","0","-1463000","5","-100.00","393","4","1","0","0","","0","0","0","","",""
"080057","0001","0","1471000","1472000","1473000","1474000","1475000","1476000","1477000","1478000","1479000","1480000","1470000","1469000","1468000","1464000","1463000","1462000","1461000","1460000","1459000","1455000","85","134","42","4","72","1","27","6","8","5","26","6","26","1","71","1","2","3","10","20","384","166","0","0","0","0","0","-1463000","5","-100.00","393","1","0","0","0","","0","0","0","","",""
"080057","0002","0","1471000","1472000","1473000","1474000","1475000","1476000","1477000","1478000","1479000","1480000","1470000","1469000","1468000","1464000","1463000","1462000","1461000","1460000","1459000","1455000","85","134","42","4","72","1","27","6","8","5","24","8","26","1","71","1","2","3","10","20","384","166","0","0","0","0","0","-1463000","5","-100.00","393","0","0","0","0","","0","0","0","","",""
"080057","0003","0","1471000","1472000","1473000","1474000","1475000","1476000","1477000","1478000","1479000","1480000","1470000","1469000","1468000","1464000","1463000","1462000","1461000","1460000","1459000","1455000","80","134","42","4","72","1","27","6","8","5","24","8","26","1","71","1","2","3","10","20","379","166","0","0","0","0","0","-1463000","5","-100.00","398","-5","0","0","0","","0","0","0","","",""
"080058","0000","0","1471000","1472000","1473000","1474000","1475000","1476000","1477000","1478000","1479000","1480000","1470000","1469000","1468000","1464000","1463000","1462000","1461000","1460000","1459000","1455000","78","134","42","4","72","1","27","6","8","5","24","8","26","1","71","1","2","3","10","20","377","166","0","0","0","0","0","-1463000","5","-100.00","400","-2","0","0","0","","0","0","0","","",""
"080058","0001","0","1471000","1472000","1473000","1474000","1475000","1476000","1477000","1478000","1479000","1480000","1470000","1469000","1468000","1464000","1463000","1462000","1461000","1460000","1459000","1455000","77","134","42","5","72","1","27","6","8","5","24","8","26","1","71","1","2","3","10","20","377","166","0","0","0","0","0","-1463000","5","-100.00","401","0","0","0","0","","0","0","0","","",""
"080058","0002","0","1471000","1472000","1473000","1474000","1475000","1476000","1477000","1478000","1479000","1480000","1470000","1469000","1468000","1464000","1463000","1462000","1461000","1460000","1459000","1455000","97","134","42","5","72","1","27","6","8","5","24","28","26","1","71","1","2","3","10","20","397","186","0","0","0","0","0","-1463000","5","-100.00","401","20","20","0","0","","0","0","0","","",""
"080059","0000","0","1471000","1472000","1473000","1474000","1475000","1476000","1477000","1478000","1479000","1480000","1470000","1469000","1468000","1464000","1463000","1462000","1461000","1460000","1459000","1455000","97","134","42","5","72","1","27","6","8","7","24","28","26","1","71","1","2","3","10","20","399","186","0","0","0","0","0","-1463000","5","-100.00","401","2","0","0","0","","0","0","0","","",""
"080059","0001","0","1471000","1472000","1473000","1474000","1475000","1476000","1477000","1478000","1479000","1480000","1470000","1469000","1468000","1464000","1463000","1462000","1461000","1460000","1459000","1455000","97","134","43","5","72","1","27","6","8","7","24","28","26","1","71","1","2","3","10","20","400","186","0","0","0","0","0","-1463000","5","-100.00","401","1","0","0","0","","0","0","0","","",""
"080100","0000","0","1471000","1472000","1473000","1474000","1475000","1476000","1477000","1478000","1479000","1480000","1470000","1469000","1468000","1464000","1463000","1462000","1461000","1460000","1459000","1455000","93","134","43","5","72","1","25","6","8","7","24","33","26","1","71","1","2","3","11","20","394","192","0","0","0","0","0","-1463000","5","-100.00","405","-6","6","0","0","","0","0","0","","",""
"080100","0001","0","1471000","1472000","1473000","1474000","1475000","1476000","1477000","1478000","1479000","1480000","1470000","1469000","1468000","1464000","1463000","1462000","1461000","1460000","1459000","1455000","89","134","43","5","72","1","25","6","8","7","19","33","26","1","71","1","2","3","11","20","390","187","0","0","0","0","0","-1463000","5","-100.00","414","-4","-5","0","0","","0","0","0","","",""
"080100","0002","0","1471000","1472000","1473000","1474000","1475000","1476000","1477000","1478000","1479000","1480000","1470000","1469000","1468000","1464000","1463000","1462000","1461000","1460000","1459000","1455000","90","141","43","5","72","1","25","6","28","7","19","33","26","1","71","1","2","3","11","20","418","187","0","0","0","0","0","-1463000","5","-100.00","414","28","0","0","0","","0","0","0","","",""
"080101","0000","0","1471000","1472000","1473000","1474000","1475000","1476000","1477000","1478000","1479000","1480000","1470000","1469000","1468000","1464000","1463000","1462000","1461000","1460000","1459000","1455000","90","141","43","5","72","1","28","6","28","7","18","33","26","1","71","1","2","3","11","20","421","186","0","0","0","0","0","-1463000","5","-100.00","415","3","-1","0","0","","0","0","0","","",""
"080101","0001","0","1471000","1472000","1473000","1474000","1475000","1476000","1477000","1478000","1479000","1480000","1470000","1469000","1468000","1464000","1463000","1462000","1461000","1460000","1459000","1455000","90","141","43","5","72","1","28","6","28","7","18","33","26","1","71","1","2","3","11","20","421","186","0","0","0","0","0","-1463000","5","-100.00","416","0","0","0","0","","0","0","0","","",""
"080101","0002","0","1471000","1472000","1473000","1474000","1475000","1476000","1477000","1478000","1479000","1480000","1470000","1469000","1468000","1464000","1463000","1462000","1461000","1460000","1459000","1455000","90","141","43","5","72","1","28","6","28","7","17","33","26","1","71","1","2","3","11","20","421","185","0","0","0","0","0","-1463000","5","-100.00","417","0","-1","0","0","","0","0","0","","",""
"080101","0003","0","1471000","1472000","1473000","1474000","1475000","1476000","1477000","1478000","1479000","1480000","1470000","1469000","1468000","1464000","1463000","1462000","1461000","1460000","1459000","1455000","90","141","43","5","72","1","28","6","28","7","18","33","26","1","71","1","2","3","11","20","421","186","0","0","0","0","0","-1463000","5","-100.00","417","0","1","0","0","","0","0","0","","",""
"080102","0000","0","1471000","1472000","1473000","1474000","1475000","1476000","1477000","1478000","1479000","1480000","1470000","1469000","1468000","1464000","1463000","1462000","1461000","1460000","1459000","1455000","90","141","43","5","72","1","28","6","28","8","18","33","26","1","71","1","2","3","11","20","422","186","0","0","0","0","0","-1463000","5","-100.00","417","1","0","0","0","","0","0","0","","",""
"080102","0001","0","1471000","1472000","1473000","1474000","1475000","1476000","1477000","1478000","1479000","1480000","1470000","1469000","1468000","1464000","1463000","1462000","1461000","1460000","1459000","1455000","90","141","43","5","72","1","28","6","28","8","17","34","26","1","71","1","2","3","11","20","422","186","0","0","0","0","0","-1463000","5","-100.00","418","0","0","0","0","","0","0","0","","",""
"080103","0000","0","1471000","1472000","1473000","1474000","1475000","1476000","1477000","1478000","1479000","1480000","1470000","1469000","1468000","1464000","1463000","1462000","1461000","1460000","1459000","1455000","85","141","43","5","72","1","28","6","28","8","17","34","26","1","71","1","2","3","11","20","417","186","0","0","0","0","0","-1463000","5","-100.00","423","-5","0","0","0","","0","0","0","","",""
"080103","0001","0","1471000","1472000","1473000","1474000","1475000","1476000","1477000","1478000","1479000","1480000","1470000","1469000","1468000","1464000","1463000","1462000","1461000","1460000","1459000","1455000","85","141","43","5","72","1","28","6","28","8","17","34","26","1","71","1","2","3","11","21","417","187","0","0","0","0","0","-1463000","5","-100.00","423","0","1","0","0","","0","0","0","","",""
"080104","0000","0","1470000","1471000","1472000","1473000","1474000","1475000","1476000","1477000","1478000","1479000","1469000","1468000","1464000","1463000","1462000","1461000","1460000","1459000","1455000","1453000","33","90","141","43","5","72","1","28","6","28","34","26","1","71","1","2","3","11","21","2","447","172","0","0","0","0","0","-1463000","5","-100.00","441","30","-15","0","0","","0","0","0","","",""
"080105","0000","0","1470000","1471000","1472000","1473000","1474000","1475000","1476000","1477000","1478000","1479000","1469000","1468000","1464000","1463000","1462000","1461000","1460000","1459000","1455000","1453000","28","90","141","43","5","72","1","28","6","28","34","26","1","71","1","2","3","11","21","2","442","172","0","0","0","0","0","-1463000","5","-100.00","446","-5","0","0","0","","0","0","0","","",""
"080105","0001","0","1470000","1471000","1472000","1473000","1474000","1475000","1476000","1477000","1478000","1479000","1469000","1468000","1464000","1463000","1462000","1461000","1460000","1459000","1455000","1453000","27","90","141","43","5","72","1","28","6","28","34","26","1","71","1","2","3","11","21","2","441","172","0","0","0","0","0","-1463000","5","-100.00","447","-1","0","0","0","","0","0","0","","",""
"080106","0000","0","1470000","1471000","1472000","1473000","1474000","1475000","1476000","1477000","1478000","1479000","1469000","1468000","1464000","1463000","1462000","1461000","1460000","1459000","1455000","1453000","27","90","141","37","5","72","1","28","6","28","34","26","1","71","4","2","3","11","21","2","435","175","0","0","0","0","0","-1463000","5","-100.00","447","-6","3","0","0","","0","0","0","","",""
"080106","0001","0","1470000","1471000","1472000","1473000","1474000","1475000","1476000","1477000","1478000","1479000","1469000","1468000","1464000","1463000","1462000","1461000","1460000","1459000","1455000","1453000","26","90","141","37","5","72","1","28","6","28","34","26","1","71","4","2","3","11","21","2","434","175","0","0","0","0","0","-1463000","5","-100.00","448","-1","0","0","0","","0","0","0","","",""
"080106","0002","0","1470000","1471000","1472000","1473000","1474000","1475000","1476000","1477000","1478000","1479000","1469000","1468000","1464000","1463000","1462000","1461000","1460000","1459000","1455000","1453000","26","90","141","37","5","72","1","28","6","29","34","26","1","71","4","2","3","11","21","2","435","175","0","0","0","0","0","-1463000","5","-100.00","448","1","0","0","0","","0","0","0","","",""
"080107","0000","0","1470000","1471000","1472000","1473000","1474000","1475000","1476000","1477000","1478000","1479000","1469000","1468000","1464000","1463000","1462000","1461000","1460000","1459000","1455000","1453000","25","90","141","37","5","72","1","28","36","29","34","26","1","71","4","2","3","11","21","2","464","175","0","0","0","0","0","-1463000","5","-100.00","449","29","0","0","0","","0","0","0","","",""
"080107","0001","0","1470000","1471000","1472000","1473000","1474000","1475000","1476000","1477000","1478000","1479000","1469000","1468000","1464000","1463000","1462000","1461000","1460000","1459000","1455000","1453000","27","90","140","37","5","72","1","28","36","29","34","26","1","71","4","2","3","11","21","2","465","175","0","0","0","0","0","-1463000","5","-100.00","449","1","0","0","0","","0","0","0","","",""
"080107","0002","0","1470000","1471000","1472000","1473000","1474000","1475000","1476000","1477000","1478000","1479000","1469000","1468000","1464000","1463000","1462000","1461000","1460000","1459000","1455000","1453000","26","90","140","37","5","72","1","28","36","29","34","26","1","71","4","2","3","11","21","2","464","175","0","0","0","0","0","-1463000","5","-100.00","450","-1","0","0","0","","0","0","0","","",""
"080108","0000","0","1470000","1471000","1472000","1473000","1474000","1475000","1476000","1477000","1478000","1479000","1469000","1468000","1464000","1463000","1462000","1461000","1460000","1459000","1455000","1453000","25","95","140","37","5","72","1","28","36","29","34","26","1","71","4","2","3","11","21","2","468","175","0","0","0","0","0","-1463000","5","-100.00","451","4","0","0","0","","0","0","0","","",""
"080108","0001","0","1470000","1471000","1472000","1473000","1474000","1475000","1476000","1477000","1478000","1479000","1469000","1468000","1464000","1463000","1462000","1461000","1460000","1459000","1455000","1453000","25","96","140","37","5","72","1","28","36","29","34","26","1","71","4","2","3","11","21","2","469","175","0","0","0","0","0","-1463000","5","-100.00","451","1","0","0","0","","0","0","0","","",""
"080108","0002","0","1472000","1473000","1474000","1475000","1476000","1477000","1478000","1479000","1480000","1482000","1471000","1470000","1469000","1468000","1464000","1463000","1462000","1461000","1460000","1459000","140","37","5","72","1","28","36","29","8","2","1","1","34","26","1","71","4","2","3","11","358","154","0","0","0","0","0","-1463000","5","-100.00","572","-111","-21","0","0","","0","0","0","","",""
"080109","0000","0","1472000","1473000","1474000","1475000","1476000","1477000","1478000","1479000","1480000","1482000","1470000","1469000","1468000","1464000","1463000","1462000","1461000","1460000","1459000","1455000","87","37","5","72","3","28","36","29","8","2","1","34","26","1","71","4","2","3","11","21","307","174","0","0","0","0","0","-1463000","5","-100.00","623","-51","20","0","0","","0","0","0","","",""
"080109","0001","0","1472000","1473000","1474000","1475000","1476000","1477000","1478000","1479000","1480000","1482000","1469000","1468000","1464000","1463000","1462000","1461000","1460000","1459000","1455000","1453000","51","37","5","72","3","28","36","29","8","2","34","26","1","71","4","2","3","11","21","2","271","175","0","0","0","0","0","-1463000","5","-100.00","661","-36","1","0","0","","0","0","0","","",""
"080109","0002","0","1472000","1473000","1474000","1475000","1476000","1477000","1478000","1479000","1480000","1482000","1469000","1468000","1464000","1463000","1462000","1461000","1460000","1459000","1455000","1453000","51","37","5","73","3","28","36","29","9","2","34","26","1","71","4","2","3","11","21","2","273","175","0","0","0","0","0","-1463000","5","-100.00","661","2","0","0","0","","0","0","0","","",""
"080110","0000","0","1472000","1473000","1474000","1475000","1476000","1477000","1478000","1479000","1480000","1482000","1470000","1469000","1468000","1464000","1463000","1462000","1461000","1460000","1459000","1455000","51","37","5","73","3","28","36","29","9","2","1","34","26","1","71","4","2","3","11","21","273","174","0","0","0","0","0","-1463000","5","-100.00","661","0","-1","0","0","","0","0","0","","",""
"080110","0001","0","1471000","1472000","1473000","1474000","1475000","1476000","1477000","1478000","1479000","1480000","1470000","1469000","1468000","1464000","1463000","1462000","1461000","1460000","1459000","1455000","19","51","37","5","73","3","28","36","29","9","1","34","26","1","71","4","2","3","11","21","290","174","0","0","0","0","0","-1463000","5","-100.00","661","17","0","0","0","","0","0","0","","",""
"080110","0002","0","1471000","1472000","1473000","1474000","1475000","1476000","1477000","1478000","1479000","1480000","1470000","1469000","1468000","1464000","1463000","1462000","1461000","1460000","1459000","1455000","19","51","37","5","73","3","28","36","29","9","3","34","26","1","71","4","2","3","11","21","290","176","0","0","0","0","0","-1463000","5","-100.00","661","0","2","0","0","","0","0","0","","",""
"080110","0003","0","1471000","1472000","1473000","1474000","1475000","1476000","1477000","1478000","1479000","1480000","1470000","1469000","1468000","1465000","1464000","1463000","1462000","1461000","1460000","1459000","19","51","37","5","73","3","28","36","29","9","3","34","26","10","1","71","4","2","3","11","290","165","0","0","0","0","0","-1463000","5","-100.00","661","0","-11","0","0","","0","0","0","","",""
"080111","0000","0","1471000","1472000","1473000","1474000","1475000","1476000","1477000","1478000","1479000","1480000","1470000","1469000","1468000","1465000","1464000","1463000","1462000","1461000","1460000","1459000","19","51","37","5","73","3","28","36","29","9","6","34","26","10","1","71","4","2","3","11","290","168","0","0","0","0","0","-1463000","5","-100.00","661","0","3","0","0","","0","0","0","","",""
"080111","0001","0","1471000","1472000","1473000","1474000","1475000","1476000","1477000","1478000","1479000","1480000","1470000","1469000","1468000","1465000","1464000","1463000","1462000","1461000","1460000","1459000","19","51","37","5","73","1","28","38","29","9","6","34","26","10","1","71","4","2","3","11","290","168","0","0","0","0","0","-1463000","5","-100.00","661","0","0","0","0","","0","0","0","","",""
"080112","0000","0","1471000","1472000","1473000","1474000","1475000","1476000","1477000","1478000","1479000","1480000","1470000","1469000","1468000","1465000","1464000","1463000","1462000","1461000","1460000","1459000","19","51","37","5","73","1","28","38","29","9","8","34","27","10","1","71","4","2","3","11","290","171","0","0","0","0","0","-1463000","5","-100.00","661","0","3","0","0","","0","0","0","","",""
"080112","0001","0","1471000","1472000","1473000","1474000","1475000","1476000","1477000","1478000","1479000","1480000","1470000","1469000","1468000","1465000","1464000","1463000","1462000","1461000","1460000","1459000","39","51","37","5","73","1","28","38","29","9","8","34","27","10","1","71","4","2","3","11","310","171","0","0","0","0","0","-1463000","5","-100.00","661","20","0","0","0","","0","0","0","","",""
"080112","0002","0","1471000","1472000","1473000","1474000","1475000","1476000","1477000","1478000","1479000","1480000","1470000","1469000","1468000","1465000","1464000","1463000","1462000","1461000","1460000","1459000","39","51","37","5","73","1","28","38","29","9","8","34","27","10","1","73","4","2","3","11","310","173","0","0","0","0","0","-1463000","5","-100.00","661","0","2","0","0","","0","0","0","","",""
"080113","0000","0","1471000","1472000","1473000","1474000","1475000","1476000","1477000","1478000","1479000","1480000","1470000","1469000","1468000","1465000","1464000","1463000","1462000","1461000","1460000","1459000","39","51","37","5","73","1","28","38","29","10","10","34","27","10","1","73","4","2","3","11","311","175","0","0","0","0","0","-1463000","5","-100.00","661","1","2","0","0","","0","0","0","","",""
"080113","0001","0","1471000","1472000","1473000","1474000","1475000","1476000","1477000","1478000","1479000","1480000","1470000","1469000","1468000","1465000","1464000","1463000","1462000","1461000","1460000","1459000","39","52","37","5","73","1","28","38","29","10","8","34","27","10","1","73","4","2","3","11","312","173","0","0","0","0","0","-1463000","5","-100.00","664","1","-2","0","0","","0","0","0","","",""
"080113","0002","0","1471000","1472000","1473000","1474000","1475000","1476000","1477000","1478000","1479000","1480000","1470000","1469000","1468000","1465000","1464000","1463000","1462000","1461000","1460000","1459000","39","52","37","5","73","1","28","38","29","10","9","34","27","10","1","73","4","2","3","11","312","174","0","0","0","0","0","-1463000","5","-100.00","664","0","1","0","0","","0","0","0","","",""
"080114","0000","0","1471000","1472000","1473000","1474000","1475000","1476000","1477000","1478000","1479000","1480000","1470000","1469000","1468000","1465000","1464000","1463000","1462000","1461000","1460000","1459000","39","52","37","5","71","1","28","38","29","10","7","34","27","10","1","73","4","2","3","11","310","172","0","0","0","0","0","-1463000","5","-100.00","666","-2","-2","0","0","","0","0","0","","",""
"080115","0000","0","1471000","1472000","1473000","1474000","1475000","1476000","1477000","1478000","1479000","1480000","1470000","1469000","1468000","1465000","1464000","1463000","1462000","1461000","1460000","1459000","39","52","37","5","71","1","37","38","29","10","9","32","27","10","1","73","4","2","3","11","319","172","0","0","0","0","0","-1463000","5","-100.00","666","9","0","0","0","","0","0","0","","",""
"080116","0000","0","1471000","1472000","1473000","1474000","1475000","1476000","1477000","1478000","1479000","1480000","1470000","1469000","1468000","1465000","1464000","1463000","1462000","1461000","1460000","1459000","29","52","37","5","71","1","37","38","29","10","9","32","27","10","1","73","4","2","3","11","309","172","0","0","0","0","0","-1463000","5","-100.00","676","-10","0","0","0","","0","0","0","","",""
"080116","0001","0","1471000","1472000","1473000","1474000","1475000","1476000","1477000","1478000","1479000","1480000","1470000","1469000","1468000","1465000","1464000","1463000","1462000","1461000","1460000","1459000","29","52","37","5","71","1","37","38","29","10","31","32","27","10","1","73","4","2","3","11","309","194","0","0","0","0","0","-1463000","5","-100.00","676","0","22","0","0","","0","0","0","","",""
"080116","0002","0","1471000","1472000","1473000","1474000","1475000","1476000","1477000","1478000","1479000","1480000","1470000","1469000","1468000","1465000","1464000","1463000","1462000","1461000","1460000","1459000","29","52","37","5","71","1","37","38","29","11","29","32","27","10","1","73","4","2","3","11","310","192","0","0","0","0","0","-1463000","5","-100.00","678","1","-2","0","0","","0","0","0","","",""
"080117","0000","0","1471000","1472000","1473000","1474000","1475000","1476000","1477000","1478000","1479000","1480000","1470000","1469000","1468000","1465000","1464000","1463000","1462000","1461000","1460000","1459000","29","52","40","5","71","1","37","38","29","11","29","32","27","10","1","73","4","2","3","11","313","192","0","0","0","0","0","-1463000","5","-100.00","678","3","0","0","0","","0","0","0","","",""
"080117","0001","0","1471000","1472000","1473000","1474000","1475000","1476000","1477000","1478000","1479000","1480000","1470000","1469000","1468000","1465000","1464000","1463000","1462000","1461000","1460000","1459000","29","54","40","5","71","1","37","38","29","11","29","32","27","10","1","73","4","2","3","11","315","192","0","0","0","0","0","-1463000","5","-100.00","678","2","0","0","0","","0","0","0","","",""
"080117","0002","0","1471000","1472000","1473000","1474000","1475000","1476000","1477000","1478000","1479000","1480000","1470000","1469000","1468000","1465000","1464000","1463000","1462000","1461000","1460000","1459000","29","54","40","5","71","1","37","38","29","11","23","32","27","10","1","73","4","2","3","11","315","186","0","0","0","0","0","-1463000","5","-100.00","684","0","-6","0","0","","0","0","0","","",""
"080118","0000","0","1471000","1472000","1473000","1474000","1475000","1476000","1477000","1478000","1479000","1480000","1470000","1469000","1468000","1465000","1464000","1463000","1462000","1461000","1460000","1459000","29","54","40","5","71","1","37","38","29","11","22","32","27","10","1","73","4","2","3","11","315","185","0","0","0","0","0","-1463000","5","-100.00","685","0","-1","0","0","","0","0","0","","",""
"080118","0001","0","1471000","1472000","1473000","1474000","1475000","1476000","1477000","1478000","1479000","1480000","1470000","1469000","1468000","1465000","1464000","1463000","1462000","1461000","1460000","1459000","30","54","40","5","71","1","37","38","29","11","22","32","27","10","1","73","4","2","3","11","316","185","0","0","0","0","0","-1463000","5","-100.00","685","1","0","0","0","","0","0","0","","",""
"080118","0002","0","1471000","1472000","1473000","1474000","1475000","1476000","1477000","1478000","1479000","1480000","1470000","1469000","1468000","1465000","1464000","1463000","1462000","1461000","1460000","1459000","30","54","40","5","71","1","37","38","29","11","42","32","27","10","1","73","4","2","3","11","316","205","0","0","0","0","0","-1463000","5","-100.00","685","0","20","0","0","","0","0","0","","",""
"080119","0000","0","1471000","1472000","1473000","1474000","1475000","1476000","1477000","1478000","1479000","1480000","1470000","1469000","1468000","1465000","1464000","1463000","1462000","1461000","1460000","1459000","30","54","40","5","71","1","37","38","30","11","42","32","27","10","1","73","4","2","3","11","317","205","0","0","0","0","0","-1463000","5","-100.00","685","1","0","0","0","","0","0","0","","",""
"080119","0001","0","1471000","1472000","1473000","1474000","1475000","1476000","1477000","1478000","1479000","1480000","1470000","1469000","1468000","1465000","1464000","1463000","1462000","1461000","1460000","1459000","30","54","40","5","71","1","37","38","30","11","40","32","27","10","1","73","4","2","3","11","317","203","0","0","0","0","0","-1463000","5","-100.00","687","0","-2","0","0","","0","0","0","","",""
"080120","0000","0","1471000","1472000","1473000","1474000","1475000","1476000","1477000","1478000","1479000","1480000","1470000","1469000","1468000","1465000","1464000","1463000","1462000","1461000","1460000","1459000","43","54","40","5","71","1","37","38","30","11","40","32","27","10","1","73","4","2","3","11","330","203","0","0","0","0","0","-1463000","5","-100.00","687","13","0","0","0","","0","0","0","","",""
"080121","0000","0","1471000","1472000","1473000","1474000","1475000","1476000","1477000","1478000","1479000","1480000","1470000","1469000","1468000","1465000","1464000","1463000","1462000","1461000","1460000","1459000","43","54","40","5","71","1","37","38","30","11","39","32","27","10","1","73","4","2","3","11","330","202","0","0","0","0","0","-1463000","5","-100.00","688","0","-1","0","0","","0","0","0","","",""
"080121","0001","0","1471000","1472000","1473000","1474000","1475000","1476000","1477000","1478000","1479000","1480000","1470000","1469000","1468000","1465000","1464000","1463000","1462000","1461000","1460000","1459000","43","54","40","5","71","1","37","38","30","11","2","32","27","10","1","73","4","2","3","11","330","165","0","0","0","0","0","-1463000","5","-100.00","796","0","-37","0","0","","0","0","0","","",""
"080121","0002","0","1471000","1472000","1473000","1474000","1475000","1476000","1477000","1478000","1479000","1480000","1470000","1469000","1468000","1465000","1464000","1463000","1462000","1461000","1460000","1459000","44","54","40","5","71","1","37","38","30","11","2","32","27","10","1","73","4","2","3","11","331","165","0","0","0","0","0","-1463000","5","-100.00","796","1","0","0","0","","0","0","0","","",""
"080121","0003","0","1471000","1472000","1473000","1474000","1475000","1476000","1477000","1478000","1479000","1480000","1470000","1469000","1468000","1465000","1464000","1463000","1462000","1461000","1460000","1459000","47","54","40","5","71","1","38","38","30","11","2","32","27","10","1","73","4","2","3","11","335","165","0","0","0","0","0","-1463000","5","-100.00","796","4","0","0","0","","0","0","0","","",""
"080122","0000","0","1470000","1471000","1472000","1473000","1474000","1475000","1476000","1477000","1478000","1479000","1468000","1465000","1464000","1463000","1462000","1461000","1460000","1459000","1455000","1453000","2","47","54","40","5","71","1","38","38","30","27","10","1","73","4","2","3","11","22","2","326","155","0","0","0","0","0","-1463000","5","-100.00","835","-9","-10","0","0","","0","0","0","","",""
"080122","0001","0","1471000","1472000","1473000","1474000","1475000","1476000","1477000","1478000","1479000","1480000","1468000","1465000","1464000","1463000","1462000","1461000","1460000","1459000","1455000","1453000","42","54","40","5","71","1","38","38","30","11","27","10","1","73","4","2","3","11","22","2","330","155","0","0","0","0","0","-1463000","5","-100.00","842","4","0","0","0","","0","0","0","","",""
"080122","0002","0","1470000","1471000","1472000","1473000","1474000","1475000","1476000","1477000","1478000","1479000","1468000","1465000","1464000","1463000","1462000","1461000","1460000","1459000","1455000","1453000","1","42","54","40","5","71","1","38","38","30","27","10","1","73","4","2","3","11","22","2","320","155","0","0","0","0","0","-1463000","5","-100.00","842","-10","0","0","0","","0","0","0","","",""
"080122","0003","0","1470000","1471000","1472000","1473000","1474000","1475000","1476000","1477000","1478000","1479000","1468000","1465000","1464000","1463000","1462000","1461000","1460000","1459000","1455000","1453000","3","42","54","40","5","71","1","38","38","30","27","10","1","73","4","2","3","11","22","2","322","155","0","0","0","0","0","-1463000","5","-100.00","842","2","0","0","0","","0","0","0","","",""
"080123","0000","0","1470000","1471000","1472000","1473000","1474000","1475000","1476000","1477000","1478000","1479000","1468000","1465000","1464000","1463000","1462000","1461000","1460000","1459000","1455000","1453000","14","47","54","40","5","71","1","38","38","30","27","10","1","73","4","2","3","11","22","2","338","155","0","0","0","0","0","-1463000","5","-100.00","842","16","0","0","0","","0","0","0","","",""
"080123","0001","0","1470000","1471000","1472000","1473000","1474000","1475000","1476000","1477000","1478000","1479000","1468000","1465000","1464000","1463000","1462000","1461000","1460000","1459000","1455000","1453000","20","47","54","40","5","71","1","38","38","30","27","10","1","73","4","2","3","11","22","2","344","155","0","0","0","0","0","-1463000","5","-100.00","842","6","0","0","0","","0","0","0","","",""
"080124","0000","0","1470000","1471000","1472000","1473000","1474000","1475000","1476000","1477000","1478000","1479000","1468000","1465000","1464000","1463000","1462000","1461000","1460000","1459000","1455000","1453000","20","47","54","40","5","71","1","38","38","30","28","10","1","73","4","2","3","11","22","2","344","156","0","0","0","0","0","-1463000","5","-100.00","842","0","1","0","0","","0","0","0","","",""
"080124","0001","0","1470000","1471000","1472000","1473000","1474000","1475000","1476000","1477000","1478000","1479000","1465000","1464000","1463000","1462000","1461000","1460000","1459000","1455000","1453000","1452000","19","47","54","40","5","71","1","38","38","30","10","1","73","4","2","3","11","22","2","2","343","130","0","0","0","0","0","-1463000","5","-100.00","871","-1","-26","0","0","","0","0","0","","",""
"080124","0002","0","1470000","1471000","1472000","1473000","1474000","1475000","1476000","1477000","1478000","1479000","1465000","1464000","1463000","1462000","1461000","1460000","1459000","1455000","1453000","1452000","19","47","54","40","5","71","1","41","38","30","10","1","73","4","2","3","11","22","2","2","346","130","0","0","0","0","0","-1463000","5","-100.00","871","3","0","0","0","","0","0","0","","",""
"080125","0000","0","1470000","1471000","1472000","1473000","1474000","1475000","1476000","1477000","1478000","1479000","1465000","1464000","1463000","1462000","1461000","1460000","1459000","1455000","1453000","1452000","19","47","54","40","5","71","1","41","38","30","10","1","73","4","2","3","11","22","2","2","346","130","0","0","0","0","0","-1463000","5","-100.00","876","0","0","0","0","","0","0","0","","",""
"080125","0001","0","1470000","1471000","1472000","1473000","1474000","1475000","1476000","1477000","1478000","1479000","1465000","1464000","1463000","1462000","1461000","1460000","1459000","1455000","1453000","1452000","20","47","54","40","5","71","1","41","38","30","10","1","73","4","2","3","11","22","2","2","347","130","0","0","0","0","0","-1463000","5","-100.00","876","1","0","0","0","","0","0","0","","",""
"080125","0002","0","1470000","1471000","1472000","1473000","1474000","1475000","1476000","1477000","1478000","1479000","1465000","1464000","1463000","1462000","1461000","1460000","1459000","1455000","1453000","1452000","28","47","54","40","5","71","1","41","38","30","10","1","73","4","2","3","11","22","2","2","355","130","0","0","0","0","0","-1463000","5","-100.00","877","8","0","0","0","","0","0","0","","",""
"080126","0000","0","1470000","1471000","1472000","1473000","1474000","1475000","1476000","1477000","1478000","1479000","1465000","1464000","1463000","1462000","1461000","1460000","1459000","1455000","1453000","1452000","28","47","54","40","5","71","2","41","38","30","10","1","73","4","2","3","11","22","2","2","356","130","0","0","0","0","0","-1463000","5","-100.00","877","1","0","0","0","","0","0","0","","",""
"080126","0001","0","1470000","1471000","1472000","1473000","1474000","1475000","1476000","1477000","1478000","1479000","1465000","1464000","1463000","1462000","1461000","1460000","1459000","1455000","1453000","1452000","33","47","54","39","5","71","2","41","38","30","10","1","73","4","2","3","11","22","2","2","360","130","0","0","0","0","0","-1463000","5","-100.00","878","4","0","0","0","","0","0","0","","",""
"080127","0000","0","1470000","1471000","1472000","1473000","1474000","1475000","1476000","1477000","1478000","1479000","1465000","1464000","1463000","1462000","1461000","1460000","1459000","1455000","1453000","1452000","33","48","54","39","5","71","2","41","38","30","10","1","73","4","2","3","11","22","2","2","361","130","0","0","0","0","0","-1463000","5","-100.00","878","1","0","0","0","","0","0","0","","",""
"080127","0001","0","1470000","1471000","1472000","1473000","1474000","1475000","1476000","1477000","1478000","1479000","1465000","1464000","1463000","1462000","1461000","1460000","1459000","1455000","1453000","1452000","33","57","54","39","5","71","2","41","38","30","11","1","73","4","2","3","11","22","2","2","370","131","0","0","0","0","0","-1463000","5","-100.00","878","9","1","0","0","","0","0","0","","",""
"080127","0002","0","1470000","1471000","1472000","1473000","1474000","1475000","1476000","1477000","1478000","1479000","1465000","1464000","1463000","1462000","1461000","1460000","1459000","1455000","1453000","1452000","43","57","54","39","5","71","2","41","39","30","16","1","73","4","2","3","11","22","2","2","381","136","0","0","0","0","0","-1463000","5","-100.00","878","11","5","0","0","","0","0","0","","",""
"080129","0000","0","1470000","1471000","1472000","1473000","1474000","1475000","1476000","1477000","1478000","1479000","1465000","1464000","1463000","1462000","1461000","1460000","1459000","1455000","1453000","1452000","42","57","54","39","5","71","2","41","39","30","16","1","73","4","2","3","11","22","2","2","380","136","0","0","0","0","0","-1463000","5","-100.00","879","-1","0","0","0","","0","0","0","","",""
"080129","0001","0","1470000","1471000","1472000","1473000","1474000","1475000","1476000","1477000","1478000","1479000","1465000","1464000","1463000","1462000","1461000","1460000","1459000","1455000","1453000","1452000","42","57","54","39","5","71","2","41","39","30","16","1","73","4","2","3","11","22","2","1","380","135","0","0","0","0","0","-1463000","5","-100.00","879","0","-1","0","0","","0","0","0","","",""
"080129","0002","0","1470000","1471000","1472000","1473000","1474000","1475000","1476000","1477000","1478000","1479000","1465000","1464000","1463000","1462000","1461000","1460000","1459000","1455000","1453000","1452000","42","57","54","39","5","71","2","41","39","30","16","1","73","4","2","3","11","22","2","1","380","135","0","0","0","0","0","-1463000","5","-100.00","879","0","0","0","0","","0","0","0","","",""
"080130","0000","0","1470000","1471000","1472000","1473000","1474000","1475000","1476000","1477000","1478000","1479000","1465000","1464000","1463000","1462000","1461000","1460000","1459000","1455000","1453000","1452000","45","57","54","39","5","71","2","41","39","30","16","1","73","4","2","3","11","22","2","1","383","135","0","0","0","0","0","-1463000","5","-100.00","879","3","0","0","0","","0","0","0","","",""
"080130","0001","0","1469000","1470000","1471000","1472000","1473000","1474000","1475000","1476000","1477000","1478000","1465000","1464000","1463000","1462000","1461000","1460000","1459000","1455000","1453000","1452000","1","95","57","54","39","5","71","2","41","39","16","1","73","4","2","3","11","22","2","1","404","135","0","0","0","0","0","-1463000","5","-100.00","879","21","0","0","0","","0","0","0","","",""
"080131","0000","0","1469000","1470000","1471000","1472000","1473000","1474000","1475000","1476000","1477000","1478000","1465000","1464000","1463000","1462000","1461000","1460000","1459000","1455000","1453000","1452000","1","95","57","54","40","5","71","2","41","39","16","1","73","4","2","3","11","22","2","1","405","135","0","0","0","0","0","-1463000","5","-100.00","879","1","0","0","0","","0","0","0","","",""
"080131","0001","0","1469000","1470000","1471000","1472000","1473000","1474000","1475000","1476000","1477000","1478000","1465000","1464000","1463000","1462000","1461000","1460000","1459000","1455000","1453000","1452000","1","95","57","54","40","5","72","2","41","39","12","1","73","4","2","3","11","22","2","1","406","131","0","0","0","0","0","-1463000","5","-100.00","883","1","-4","0","0","","0","0","0","","",""
"080131","0002","0","1469000","1470000","1471000","1472000","1473000","1474000","1475000","1476000","1477000","1478000","1465000","1464000","1463000","1462000","1461000","1460000","1459000","1455000","1453000","1452000","7","95","57","54","40","5","72","2","41","39","12","1","73","4","2","3","11","22","2","1","412","131","0","0","0","0","0","-1463000","5","-100.00","883","6","0","0","0","","0","0","0","","",""
"080132","0000","0","1469000","1470000","1471000","1472000","1473000","1474000","1475000","1476000","1477000","1478000","1465000","1464000","1463000","1462000","1461000","1460000","1459000","1455000","1453000","1452000","28","105","57","54","40","5","72","2","41","39","12","1","73","4","2","3","11","22","2","1","443","131","0","0","0","0","0","-1463000","5","-100.00","883","31","0","0","0","","0","0","0","","",""
"080132","0001","0","1468000","1469000","1470000","1471000","1472000","1473000","1474000","1475000","1476000","1477000","1465000","1464000","1463000","1462000","1461000","1460000","1459000","1455000","1453000","1452000","3","28","106","57","54","40","5","72","2","41","12","1","73","4","2","3","11","22","2","1","408","131","0","0","0","0","0","-1463000","5","-100.00","884","-35","0","0","0","","0","0","0","","",""
"080132","0002","0","1468000","1469000","1470000","1471000","1472000","1473000","1474000","1475000","1476000","1477000","1465000","1464000","1463000","1462000","1461000","1460000","1459000","1455000","1453000","1452000","3","34","106","57","54","40","5","72","2","41","12","1","73","4","2","3","11","22","2","1","414","131","0","0","0","0","0","-1463000","5","-100.00","884","6","0","0","0","","0","0","0","","",""
"080133","0000","0","1468000","1469000","1470000","1471000","1472000","1473000","1474000","1475000","1476000","1477000","1465000","1464000","1463000","1462000","1461000","1460000","1459000","1455000","1453000","1452000","3","43","97","57","54","40","5","72","2","41","12","1","73","4","2","3","11","22","2","1","414","131","0","0","0","0","0","-1463000","5","-100.00","884","0","0","0","0","","0","0","0","","",""
"080133","0001","0","1468000","1469000","1470000","1471000","1472000","1473000","1474000","1475000","1476000","1477000","1465000","1464000","1463000","1462000","1461000","1460000","1459000","1455000","1453000","1452000","3","43","97","57","58","40","5","72","2","41","12","1","73","4","2","3","11","22","2","1","418","131","0","0","0","0","0","-1463000","5","-100.00","884","4","0","0","0","","0","0","0","","",""
"080133","0002","0","1468000","1469000","1470000","1471000","1472000","1473000","1474000","1475000","1476000","1477000","1465000","1464000","1463000","1462000","1461000","1460000","1459000","1455000","1453000","1452000","17","43","97","57","58","40","5","72","2","41","12","1","73","4","2","3","11","22","2","1","432","131","0","0","0","0","0","-1463000","5","-100.00","884","14","0","0","0","","0","0","0","","",""
