"time","millisec","HOUR_CLS_CODE","ASKP1","ASKP2","ASKP3","ASKP4","ASKP5","ASKP6","ASKP7","ASKP8","ASKP9","ASKP10","BIDP1","BIDP2","BIDP3","BIDP4","BIDP5","BIDP6","BIDP7","BIDP8","BIDP9","BIDP10","ASKP_RSQN1","ASKP_RSQN2","ASKP_RSQN3","ASKP_RSQN4","ASKP_RSQN5","ASKP_RSQN6","ASKP_RSQN7","ASKP_RSQN8","ASKP_RSQN9","ASKP_RSQN10","BIDP_RSQN1","BIDP_RSQN2","BIDP_RSQN3","BIDP_RSQN4","BIDP_RSQN5","BIDP_RSQN6","BIDP_RSQN7","BIDP_RSQN8","BIDP_RSQN9","BIDP_RSQN10","TOTAL_ASKP_RSQN","TOTAL_BIDP_RSQN","OVTM_TOTAL_ASKP_RSQN","OVTM_TOTAL_BIDP_RSQN","ANTC_CNPR","ANTC_CNQN","ANTC_VOL","ANTC_CNTG_VRSS","ANTC_CNTG_VRSS_SIGN","ANTC_CNTG_PRDY_CTRT","ACML_VOL","TOTAL_ASKP_RSQN_ICDC","TOTAL_BIDP_RSQN_ICDC","OVTM_TOTAL_ASKP_ICDC","OVTM_TOTAL_BIDP_ICDC","STCK_DEAL_CLS_CODE","KMID_PRC","KMID_TOTAL_RSQN","KMID_CLS_CODE","NMID_PRC","NMID_TOTAL_RSQN","NMID_CLS_CODE"
"080000","0000","0","0","0","0","0","0","0","0","0","0","0","58800","0","0","0","0","0","0","0","0","0","0","0","0","0","0","0","0","0","0","0","300","0","0","0","0","0","0","0","0","0","0","300","0","0","0","0","0","-60200","5","-100.00","0","0","0","0","0","","0","0","0","","",""
"080000","0001","0","61400","65900","0","0","0","0","0","0","0","0","59700","58800","0","0","0","0","0","0","0","0","1","1000","0","0","0","0","0","0","0","0","500","300","0","0","0","0","0","0","0","0","1001","800","0","0","0","0","0","-60200","5","-100.00","0","1001","500","0","0","","0","0","0","","",""
"080000","0002","0","60900","61400","61500","61600","61700","61800","63300","65300","65900","66200","59800","59700","59500","58900","58800","55800","0","0","0","0","10","1","1","1","1","1","1","2","1010","3","167","500","2","1000","300","5","0","0","0","0","1031","1974","0","0","0","0","0","-60200","5","-100.00","0","30","1174","0","0","","0","0","0","","",""
"080001","0000","0","60800","60900","61000","61400","61500","61600","61700","61800","61900","62000","59800","59700","59500","59400","58900","58800","55800","55100","0","0","28","10","10","1","11","1","1","1","1","1","167","500","110","2","1000","320","5","61","0","0","65","2165","0","0","0","0","0","-60200","5","-100.00","0","-966","191","0","0","","0","0","0","","",""
"080001","0001","0","60800","60900","61000","61400","61500","61600","61700","61800","61900","62000","60600","59900","59800","59700","59500","59400","59300","59100","58900","58800","21","16","10","1","11","1","1","1","1","1","1","9","167","500","110","2","2","4","1000","320","64","2115","0","0","0","0","0","-60200","5","-100.00","7","-1","-50","0","0","","0","0","0","","",""
"080002","0000","0","60800","60900","61000","61400","61500","61600","61700","61800","61900","62000","60600","60000","59900","59800","59700","59500","59400","59300","59200","59100","21","16","10","1","11","1","1","1","1","1","1","100","65","167","500","110","2","2","2","4","64","953","0","0","0","0","0","-60200","5","-100.00","7","0","-1162","0","0","","0","0","0","","",""
"080002","0001","0","60800","60900","61000","61400","61500","61600","61700","61800","61900","62000","60600","60000","59900","59800","59700","59500","59400","59300","59200","59100","21","16","10","11","11","1","1","1","1","1","1","100","65","185","500","110","2","2","2","4","74","971","0","0","0","0","0","-60200","5","-100.00","7","10","18","0","0","","0","0","0","","",""
"080003","0000","0","60800","60900","61000","61400","61500","61600","61700","61800","61900","62000","60600","60000","59900","59800","59700","59500","59400","59300","59200","59100","21","16","10","11","21","1","1","1","1","1","1","100","65","185","500","110","2","2","2","4","84","971","0","0","0","0","0","-60200","5","-100.00","7","10","0","0","0","","0","0","0","","",""
"080003","0001","0","60800","60900","61000","61200","61400","61500","61600","61700","61800","61900","60600","60000","59900","59800","59700","59500","59400","59300","59200","59100","21","16","13","50","11","21","1","6","1","4","1","100","65","185","500","110","2","22","2","6","144","993","0","0","0","0","0","-60200","5","-100.00","7","60","22","0","0","","0","0","0","","",""
"080003","0002","0","60800","60900","61000","61200","61400","61500","61600","61700","61800","61900","60600","60000","59900","59800","59700","59500","59400","59300","59200","59100","31","16","13","50","11","21","1","6","1","4","1","100","65","185","500","110","2","22","2","6","154","993","0","0","0","0","0","-60200","5","-100.00","7","10","0","0","0","","0","0","0","","",""
"080004","0000","0","60800","60900","61000","61200","61400","61500","61600","61700","61800","61900","60600","60000","59900","59800","59700","59500","59400","59300","59200","59100","31","16","13","50","11","21","1","6","1","4","1","100","65","185","500","110","2","40","2","6","154","1011","0","0","0","0","0","-60200","5","-100.00","7","0","18","0","0","","0","0","0","","",""
"080004","0001","0","60800","60900","61000","61200","61400","61500","61600","61700","61800","61900","60600","60100","60000","59900","59800","59700","59500","59400","59300","59200","31","16","13","50","11","21","1","6","1","4","1","56","100","9","185","500","110","2","40","2","154","1005","0","0","0","0","0","-60200","5","-100.00","7","0","-6","0","0","","0","0","0","","",""
"080004","0002","0","60800","60900","61000","61200","61400","61500","61600","61700","61800","61900","60600","60100","60000","59900","59800","59700","59500","59400","59300","59200","31","16","13","50","11","21","1","6","1","4","1","56","100","9","185","500","110","33","40","2","154","1036","0","0","0","0","0","-60200","5","-100.00","7","0","31","0","0","","0","0","0","","",""
"080005","0000","0","60800","60900","61000","61200","61400","61500","61600","61700","61800","61900","60600","60100","60000","59900","59800","59700","59500","59400","59300","59200","51","16","13","50","11","21","1","6","1","4","1","56","100","9","185","500","110","33","40","2","174","1036","0","0","0","0","0","-60200","5","-100.00","7","20","0","0","0","","0","0","0","","",""
"080006","0000","0","60800","60900","61000","61200","61400","61500","61600","61700","61800","61900","60600","60100","60000","59900","59800","59700","59500","59400","59300","59200","51","16","14","50","11","21","1","6","1","4","1","56","100","9","185","500","110","33","40","2","175","1036","0","0","0","0","0","-60200","5","-100.00","7","1","0","0","0","","0","0","0","","",""
"080006","0001","0","60800","60900","61000","61200","61400","61500","61600","61700","61800","61900","60600","60100","60000","59900","59800","59700","59500","59400","59300","59200","11","16","14","50","11","21","1","6","1","4","1","56","100","9","185","500","110","33","40","2","135","1036","0","0","0","0","0","-60200","5","-100.00","47","-40","0","0","0","","0","0","0","","",""
"080006","0002","0","60800","60900","61000","61200","61400","61500","61600","61700","61800","61900","60600","60300","60100","60000","59900","59800","59700","59500","59400","59300","11","16","14","50","11","21","1","6","1","4","1","1","56","100","9","185","500","110","33","40","135","1035","0","0","0","0","0","-60200","5","-100.00","47","0","-1","0","0","","0","0","0","","",""
"080006","0003","0","60800","60900","61000","61200","61400","61500","61600","61700","61800","61900","60600","60300","60100","60000","59900","59800","59700","59500","59400","59300","11","16","14","50","11","21","1","6","1","4","1","1","56","109","9","185","500","110","33","40","135","1044","0","0","0","0","0","-60200","5","-100.00","47","0","9","0","0","","0","0","0","","",""
"080006","0004","0","60800","60900","61000","61200","61400","61500","61600","61700","61800","61900","60600","60300","60100","60000","59900","59800","59700","59500","59400","59300","5","16","14","50","11","21","1","6","1","4","1","1","56","109","9","185","500","110","33","40","129","1044","0","0","0","0","0","-60200","5","-100.00","53","-6","0","0","0","","0","0","0","","",""
"080007","0000","0","60800","60900","61000","61200","61400","61500","61600","61700","61800","61900","60300","60100","60000","59900","59800","59700","59500","59400","59300","59200","5","16","15","50","11","23","1","6","1","4","1","56","109","9","185","500","110","33","40","2","132","1045","0","0","0","0","0","-60200","5","-100.00","54","3","1","0","0","","0","0","0","","",""
"080007","0001","0","60800","60900","61000","61200","61400","61500","61600","61700","61800","61900","60300","60100","60000","59900","59800","59700","59500","59400","59300","59200","15","16","15","50","11","223","1","6","1","4","1","56","109","9","185","500","110","33","40","2","342","1045","0","0","0","0","0","-60200","5","-100.00","54","210","0","0","0","","0","0","0","","",""
"080008","0000","0","60800","60900","61000","61200","61400","61500","61600","61700","61800","61900","60300","60100","60000","59900","59800","59700","59500","59400","59300","59200","15","16","15","50","13","223","1","6","1","4","1","56","109","9","185","500","110","33","40","2","344","1045","0","0","0","0","0","-60200","5","-100.00","54","2","0","0","0","","0","0","0","","",""
"080008","0001","0","60800","60900","61000","61200","61400","61500","61600","61700","61800","61900","60300","60100","60000","59900","59800","59700","59500","59400","59300","59200","15","18","15","50","16","223","1","6","1","6","1","56","109","9","185","500","110","33","40","2","351","1045","0","0","0","0","0","-60200","5","-100.00","54","7","0","0","0","","0","0","0","","",""
"080009","0000","0","60800","60900","61000","61200","61400","61500","61600","61700","61800","61900","60300","60100","60000","59900","59800","59700","59500","59400","59300","59200","15","18","15","50","16","223","1","6","1","6","1","56","109","9","185","501","110","33","40","2","351","1046","0","0","0","0","0","-60200","5","-100.00","54","0","1","0","0","","0","0","0","","",""
"080009","0001","0","60800","60900","61000","61200","61400","61500","61600","61700","61800","61900","60300","60100","60000","59900","59800","59700","59500","59400","59300","59200","15","18","15","50","16","223","1","6","1","6","1","416","109","9","185","501","110","33","40","2","351","1406","0","0","0","0","0","-60200","5","-100.00","54","0","360","0","0","","0","0","0","","",""
"080009","0002","0","60500","60800","60900","61000","61200","61400","61500","61600","61700","61800","60300","60100","60000","59900","59800","59700","59500","59400","59300","59200","1","15","18","15","50","16","223","1","6","1","1","416","109","9","185","501","110","33","40","2","346","1406","0","0","0","0","0","-60200","5","-100.00","54","-5","0","0","0","","0","0","0","","",""
"080009","0003","0","60500","60800","60900","61000","61200","61400","61500","61600","61700","61800","60300","60100","60000","59800","59700","59500","59400","59300","59200","59100","1","18","18","15","50","16","223","1","6","1","1","416","109","185","501","110","33","40","2","6","349","1403","0","0","0","0","0","-60200","5","-100.00","54","3","-3","0","0","","0","0","0","","",""
"080010","0000","0","60500","60800","60900","61000","61200","61400","61500","61600","61700","61800","60300","60100","60000","59800","59700","59500","59400","59300","59200","59100","1","18","18","15","50","16","223","1","6","1","1","416","109","185","501","110","33","40","362","6","349","1763","0","0","0","0","0","-60200","5","-100.00","54","0","360","0","0","","0","0","0","","",""
"080010","0001","0","60500","60700","60800","60900","61000","61200","61400","61500","61600","61700","60300","60100","60000","59800","59700","59500","59400","59300","59200","59100","1","30","18","18","15","50","16","223","1","6","1","416","109","185","501","110","33","40","362","6","378","1763","0","0","0","0","0","-60200","5","-100.00","54","29","0","0","0","","0","0","0","","",""
"080010","0002","0","60500","60700","60800","60900","61000","61200","61400","61500","61600","61700","60300","60100","60000","59800","59700","59500","59400","59300","59200","59100","1","30","18","18","15","50","16","223","1","6","1","416","109","190","501","110","33","40","362","6","378","1768","0","0","0","0","0","-60200","5","-100.00","54","0","5","0","0","","0","0","0","","",""
"080011","0000","0","60500","60700","60800","60900","61000","61200","61400","61500","61600","61700","60300","60100","60000","59800","59700","59500","59400","59300","59200","59100","1","30","18","18","15","51","16","223","1","6","1","416","109","190","501","110","33","40","362","6","379","1768","0","0","0","0","0","-60200","5","-100.00","54","1","0","0","0","","0","0","0","","",""
"080011","0001","0","60500","60700","60800","60900","61000","61200","61400","61500","61600","61700","60300","60200","60100","60000","59800","59700","59500","59400","59300","59200","1","30","18","18","15","51","16","223","1","6","1","2","416","109","190","501","110","33","40","362","379","1764","0","0","0","0","0","-60200","5","-100.00","54","0","-4","0","0","","0","0","0","","",""
"080012","0000","0","60500","60700","60800","60900","61000","61200","61400","61500","61600","61700","60300","60200","60100","60000","59800","59700","59500","59400","59300","59200","1","30","18","18","15","51","16","223","1","6","1","2","419","109","190","501","110","33","40","362","379","1767","0","0","0","0","0","-60200","5","-100.00","54","0","3","0","0","","0","0","0","","",""
"080013","0000","0","60500","60700","60800","60900","61000","61200","61400","61500","61600","61700","60300","60200","60100","60000","59800","59700","59500","59400","59300","59200","1","30","18","18","20","51","16","228","1","6","1","2","419","109","190","501","110","33","340","362","389","2067","0","0","0","0","0","-60200","5","-100.00","54","0","300","0","0","","0","0","0","","",""
"080013","0001","0","60500","60700","60800","60900","61000","61100","61200","61400","61500","61600","60300","60200","60100","60000","59800","59700","59500","59400","59300","59200","1","30","18","18","20","5","51","116","238","1","1","2","419","109","190","501","110","33","340","362","498","2067","0","0","0","0","0","-60200","5","-100.00","54","109","0","0","0","","0","0","0","","",""
"080013","0002","0","60500","60700","60800","60900","61000","61100","61200","61400","61500","61600","60300","60200","60100","60000","59800","59700","59500","59400","59300","59200","1","30","18","18","20","5","51","116","238","6","1","2","419","109","190","501","110","33","370","362","503","2097","0","0","0","0","0","-60200","5","-100.00","54","5","30","0","0","","0","0","0","","",""
"080013","0003","0","60500","60700","60800","60900","61000","61100","61200","61400","61500","61600","60400","60300","60200","60100","60000","59800","59700","59500","59400","59300","1","30","18","18","20","5","51","116","248","6","10","1","2","419","109","190","501","110","33","370","513","1745","0","0","0","0","0","-60200","5","-100.00","54","10","-352","0","0","","0","0","0","","",""
"080014","0000","0","60500","60700","60800","60900","61000","61100","61200","61400","61500","61600","60400","60300","60200","60100","60000","59800","59700","59500","59400","59300","1","30","28","18","20","5","51","116","248","6","10","1","2","419","109","190","501","110","33","370","523","1745","0","0","0","0","0","-60200","5","-100.00","54","10","0","0","0","","0","0","0","","",""
"080014","0001","0","60500","60700","60800","60900","61000","61100","61200","61400","61500","61600","60400","60300","60200","60100","60000","59800","59700","59500","59400","59300","1","30","28","18","20","5","51","116","248","6","10","31","2","419","109","190","501","110","33","370","523","1775","0","0","0","0","0","-60200","5","-100.00","54","0","30","0","0","","0","0","0","","",""
"080014","0002","0","60500","60700","60800","60900","61000","61100","61200","61400","61500","61600","60400","60300","60200","60100","60000","59800","59700","59500","59400","59300","1","30","28","18","20","5","51","116","248","6","10","31","2","363","109","190","501","110","33","370","523","1719","0","0","0","0","0","-60200","5","-100.00","54","0","-56","0","0","","0","0","0","","",""
"080014","0003","0","60700","60800","60900","61000","61100","61200","61400","61500","61600","61700","60500","60400","60300","60200","60100","60000","59800","59700","59500","59400","30","28","18","20","5","51","116","248","6","26","9","10","31","2","363","109","190","501","110","33","548","1358","0","0","0","0","0","-60200","5","-100.00","55","25","-361","0","0","","0","0","0","","",""
"080015","0000","0","60700","60800","60900","61000","61100","61200","61400","61500","61600","61700","60500","60400","60300","60200","60100","60000","59800","59700","59500","59400","30","29","18","20","5","51","117","248","6","26","9","10","31","2","363","109","190","501","110","33","550","1358","0","0","0","0","0","-60200","5","-100.00","55","2","0","0","0","","0","0","0","","",""
"080015","0001","0","60700","60800","60900","61000","61100","61200","61400","61500","61600","61700","60500","60400","60300","60200","60100","60000","59800","59700","59500","59400","30","29","18","21","5","51","117","248","6","26","9","40","31","2","363","109","190","501","110","33","551","1388","0","0","0","0","0","-60200","5","-100.00","55","1","30","0","0","","0","0","0","","",""
"080016","0000","0","60700","60800","60900","61000","61100","61200","61300","61400","61500","61600","60500","60400","60300","60200","60100","60000","59800","59700","59500","59400","30","29","18","21","5","51","5","117","248","6","9","40","31","2","363","109","190","501","110","33","530","1388","0","0","0","0","0","-60200","5","-100.00","55","-21","0","0","0","","0","0","0","","",""
"080016","0001","0","60700","60800","60900","61000","61100","61200","61300","61400","61500","61600","60500","60400","60300","60200","60100","60000","59800","59700","59500","59400","30","29","18","821","5","51","5","117","248","6","9","40","31","2","363","110","190","501","110","33","1330","1389","0","0","0","0","0","-60200","5","-100.00","55","800","0","0","0","","0","0","0","","",""
"080017","0000","0","60700","60800","60900","61000","61100","61200","61300","61400","61500","61600","60500","60400","60300","60200","60100","60000","59800","59700","59500","59400","30","29","18","850","5","51","5","117","248","6","9","40","31","2","363","110","190","501","110","33","1359","1389","0","0","0","0","0","-60200","5","-100.00","55","29","0","0","0","","0","0","0","","",""
"080017","0001","0","60700","60800","60900","61000","61100","61200","61300","61400","61500","61600","60500","60400","60300","60200","60100","60000","59800","59700","59500","59400","31","29","18","850","5","51","5","117","248","6","9","40","31","2","363","110","190","501","110","33","1360","1389","0","0","0","0","0","-60200","5","-100.00","55","1","0","0","0","","0","0","0","","",""
"080018","0000","0","60900","61000","61100","61200","61300","61400","61500","61600","61700","61800","60500","60400","60300","60200","60100","60000","59800","59700","59500","59400","2","831","5","51","5","117","248","6","76","8","9","40","31","2","363","110","190","501","110","33","1349","1389","0","0","0","0","0","-60200","5","-100.00","182","-11","0","0","0","","0","0","0","","",""
"080018","0001","0","60600","61000","61100","61200","61300","61400","61500","61600","61700","61800","60500","60400","60300","60200","60100","60000","59800","59700","59500","59400","5","831","5","51","5","117","248","6","76","8","9","40","31","2","363","110","190","501","110","33","1352","1389","0","0","0","0","0","-60200","5","-100.00","182","3","0","0","0","","0","0","0","","",""
"080018","0002","0","60600","60700","61000","61100","61200","61300","61400","61500","61600","61700","60500","60400","60300","60200","60100","60000","59800","59700","59500","59400","5","1","831","5","51","5","117","248","6","76","9","40","31","2","363","110","190","501","110","33","1345","1389","0","0","0","0","0","-60200","5","-100.00","182","-7","0","0","0","","0","0","0","","",""
"080018","0003","0","60600","60700","61000","61100","61200","61300","61400","61500","61600","61700","60500","60400","60300","60200","60100","60000","59800","59700","59600","59500","5","1","831","5","51","5","117","248","6","76","9","40","31","2","363","110","190","501","1","113","1345","1360","0","0","0","0","0","-60200","5","-100.00","182","0","-29","0","0","","0","0","0","","",""
"080019","0000","0","60600","60700","61000","61100","61200","61300","61400","61500","61600","61700","60500","60400","60300","60200","60100","60000","59800","59700","59600","59500","5","1","831","6","51","5","117","248","6","77","9","40","31","2","363","110","190","501","1","113","1347","1360","0","0","0","0","0","-60200","5","-100.00","182","2","0","0","0","","0","0","0","","",""
"080019","0001","0","60600","60700","61000","61100","61200","61300","61400","61500","61600","61700","60500","60400","60300","60200","60100","60000","59800","59700","59600","59500","5","1","831","6","51","5","117","248","7","77","9","40","31","2","363","110","190","501","1","113","1348","1360","0","0","0","0","0","-60200","5","-100.00","182","1","0","0","0","","0","0","0","","",""
"080020","0000","0","60600","60700","61000","61100","61200","61300","61400","61500","61600","61700","60500","60400","60300","60200","60100","60000","59800","59700","59600","59500","9","1","831","6","51","5","117","248","7","77","9","40","31","2","363","110","190","501","1","113","1352","1360","0","0","0","0","0","-60200","5","-100.00","182","4","0","0","0","","0","0","0","","",""
"080021","0000","0","60600","60700","61000","61100","61200","61300","61400","61500","61600","61700","60500","60400","60300","60200","60100","60000","59800","59700","59600","59500","9","1","831","6","51","5","117","248","7","77","9","40","31","12","363","110","190","501","1","113","1352","1370","0","0","0","0","0","-60200","5","-100.00","182","0","10","0","0","","0","0","0","","",""
"080022","0000","0","60600","60700","61000","61100","61200","61300","61400","61500","61600","61700","60500","60400","60300","60200","60100","60000","59800","59700","59600","59500","9","1","831","6","51","5","117","248","7","77","10","40","31","12","363","110","190","501","1","113","1352","1371","0","0","0","0","0","-60200","5","-100.00","182","0","1","0","0","","0","0","0","","",""
"080022","0001","0","60600","60700","60900","61000","61100","61200","61300","61400","61500","61600","60500","60400","60300","60200","60100","60000","59800","59700","59600","59500","9","1","10","831","6","51","5","137","248","7","10","40","31","12","363","110","190","501","1","113","1305","1371","0","0","0","0","0","-60200","5","-100.00","182","-47","0","0","0","","0","0","0","","",""
"080022","0002","0","60600","60700","60900","61000","61100","61200","61300","61400","61500","61600","60500","60400","60300","60200","60100","60000","59800","59700","59600","59500","9","1","10","831","6","51","5","137","248","7","10","40","31","12","363","110","190","501","1","133","1305","1391","0","0","0","0","0","-60200","5","-100.00","182","0","20","0","0","","0","0","0","","",""
"080023","0000","0","60600","60700","60900","61000","61100","61200","61300","61400","61500","61600","60500","60400","60300","60200","60100","60000","59800","59700","59600","59500","9","1","10","831","6","51","5","137","248","7","10","40","31","79","363","110","190","501","1","133","1305","1458","0","0","0","0","0","-60200","5","-100.00","182","0","67","0","0","","0","0","0","","",""
"080023","0001","0","60600","60700","60900","61000","61100","61200","61300","61400","61500","61600","60500","60400","60300","60200","60100","60000","59800","59700","59600","59500","9","1","10","834","6","51","5","137","248","7","10","40","31","79","363","111","190","501","1","133","1308","1459","0","0","0","0","0","-60200","5","-100.00","182","3","1","0","0","","0","0","0","","",""
"080023","0002","0","60900","61000","61100","61200","61300","61400","61500","61600","61700","61800","60500","60400","60300","60200","60100","60000","59800","59700","59600","59500","3","753","6","51","5","137","248","7","77","38","10","40","31","79","363","111","190","501","1","133","1325","1459","0","0","0","0","0","-60200","5","-100.00","284","1","0","0","0","","0","0","0","","",""
"080023","0003","0","60700","61000","61100","61200","61300","61400","61500","61600","61700","61800","60500","60400","60300","60200","60100","60000","59800","59700","59600","59500","50","754","6","51","5","137","248","7","77","38","10","50","31","79","363","111","190","501","1","133","1373","1469","0","0","0","0","0","-60200","5","-100.00","284","48","10","0","0","","0","0","0","","",""
"080024","0000","0","60700","61000","61100","61200","61300","61400","61500","61600","61700","61800","60500","60400","60300","60200","60100","60000","59800","59700","59600","59500","50","754","6","51","5","137","248","7","77","39","10","50","31","79","363","111","190","501","1","133","1374","1469","0","0","0","0","0","-60200","5","-100.00","284","1","0","0","0","","0","0","0","","",""
"080024","0001","0","60700","61000","61100","61200","61300","61400","61500","61600","61700","61800","60500","60400","60300","60200","60100","60000","59800","59700","59600","59500","54","754","6","51","5","137","248","7","77","39","40","50","31","79","363","111","190","501","1","133","1378","1499","0","0","0","0","0","-60200","5","-100.00","284","4","30","0","0","","0","0","0","","",""
"080024","0002","0","60600","60700","61000","61100","61200","61300","61400","61500","61600","61700","60500","60400","60300","60200","60100","60000","59800","59700","59600","59500","10","54","754","6","51","5","137","248","7","77","40","50","31","79","363","111","190","501","1","133","1349","1499","0","0","0","0","0","-60200","5","-100.00","284","-29","0","0","0","","0","0","0","","",""
"080025","0000","0","60600","60700","61000","61100","61200","61300","61400","61500","61600","61700","60500","60400","60300","60200","60100","60000","59800","59700","59600","59500","10","54","904","6","51","5","137","248","7","77","40","20","31","79","363","111","190","501","1","133","1499","1469","0","0","0","0","0","-60200","5","-100.00","284","150","-30","0","0","","0","0","0","","",""
"080025","0001","0","60600","60700","61000","61100","61200","61300","61400","61500","61600","61700","60500","60400","60300","60200","60100","60000","59800","59700","59600","59500","10","54","904","6","51","5","137","248","7","77","44","20","31","79","363","111","190","501","1","133","1499","1473","0","0","0","0","0","-60200","5","-100.00","284","0","4","0","0","","0","0","0","","",""
"080026","0000","0","60600","60700","61000","61100","61200","61300","61400","61500","61600","61700","60500","60400","60300","60200","60100","60000","59800","59700","59600","59500","4","54","904","6","51","5","137","248","7","77","44","20","31","79","363","111","190","501","1","133","1493","1473","0","0","0","0","0","-60200","5","-100.00","286","-6","0","0","0","","0","0","0","","",""
"080026","0001","0","60600","60700","60800","60900","61000","61100","61200","61300","61400","61500","60500","60400","60300","60200","60100","60000","59800","59700","59600","59500","4","54","48","17","908","6","52","5","137","248","44","20","31","79","363","111","190","501","1","133","1479","1473","0","0","0","0","0","-60200","5","-100.00","286","5","0","0","0","","0","0","0","","",""
"080027","0000","0","60600","60700","60800","60900","61000","61100","61200","61300","61400","61500","60500","60400","60300","60200","60100","60000","59800","59700","59600","59500","4","59","48","17","908","6","52","5","137","248","44","20","31","79","363","111","190","501","1","133","1484","1473","0","0","0","0","0","-60200","5","-100.00","286","5","0","0","0","","0","0","0","","",""
"080027","0001","0","60600","60700","60800","60900","61000","61100","61200","61300","61400","61500","60500","60400","60300","60200","60100","60000","59800","59700","59600","59500","4","59","48","17","909","6","52","5","137","248","44","20","31","79","363","111","190","501","1","133","1485","1473","0","0","0","0","0","-60200","5","-100.00","286","1","0","0","0","","0","0","0","","",""
"080028","0000","0","60600","60700","60800","60900","61000","61100","61200","61300","61400","61500","60500","60400","60300","60200","60100","60000","59800","59700","59600","59500","4","59","48","17","909","6","52","5","387","248","44","20","31","79","363","111","190","501","1","133","1735","1473","0","0","0","0","0","-60200","5","-100.00","286","250","0","0","0","","0","0","0","","",""
"080028","0001","0","60600","60700","60800","60900","61000","61100","61200","61300","61400","61500","60500","60400","60300","60200","60100","60000","59800","59700","59600","59500","4","59","48","18","910","6","52","5","387","248","44","20","31","79","363","111","190","501","1","133","1737","1473","0","0","0","0","0","-60200","5","-100.00","286","2","0","0","0","","0","0","0","","",""
"080028","0002","0","60600","60700","60800","60900","61000","61100","61200","61300","61400","61500","60500","60400","60300","60200","60100","60000","59800","59700","59600","59500","4","59","48","18","924","6","52","5","387","248","44","20","31","79","363","111","190","501","1","133","1751","1473","0","0","0","0","0","-60200","5","-100.00","286","14","0","0","0","","0","0","0","","",""
"080028","0003","0","60600","60700","60800","60900","61000","61100","61200","61300","61400","61500","60500","60400","60300","60200","60100","60000","59800","59700","59600","59500","8","59","48","18","924","6","52","5","387","248","39","20","31","79","363","111","190","501","1","133","1755","1468","0","0","0","0","0","-60200","5","-100.00","291","4","-5","0","0","","0","0","0","","",""
"080028","0004","0","60600","60700","60800","60900","61000","61100","61200","61300","61400","61500","60500","60400","60300","60200","60100","60000","59800","59700","59600","59500","8","59","49","18","924","6","52","5","387","248","39","20","31","79","363","111","190","501","1","142","1756","1477","0","0","0","0","0","-60200","5","-100.00","291","1","0","0","0","","0","0","0","","",""
"080029","0000","0","60600","60700","60800","60900","61000","61100","61200","61300","61400","61500","60500","60400","60300","60200","60100","60000","59800","59700","59600","59500","8","59","49","18","954","6","52","5","387","248","39","20","31","79","363","111","190","501","1","142","1786","1477","0","0","0","0","0","-60200","5","-100.00","291","30","0","0","0","","0","0","0","","",""
"080029","0001","0","60600","60700","60800","60900","61000","61100","61200","61300","61400","61500","60500","60400","60300","60200","60100","60000","59800","59700","59600","59500","28","59","49","69","954","6","52","5","387","248","39","20","31","79","363","111","190","501","1","142","1857","1477","0","0","0","0","0","-60200","5","-100.00","294","51","0","0","0","","0","0","0","","",""
"080030","0000","0","60600","60700","60800","60900","61000","61100","61200","61300","61400","61500","60500","60400","60300","60200","60100","60000","59800","59700","59600","59500","28","59","49","268","954","6","52","5","387","248","39","20","31","79","363","111","190","501","1","142","2056","1477","0","0","0","0","0","-60200","5","-100.00","294","199","0","0","0","","0","0","0","","",""
"080030","0001","0","60600","60700","60800","60900","61000","61100","61200","61300","61400","61500","60500","60400","60300","60200","60100","60000","59800","59700","59600","59500","28","59","1","268","954","6","52","5","387","248","39","20","31","79","363","111","190","501","1","142","2008","1477","0","0","0","0","0","-60200","5","-100.00","294","-48","0","0","0","","0","0","0","","",""
"080030","0002","0","60600","60700","60800","60900","61000","61100","61200","61300","61400","61500","60500","60400","60300","60200","60100","60000","59800","59700","59600","59500","23","59","1","268","954","6","52","5","387","248","39","20","31","79","363","111","190","501","1","142","2003","1477","0","0","0","0","0","-60200","5","-100.00","297","-5","0","0","0","","0","0","0","","",""
"080030","0003","0","60600","60700","60800","60900","61000","61100","61200","61300","61400","61500","60500","60400","60300","60200","60100","60000","59800","59700","59600","59500","24","59","1","268","954","6","52","5","387","248","39","20","31","79","363","111","190","501","1","142","2004","1477","0","0","0","0","0","-60200","5","-100.00","297","1","0","0","0","","0","0","0","","",""
"080030","0004","0","60600","60700","60800","60900","61000","61100","61200","61300","61400","61500","60500","60400","60300","60200","60100","60000","59800","59700","59600","59500","24","59","1","268","954","6","52","5","387","248","39","20","31","79","363","111","190","501","1","142","2004","1477","0","0","0","0","0","-60200","5","-100.00","297","0","0","0","0","","0","0","0","","",""
"080031","0000","0","60600","60700","60800","60900","61000","61100","61200","61300","61400","61500","60500","60400","60300","60200","60100","60000","59800","59700","59600","59500","24","59","1","268","964","6","52","5","387","248","39","20","31","79","363","111","190","501","1","142","2014","1477","0","0","0","0","0","-60200","5","-100.00","297","10","0","0","0","","0","0","0","","",""
"080031","0001","0","60600","60700","60800","60900","61000","61100","61200","61300","61400","61500","60500","60400","60300","60200","60100","60000","59800","59700","59600","59500","24","59","1","268","964","6","52","5","387","248","39","20","31","79","363","125","190","501","1","142","2014","1491","0","0","0","0","0","-60200","5","-100.00","297","0","14","0","0","","0","0","0","","",""
"080031","0002","0","60600","60700","60800","60900","61000","61100","61200","61300","61400","61500","60500","60400","60300","60200","60100","60000","59800","59700","59600","59500","19","59","1","268","964","6","52","5","387","248","39","20","31","79","363","125","190","501","1","142","2009","1491","0","0","0","0","0","-60200","5","-100.00","302","-5","0","0","0","","0","0","0","","",""
"080032","0000","0","60600","60700","60800","60900","61000","61100","61200","61300","61400","61500","60500","60400","60300","60200","60100","60000","59800","59700","59600","59500","19","59","1","269","964","6","52","5","387","248","39","20","31","79","363","125","190","501","1","142","2010","1491","0","0","0","0","0","-60200","5","-100.00","302","1","0","0","0","","0","0","0","","",""
"080032","0001","0","60600","60700","60800","60900","61000","61100","61200","61300","61400","61500","60500","60400","60300","60200","60100","60000","59800","59700","59600","59500","19","59","1","269","964","6","52","5","395","248","39","20","31","79","363","125","190","501","1","142","2018","1491","0","0","0","0","0","-60200","5","-100.00","302","8","0","0","0","","0","0","0","","",""
"080032","0002","0","60600","60700","60800","60900","61000","61100","61200","61300","61400","61500","60500","60400","60300","60200","60100","60000","59800","59700","59600","59500","19","59","1","294","964","6","52","5","395","248","39","20","31","79","363","125","190","501","1","142","2043","1491","0","0","0","0","0","-60200","5","-100.00","302","25","0","0","0","","0","0","0","","",""
"080033","0000","0","60600","60700","60800","60900","61000","61100","61200","61300","61400","61500","60500","60400","60300","60200","60100","60000","59800","59700","59600","59500","47","59","1","294","964","6","52","5","395","248","39","20","31","79","363","125","190","501","72","142","2071","1562","0","0","0","0","0","-60200","5","-100.00","302","28","71","0","0","","0","0","0","","",""
"080033","0001","0","60600","60700","60800","60900","61000","61100","61200","61300","61400","61500","60500","60400","60300","60200","60100","60000","59800","59700","59600","59500","51","59","1","294","964","6","52","5","395","248","39","20","31","79","363","125","190","501","72","142","2075","1562","0","0","0","0","0","-60200","5","-100.00","302","4","0","0","0","","0","0","0","","",""
"080033","0002","0","60600","60700","60800","60900","61000","61100","61200","61300","61400","61500","60500","60400","60300","60200","60100","60000","59800","59700","59600","59500","14","59","1","294","964","6","52","5","395","248","39","20","31","79","363","125","190","501","72","142","2038","1562","0","0","0","0","0","-60200","5","-100.00","332","-37","0","0","0","","0","0","0","","",""
"080035","0000","0","60600","60700","60800","60900","61000","61100","61200","61300","61400","61500","60500","60400","60300","60200","60100","60000","59800","59700","59600","59500","14","63","1","294","964","6","52","5","395","248","39","20","31","79","363","125","190","501","72","142","2042","1562","0","0","0","0","0","-60200","5","-100.00","332","4","0","0","0","","0","0","0","","",""
"080035","0001","0","60600","60700","60800","60900","61000","61100","61200","61300","61400","61500","60500","60400","60300","60200","60100","60000","59800","59700","59600","59500","26","63","1","294","964","6","52","5","395","248","39","20","31","79","363","125","190","501","72","142","2054","1562","0","0","0","0","0","-60200","5","-100.00","332","12","0","0","0","","0","0","0","","",""
"080035","0002","0","60600","60700","60800","60900","61000","61100","61200","61300","61400","61500","60500","60400","60300","60200","60100","60000","59800","59700","59600","59500","26","63","1","294","964","6","57","5","426","248","39","20","31","79","363","125","190","501","72","142","2090","1562","0","0","0","0","0","-60200","5","-100.00","332","36","0","0","0","","0","0","0","","",""
"080036","0000","0","60600","60700","60800","60900","61000","61100","61200","61300","61400","61500","60500","60400","60300","60200","60100","60000","59800","59700","59600","59500","26","63","1","269","964","6","57","5","426","248","39","20","31","79","363","125","190","501","72","142","2065","1562","0","0","0","0","0","-60200","5","-100.00","332","-25","0","0","0","","0","0","0","","",""
"080036","0001","0","60600","60700","60800","60900","61000","61100","61200","61300","61400","61500","60500","60400","60300","60200","60100","60000","59800","59700","59600","59500","6","63","1","269","964","6","57","5","426","248","39","20","31","79","363","125","190","501","72","142","2045","1562","0","0","0","0","0","-60200","5","-100.00","345","-20","0","0","0","","0","0","0","","",""
"080036","0002","0","60600","60700","60800","60900","61000","61100","61200","61300","61400","61500","60500","60400","60300","60200","60100","60000","59800","59700","59600","59500","8","67","1","269","964","6","57","5","426","278","39","20","31","79","363","125","190","501","72","142","2081","1562","0","0","0","0","0","-60200","5","-100.00","383","36","0","0","0","","0","0","0","","",""
"080037","0000","0","60600","60700","60800","60900","61000","61100","61200","61300","61400","61500","60500","60400","60300","60200","60100","60000","59800","59700","59600","59500","8","17","1","269","1014","6","57","5","426","278","39","20","31","79","363","125","190","501","72","142","2081","1562","0","0","0","0","0","-60200","5","-100.00","383","0","0","0","0","","0","0","0","","",""
"080037","0001","0","60600","60700","60800","60900","61000","61100","61200","61300","61400","61500","60500","60400","60300","60200","60100","60000","59800","59700","59600","59500","9","17","1","270","1014","6","57","5","426","278","39","20","31","79","363","125","190","501","72","142","2083","1562","0","0","0","0","0","-60200","5","-100.00","383","2","0","0","0","","0","0","0","","",""
"080037","0002","0","60600","60700","60800","60900","61000","61100","61200","61300","61400","61500","60500","60400","60300","60200","60100","60000","59800","59700","59600","59500","9","17","1","270","1014","6","57","5","426","278","39","20","31","79","363","125","200","501","72","142","2083","1572","0","0","0","0","0","-60200","5","-100.00","388","0","10","0","0","","0","0","0","","",""
"080038","0000","0","60600","60700","60800","60900","61000","61100","61200","61300","61400","61500","60500","60400","60300","60200","60100","60000","59800","59700","59600","59500","9","20","1","270","1014","6","57","5","426","278","39","20","31","79","363","125","200","501","72","142","2086","1572","0","0","0","0","0","-60200","5","-100.00","388","3","0","0","0","","0","0","0","","",""
"080038","0001","0","60900","61000","61100","61200","61300","61400","61500","61600","61700","61800","60500","60400","60300","60200","60100","60000","59800","59700","59600","59500","226","1034","6","57","5","426","278","7","482","59","29","20","31","79","363","125","200","501","72","142","2580","1562","0","0","0","0","0","-60200","5","-100.00","480","494","-10","0","0","","0","0","0","","",""
"080039","0000","0","60900","61000","61100","61200","61300","61400","61500","61600","61700","61800","60500","60400","60300","60200","60100","60000","59800","59700","59600","59500","226","1034","6","57","5","426","278","7","482","59","29","20","31","79","363","125","200","501","73","142","2580","1563","0","0","0","0","0","-60200","5","-100.00","480","0","1","0","0","","0","0","0","","",""
"080039","0001","0","60900","61000","61100","61200","61300","61400","61500","61600","61700","61800","60500","60400","60300","60200","60100","60000","59800","59700","59600","59500","226","1034","6","57","55","426","278","7","482","59","29","20","31","79","363","125","200","501","73","142","2630","1563","0","0","0","0","0","-60200","5","-100.00","480","50","0","0","0","","0","0","0","","",""
"080039","0002","0","60800","60900","61000","61100","61200","61300","61400","61500","61600","61700","60600","60500","60400","60300","60200","60100","60000","59800","59700","59600","8","226","1034","6","57","55","426","278","7","482","2","29","20","31","79","363","125","200","501","73","2579","1423","0","0","0","0","0","-60200","5","-100.00","486","-51","-140","0","0","","0","0","0","","",""
"080040","0000","0","60800","60900","61000","61100","61200","61300","61400","61500","61600","61700","60500","60400","60300","60200","60100","60000","59800","59700","59600","59500","8","226","1034","6","57","55","426","278","7","482","29","20","31","79","363","125","200","501","73","142","2579","1563","0","0","0","0","0","-60200","5","-100.00","508","0","140","0","0","","0","0","0","","",""
"080041","0000","0","60800","60900","61000","61100","61200","61300","61400","61500","61600","61700","60500","60400","60300","60200","60100","60000","59800","59700","59600","59500","8","226","1034","6","57","55","426","278","7","482","29","20","31","79","363","133","200","501","73","142","2579","1571","0","0","0","0","0","-60200","5","-100.00","508","0","8","0","0","","0","0","0","","",""
"080041","0001","0","60900","61000","61100","61200","61300","61400","61500","61600","61700","61800","60500","60400","60300","60200","60100","60000","59800","59700","59600","59500","218","1034","6","57","55","426","278","7","482","59","29","20","31","79","363","133","200","501","73","142","2622","1571","0","0","0","0","0","-60200","5","-100.00","508","43","0","0","0","","0","0","0","","",""
"080041","0002","0","60800","60900","61000","61100","61200","61300","61400","61500","61600","61700","60500","60400","60300","60200","60100","60000","59800","59700","59600","59500","25","218","1034","6","57","55","426","278","7","482","29","20","31","79","363","133","200","501","73","142","2588","1571","0","0","0","0","0","-60200","5","-100.00","508","-34","0","0","0","","0","0","0","","",""
"080042","0000","0","60800","60900","61000","61100","61200","61300","61400","61500","61600","61700","60500","60400","60300","60200","60100","60000","59800","59700","59600","59500","25","418","1034","6","57","55","426","278","7","482","24","20","31","79","363","133","200","501","73","142","2788","1566","0","0","0","0","0","-60200","5","-100.00","513","200","0","0","0","","0","0","0","","",""
"080042","0001","0","60800","60900","61000","61100","61200","61300","61400","61500","61600","61700","60500","60400","60300","60200","60100","60000","59800","59700","59600","59500","35","418","1034","6","57","55","426","278","7","482","24","20","31","79","363","133","200","501","73","142","2798","1566","0","0","0","0","0","-60200","5","-100.00","513","10","0","0","0","","0","0","0","","",""
"080043","0000","0","60600","60800","60900","61000","61100","61200","61300","61400","61500","61600","60500","60400","60300","60200","60100","60000","59800","59700","59600","59500","200","35","418","1034","6","57","55","426","278","7","24","20","31","79","363","133","200","501","73","142","2516","1566","0","0","0","0","0","-60200","5","-100.00","513","-282","0","0","0","","0","0","0","","",""
"080043","0001","0","60600","60800","60900","61000","61100","61200","61300","61400","61500","61600","60500","60400","60300","60200","60100","60000","59800","59700","59600","59500","200","35","418","1039","6","57","55","426","278","7","24","20","31","79","363","133","200","501","73","142","2521","1566","0","0","0","0","0","-60200","5","-100.00","513","5","0","0","0","","0","0","0","","",""
"080043","0002","0","60600","60800","60900","61000","61100","61200","61300","61400","61500","61600","60500","60400","60300","60200","60100","60000","59800","59700","59600","59500","200","35","449","1039","6","57","55","426","278","7","24","20","31","79","363","133","200","501","73","142","2552","1566","0","0","0","0","0","-60200","5","-100.00","513","31","0","0","0","","0","0","0","","",""
"080044","0000","0","60600","60800","60900","61000","61100","61200","61300","61400","61500","61600","60500","60400","60300","60200","60100","60000","59800","59700","59600","59500","200","35","449","1039","6","57","55","426","278","7","24","20","131","79","363","133","200","501","73","142","2552","1666","0","0","0","0","0","-60200","5","-100.00","513","0","100","0","0","","0","0","0","","",""
"080044","0001","0","60600","60800","60900","61000","61100","61200","61300","61400","61500","61600","60500","60400","60300","60200","60100","60000","59800","59700","59600","59500","200","35","449","1039","6","57","55","426","278","7","27","20","171","79","363","133","200","501","73","142","2552","1709","0","0","0","0","0","-60200","5","-100.00","513","0","43","0","0","","0","0","0","","",""
"080044","0002","0","60600","60800","60900","61000","61100","61200","61300","61400","61500","61600","60500","60400","60300","60200","60100","60000","59800","59700","59600","59500","200","35","449","1039","7","57","55","426","278","7","1","20","171","79","363","133","200","501","73","142","2553","1683","0","0","0","0","0","-60200","5","-100.00","539","1","-26","0","0","","0","0","0","","",""
"080045","0000","0","60600","60800","60900","61000","61100","61200","61300","61400","61500","61600","60500","60400","60300","60200","60100","60000","59800","59700","59600","59500","200","35","449","1039","7","57","55","426","278","7","4","20","171","79","363","133","200","501","73","142","2553","1686","0","0","0","0","0","-60200","5","-100.00","546","0","3","0","0","","0","0","0","","",""
"080045","0001","0","60600","60800","60900","61000","61100","61200","61300","61400","61500","61600","60500","60400","60300","60200","60100","60000","59800","59700","59600","59500","200","35","449","1039","7","118","55","426","278","7","4","20","171","79","363","133","200","701","73","142","2614","1886","0","0","0","0","0","-60200","5","-100.00","546","61","0","0","0","","0","0","0","","",""
"080045","0002","0","60600","60800","60900","61000","61100","61200","61300","61400","61500","61600","60500","60400","60300","60200","60100","60000","59800","59700","59600","59500","170","35","449","1039","7","118","55","426","278","7","4","20","171","79","363","133","200","701","73","142","2584","1886","0","0","0","0","0","-60200","5","-100.00","576","-30","0","0","0","","0","0","0","","",""
"080045","0003","0","60600","60800","60900","61000","61100","61200","61300","61400","61500","61600","60500","60400","60300","60200","60100","60000","59800","59700","59600","59500","170","35","449","1039","7","118","55","426","278","37","4","20","171","79","363","133","200","701","73","143","2614","1887","0","0","0","0","0","-60200","5","-100.00","576","30","1","0","0","","0","0","0","","",""
"080046","0000","0","60600","60800","60900","61000","61100","61200","61300","61400","61500","61600","60500","60400","60300","60200","60100","60000","59800","59700","59600","59500","170","35","449","1039","10","118","55","426","278","37","4","20","171","79","363","133","200","701","73","143","2617","1887","0","0","0","0","0","-60200","5","-100.00","576","3","0","0","0","","0","0","0","","",""
"080046","0001","0","60600","60800","60900","61000","61100","61200","61300","61400","61500","61600","60500","60400","60300","60200","60100","60000","59800","59700","59600","59500","170","35","449","1039","10","118","55","426","278","40","4","20","171","79","363","133","200","701","73","143","2620","1887","0","0","0","0","0","-60200","5","-100.00","576","3","0","0","0","","0","0","0","","",""
"080046","0002","0","60600","60800","60900","61000","61100","61200","61300","61400","61500","61600","60500","60400","60300","60200","60100","60000","59800","59700","59600","59500","160","35","449","1039","10","118","55","426","278","40","4","20","171","79","363","133","200","701","73","143","2610","1887","0","0","0","0","0","-60200","5","-100.00","586","-10","0","0","0","","0","0","0","","",""
"080046","0003","0","60600","60800","60900","61000","61100","61200","61300","61400","61500","61600","60500","60400","60300","60200","60100","60000","59800","59700","59600","59500","77","35","449","1039","10","118","55","426","278","40","4","20","171","79","363","133","200","701","73","143","2527","1887","0","0","0","0","0","-60200","5","-100.00","669","-83","0","0","0","","0","0","0","","",""
"080047","0000","0","60600","60800","60900","61000","61100","61200","61300","61400","61500","61600","60500","60400","60300","60200","60100","60000","59800","59700","59600","59500","71","35","449","1039","10","118","55","426","278","40","4","20","171","79","363","133","200","701","73","143","2521","1887","0","0","0","0","0","-60200","5","-100.00","675","-6","0","0","0","","0","0","0","","",""
"080048","0000","0","60600","60800","60900","61000","61100","61200","61300","61400","61500","61600","60500","60400","60300","60200","60100","60000","59800","59700","59600","59500","71","35","449","1039","10","118","55","426","278","40","4","20","191","79","363","133","200","701","73","143","2521","1907","0","0","0","0","0","-60200","5","-100.00","675","0","20","0","0","","0","0","0","","",""
"080048","0001","0","60600","60800","60900","61000","61100","61200","61300","61400","61500","61600","60500","60400","60300","60200","60100","60000","59800","59700","59600","59500","121","35","449","1039","10","118","55","426","278","40","4","20","191","79","363","133","200","701","73","143","2571","1907","0","0","0","0","0","-60200","5","-100.00","675","50","0","0","0","","0","0","0","","",""
"080048","0002","0","60600","60800","60900","61000","61100","61200","61300","61400","61500","61600","60500","60400","60300","60200","60100","60000","59800","59700","59600","59500","110","35","449","1039","10","118","55","426","278","40","4","20","191","79","363","133","200","701","73","143","2560","1907","0","0","0","0","0","-60200","5","-100.00","691","-11","0","0","0","","0","0","0","","",""
"080049","0000","0","60600","60800","60900","61000","61100","61200","61300","61400","61500","61600","60500","60400","60300","60200","60100","60000","59800","59700","59600","59500","90","35","449","1039","10","118","55","426","278","40","4","20","191","79","363","133","200","701","73","143","2540","1907","0","0","0","0","0","-60200","5","-100.00","711","-20","0","0","0","","0","0","0","","",""
"080049","0001","0","60600","60800","60900","61000","61100","61200","61300","61400","61500","61600","60500","60400","60300","60200","60100","60000","59800","59700","59600","59500","90","35","449","1039","210","118","55","426","278","40","4","20","191","79","363","133","200","701","73","143","2740","1907","0","0","0","0","0","-60200","5","-100.00","711","200","0","0","0","","0","0","0","","",""
"080049","0002","0","60600","60800","60900","61000","61100","61200","61300","61400","61500","61600","60500","60400","60300","60200","60100","60000","59800","59700","59600","59500","90","35","449","1039","210","118","55","426","278","40","20","20","191","79","363","133","200","701","73","143","2740","1923","0","0","0","0","0","-60200","5","-100.00","711","0","16","0","0","","0","0","0","","",""
"080049","0003","0","60800","60900","61000","61100","61200","61300","61400","61500","61600","61700","60500","60400","60300","60200","60100","60000","59800","59700","59600","59500","25","459","1039","210","118","55","426","278","40","497","30","10","191","79","363","133","200","701","73","143","3147","1923","0","0","0","0","0","-60200","5","-100.00","811","407","0","0","0","","0","0","0","","",""
"080049","0004","0","60700","60800","60900","61000","61100","61200","61300","61400","61500","61600","60500","60400","60300","60200","60100","60000","59800","59700","59600","59500","7","42","459","1039","210","118","55","426","278","40","30","10","191","79","393","133","200","701","73","143","2674","1953","0","0","0","0","0","-60200","5","-100.00","811","-473","30","0","0","","0","0","0","","",""
"080050","0000","0","60700","60800","60900","61000","61100","61200","61300","61400","61500","61600","60600","60500","60400","60300","60200","60100","60000","59800","59700","59600","7","42","459","1039","210","118","55","426","278","40","11","30","10","191","79","393","133","200","701","73","2674","1821","0","0","0","0","0","-60200","5","-100.00","811","0","-132","0","0","","0","0","0","","",""
"080050","0001","0","60700","60800","60900","61000","61100","61200","61300","61400","61500","61600","60600","60500","60400","60300","60200","60100","60000","59800","59700","59600","7","42","459","1039","210","118","55","426","278","40","11","81","10","191","79","393","133","200","701","73","2674","1872","0","0","0","0","0","-60200","5","-100.00","811","0","50","0","0","","0","0","0","","",""
"080050","0002","0","60700","60800","60900","61000","61100","61200","61300","61400","61500","61600","60600","60500","60400","60300","60200","60100","60000","59800","59700","59600","7","42","459","1041","210","118","55","426","278","40","11","81","10","191","79","393","133","200","701","73","2676","1872","0","0","0","0","0","-60200","5","-100.00","811","2","0","0","0","","0","0","0","","",""
"080051","0000","0","60700","60800","60900","61000","61100","61200","61300","61400","61500","61600","60600","60500","60400","60300","60200","60100","60000","59800","59700","59600","7","42","473","1041","210","118","105","426","278","40","11","81","10","191","79","393","133","200","701","73","2740","1872","0","0","0","0","0","-60200","5","-100.00","811","64","0","0","0","","0","0","0","","",""
"080051","0001","0","60700","60800","60900","61000","61100","61200","61300","61400","61500","61600","60600","60500","60400","60300","60200","60100","60000","59800","59700","59600","7","42","473","1041","210","118","105","426","278","40","76","81","10","191","79","393","133","200","701","73","2740","1937","0","0","0","0","0","-60200","5","-100.00","811","0","65","0","0","","0","0","0","","",""
"080052","0000","0","60700","60800","60900","61000","61100","61200","61300","61400","61500","61600","60600","60500","60400","60300","60200","60100","60000","59800","59700","59600","7","45","473","1041","210","118","105","426","278","40","46","81","10","191","79","393","133","200","701","73","2743","1907","0","0","0","0","0","-60200","5","-100.00","841","3","-30","0","0","","0","0","0","","",""
"080052","0001","0","60700","60800","60900","61000","61100","61200","61300","61400","61500","61600","60600","60500","60400","60300","60200","60100","60000","59800","59700","59600","7","45","473","1041","210","118","105","426","293","40","46","81","10","191","79","393","133","200","701","73","2758","1907","0","0","0","0","0","-60200","5","-100.00","841","15","0","0","0","","0","0","0","","",""
"080053","0000","0","60700","60800","60900","61000","61100","61200","61300","61400","61500","61600","60600","60500","60400","60300","60200","60100","60000","59800","59700","59600","7","45","473","1041","210","118","105","426","293","40","48","81","10","191","79","393","133","200","701","73","2758","1909","0","0","0","0","0","-60200","5","-100.00","841","0","2","0","0","","0","0","0","","",""
"080053","0001","0","60700","60800","60900","61000","61100","61200","61300","61400","61500","61600","60600","60500","60400","60300","60200","60100","60000","59800","59700","59600","7","45","473","1041","210","118","105","426","293","40","48","81","10","191","99","393","133","200","701","73","2758","1929","0","0","0","0","0","-60200","5","-100.00","841","0","20","0","0","","0","0","0","","",""
"080053","0002","0","60700","60800","60900","61000","61100","61200","61300","61400","61500","61600","60600","60500","60400","60300","60200","60100","60000","59800","59700","59600","7","45","473","1041","210","118","125","426","293","40","48","81","10","191","99","393","133","200","701","73","2778","1929","0","0","0","0","0","-60200","5","-100.00","841","20","0","0","0","","0","0","0","","",""
"080053","0003","0","60700","60800","60900","61000","61100","61200","61300","61400","61500","61600","60600","60500","60400","60300","60200","60100","60000","59800","59700","59600","7","55","473","1041","210","118","125","426","293","40","48","81","10","191","99","393","133","200","701","73","2788","1929","0","0","0","0","0","-60200","5","-100.00","841","10","0","0","0","","0","0","0","","",""
"080054","0000","0","60700","60800","60900","61000","61100","61200","61300","61400","61500","61600","60600","60500","60400","60300","60200","60100","60000","59800","59700","59600","7","55","473","1041","210","118","125","427","293","42","48","81","10","191","99","393","133","200","701","73","2791","1929","0","0","0","0","0","-60200","5","-100.00","841","3","0","0","0","","0","0","0","","",""
"080054","0001","0","60700","60800","60900","61000","61100","61200","61300","61400","61500","61600","60600","60500","60400","60300","60200","60100","60000","59800","59700","59600","7","55","473","1041","210","118","125","427","293","42","48","81","10","191","119","393","133","200","701","73","2791","1949","0","0","0","0","0","-60200","5","-100.00","841","0","20","0","0","","0","0","0","","",""
"080055","0000","0","60700","60800","60900","61000","61100","61200","61300","61400","61500","61600","60600","60500","60400","60300","60200","60100","60000","59800","59700","59600","7","55","473","1041","210","118","125","427","293","42","48","81","10","191","119","393","133","210","701","73","2791","1959","0","0","0","0","0","-60200","5","-100.00","841","0","10","0","0","","0","0","0","","",""
"080055","0001","0","60700","60800","60900","61000","61100","61200","61300","61400","61500","61600","60600","60500","60400","60300","60200","60100","60000","59800","59700","59600","7","56","473","1041","210","1118","125","427","293","42","38","81","10","191","119","393","133","210","701","73","3792","1949","0","0","0","0","0","-60200","5","-100.00","851","1000","-10","0","0","","0","0","0","","",""
"080056","0000","0","60700","60800","60900","61000","61100","61200","61300","61400","61500","61600","60600","60500","60400","60300","60200","60100","60000","59800","59700","59600","8","56","473","1041","210","1118","125","427","293","42","48","71","10","191","119","393","133","210","701","73","3793","1949","0","0","0","0","0","-60200","5","-100.00","851","1","0","0","0","","0","0","0","","",""
"080056","0001","0","60700","60800","60900","61000","61100","61200","61300","61400","61500","61600","60600","60500","60400","60300","60200","60100","60000","59800","59700","59600","11","56","473","1041","210","1118","125","427","293","42","48","71","10","191","119","393","133","210","701","73","3796","1949","0","0","0","0","0","-60200","5","-100.00","851","3","0","0","0","","0","0","0","","",""
"080058","0000","0","60700","60800","60900","61000","61100","61200","61300","61400","61500","61600","60600","60500","60400","60300","60200","60100","60000","59800","59700","59600","11","56","473","1041","210","1118","125","427","293","42","274","72","10","191","119","393","133","210","701","73","3796","2176","0","0","0","0","0","-60200","5","-100.00","851","0","227","0","0","","0","0","0","","",""
"080058","0001","0","60700","60800","60900","61000","61100","61200","61300","61400","61500","61600","60500","60400","60300","60200","60100","60000","59800","59700","59600","59500","34","49","473","1041","210","1118","125","427","293","42","72","10","191","119","393","133","210","701","73","143","3812","2045","0","0","0","0","0","-60200","5","-100.00","1125","16","-131","0","0","","0","0","0","","",""
"080059","0000","0","60700","60800","60900","61000","61100","61200","61300","61400","61500","61600","60500","60400","60300","60200","60100","60000","59800","59700","59600","59500","39","49","473","1041","210","1118","125","427","293","42","72","10","191","119","393","133","210","701","73","143","3817","2045","0","0","0","0","0","-60200","5","-100.00","1125","5","0","0","0","","0","0","0","","",""
"080059","0001","0","60600","60700","60800","60900","61000","61100","61200","61300","61400","61500","60500","60400","60300","60200","60100","60000","59800","59700","59600","59500","1","40","49","473","1041","210","1118","125","427","293","72","10","191","119","393","133","210","701","73","143","3777","2045","0","0","0","0","0","-60200","5","-100.00","1125","-40","0","0","0","","0","0","0","","",""
"080059","0002","0","60600","60700","60800","60900","61000","61100","61200","61300","61400","61500","60500","60400","60300","60200","60100","60000","59800","59700","59600","59500","1","40","51","473","1041","210","1118","125","427","293","72","10","191","119","393","133","210","701","73","143","3779","2045","0","0","0","0","0","-60200","5","-100.00","1125","2","0","0","0","","0","0","0","","",""
"080059","0003","0","60700","60800","60900","61000","61100","61200","61300","61400","61500","61600","60500","60400","60300","60200","60100","60000","59800","59700","59600","59500","40","51","473","1041","210","1118","125","427","293","42","72","10","191","119","393","133","210","701","73","143","3820","2045","0","0","0","0","0","-60200","5","-100.00","1133","41","0","0","0","","0","0","0","","",""
"080100","0000","0","60600","60700","60800","60900","61000","61100","61200","61300","61400","61500","60300","60200","60100","60000","59800","59700","59600","59500","59400","59300","8","49","51","473","1041","210","1118","125","427","293","57","119","393","133","210","701","73","143","534","370","3795","2733","0","0","0","0","0","-60200","5","-100.00","1533","-25","688","0","0","","0","0","0","","",""
"080100","0001","0","60600","60700","60800","60900","61000","61100","61200","61300","61400","61500","60300","60200","60100","60000","59800","59700","59600","59500","59400","59300","29","96","51","473","1041","210","1118","125","427","293","57","119","393","133","210","701","73","143","534","370","3863","2733","0","0","0","0","0","-60200","5","-100.00","1607","-13","0","0","0","","0","0","0","","",""
"080101","0000","0","60600","60700","60800","60900","61000","61100","61200","61300","61400","61500","60300","60200","60100","60000","59800","59700","59600","59500","59400","59300","29","96","51","473","1041","210","1118","125","427","293","57","148","393","133","210","701","73","143","534","370","3863","2762","0","0","0","0","0","-60200","5","-100.00","1607","0","29","0","0","","0","0","0","","",""
"080101","0001","0","60600","60700","60800","60900","61000","61100","61200","61300","61400","61500","60300","60200","60100","60000","59800","59700","59600","59500","59400","59300","29","96","76","473","1041","210","1118","125","427","293","57","148","393","133","210","701","73","143","534","370","3888","2762","0","0","0","0","0","-60200","5","-100.00","1607","25","0","0","0","","0","0","0","","",""
"080102","0000","0","60600","60700","60800","60900","61000","61100","61200","61300","61400","61500","60200","60100","60000","59800","59700","59600","59500","59400","59300","59200","29","24","76","473","1041","210","1118","125","427","293","148","393","133","210","701","73","143","534","370","363","3816","3068","0","0","0","0","0","-60200","5","-100.00","1657","-72","306","0","0","","0","0","0","","",""
"080102","0001","0","60600","60700","60800","60900","61000","61100","61200","61300","61400","61500","60400","60200","60100","60000","59800","59700","59600","59500","59400","59300","67","24","76","473","1041","210","1118","125","427","293","5","148","393","133","210","701","73","143","534","370","3854","2710","0","0","0","0","0","-60200","5","-100.00","1657","38","-358","0","0","","0","0","0","","",""
"080103","0000","0","60600","60700","60800","60900","61000","61100","61200","61300","61400","61500","60400","60200","60100","60000","59800","59700","59600","59500","59400","59300","17","24","76","473","1041","210","1118","125","427","293","5","148","393","133","210","701","73","143","534","370","3804","2710","0","0","0","0","0","-60200","5","-100.00","1707","-50","0","0","0","","0","0","0","","",""
"080103","0001","0","60600","60700","60800","60900","61000","61100","61200","61300","61400","61500","60400","60200","60100","60000","59800","59700","59600","59500","59400","59300","9","24","76","473","1041","210","1118","125","427","293","5","148","393","133","210","701","73","143","534","370","3796","2710","0","0","0","0","0","-60200","5","-100.00","1710","-8","0","0","0","","0","0","0","","",""
"080104","0000","0","60600","60700","60800","60900","61000","61100","61200","61300","61400","61500","60400","60200","60100","60000","59800","59700","59600","59500","59400","59300","34","24","76","473","1041","210","1118","125","427","293","5","148","393","133","210","701","73","143","534","370","3821","2710","0","0","0","0","0","-60200","5","-100.00","1711","25","0","0","0","","0","0","0","","",""
"080106","0000","0","60500","60600","60700","60800","60900","61000","61100","61200","61300","61400","60400","60300","60200","60100","60000","59800","59700","59600","59500","59400","9","34","24","76","473","1041","210","1118","125","427","5","10","148","393","133","210","701","73","143","534","3537","2350","0","0","0","0","0","-60200","5","-100.00","1761","0","-360","0","0","","0","0","0","","",""
"080107","0000","0","60500","60600","60700","60800","60900","61000","61100","61200","61300","61400","60400","60300","60200","60100","60000","59800","59700","59600","59500","59400","9","34","24","76","473","1041","210","1118","125","427","15","43","148","393","133","210","701","73","163","534","3537","2413","0","0","0","0","0","-60200","5","-100.00","1761","0","63","0","0","","0","0","0","","",""
"080107","0001","0","60800","60900","61000","61100","61200","61300","61400","61500","61600","61700","60400","60300","60200","60100","60000","59800","59700","59600","59500","59400","55","473","1041","210","1118","125","427","296","52","498","15","43","148","393","133","210","701","73","163","534","4295","2413","0","0","0","0","0","-60200","5","-100.00","1849","758","0","0","0","","0","0","0","","",""
"080108","0000","0","60700","60800","60900","61000","61100","61200","61300","61400","61500","61600","60500","60400","60300","60200","60100","60000","59800","59700","59600","59500","9","77","473","1041","210","1118","125","427","296","70","4","15","43","148","393","133","210","701","73","163","3846","1883","0","0","0","0","0","-60200","5","-100.00","1878","-449","-530","0","0","","0","0","0","","",""
"080108","0001","0","60700","60800","60900","61000","61100","61200","61300","61400","61500","61600","60500","60400","60300","60200","60100","60000","59800","59700","59600","59500","9","97","473","1041","210","1118","125","427","296","70","4","15","43","148","393","133","210","701","73","163","3866","1883","0","0","0","0","0","-60200","5","-100.00","1879","0","0","0","0","","0","0","0","","",""
"080109","0000","0","60600","60700","60800","60900","61000","61100","61200","61300","61400","61500","60500","60400","60300","60200","60100","60000","59800","59700","59600","59500","9","89","75","473","1041","210","1118","125","427","296","4","15","43","148","393","133","210","701","73","163","3863","1883","0","0","0","0","0","-60200","5","-100.00","1879","-3","0","0","0","","0","0","0","","",""
"080110","0000","0","60600","60700","60800","60900","61000","61100","61200","61300","61400","61500","60500","60400","60300","60200","60100","60000","59800","59700","59600","59500","21","89","75","473","1061","210","1118","125","427","297","4","15","43","148","393","133","210","701","73","163","3896","1883","0","0","0","0","0","-60200","5","-100.00","1880","21","0","0","0","","0","0","0","","",""
"080110","0001","0","60600","60700","60800","60900","61000","61100","61200","61300","61400","61500","60500","60400","60300","60200","60100","60000","59800","59700","59600","59500","21","90","75","473","1061","210","1118","125","427","297","4","15","43","148","393","133","210","701","73","163","3897","1883","0","0","0","0","0","-60200","5","-100.00","1880","1","0","0","0","","0","0","0","","",""
"080111","0000","0","60600","60700","60800","60900","61000","61100","61200","61300","61400","61500","60500","60400","60300","60200","60100","60000","59800","59700","59600","59500","21","90","125","473","1061","210","1118","125","427","297","4","15","43","148","393","133","210","701","73","163","3947","1883","0","0","0","0","0","-60200","5","-100.00","1880","50","0","0","0","","0","0","0","","",""
"080112","0000","0","60600","60700","60800","60900","61000","61100","61200","61300","61400","61500","60500","60400","60300","60200","60100","60000","59800","59700","59600","59500","21","190","207","473","1061","210","1118","125","427","297","4","15","43","148","393","133","210","701","73","163","4129","1883","0","0","0","0","0","-60200","5","-100.00","1880","182","0","0","0","","0","0","0","","",""
"080112","0001","0","60600","60700","60800","60900","61000","61100","61200","61300","61400","61500","60500","60400","60300","60200","60100","60000","59800","59700","59600","59500","21","190","407","473","1061","210","1118","125","427","297","4","15","43","148","393","133","210","701","73","163","4329","1883","0","0","0","0","0","-60200","5","-100.00","1880","200","0","0","0","","0","0","0","","",""
"080112","0002","0","60700","60800","60900","61000","61100","61200","61300","61400","61500","61600","60400","60300","60200","60100","60000","59800","59700","59600","59500","59400","181","410","473","1061","210","1118","125","427","297","70","4","43","148","393","133","210","701","73","163","534","4372","2402","0","0","0","0","0","-60200","5","-100.00","1995","2","0","0","0","","0","0","0","","",""
"080112","0003","0","60700","60800","60900","61000","61100","61200","61300","61400","61500","61600","60400","60300","60200","60100","60000","59800","59700","59600","59500","59400","184","410","473","1061","215","1118","125","427","297","70","4","43","148","393","133","210","701","73","163","534","4380","2402","0","0","0","0","0","-60200","5","-100.00","1995","8","0","0","0","","0","0","0","","",""
"080113","0000","0","60700","60800","60900","61000","61100","61200","61300","61400","61500","61600","60400","60300","60200","60100","60000","59800","59700","59600","59500","59400","184","410","473","1081","215","1118","125","427","297","70","4","43","148","393","133","210","701","73","163","534","4400","2402","0","0","0","0","0","-60200","5","-100.00","1995","20","0","0","0","","0","0","0","","",""
"080113","0001","0","60600","60700","60800","60900","61000","61100","61200","61300","61400","61500","60400","60300","60200","60100","60000","59800","59700","59600","59500","59400","7","184","410","473","1131","215","1118","125","427","297","4","43","148","393","133","210","701","73","163","534","4387","2402","0","0","0","0","0","-60200","5","-100.00","1995","-13","0","0","0","","0","0","0","","",""
"080114","0000","0","60600","60700","60800","60900","61000","61100","61200","61300","61400","61500","60400","60300","60200","60100","60000","59800","59700","59600","59500","59400","7","184","410","456","1131","215","1118","125","427","297","4","43","148","393","133","210","701","73","163","534","4370","2402","0","0","0","0","0","-60200","5","-100.00","1995","-17","0","0","0","","0","0","0","","",""
"080114","0001","0","60600","60700","60800","60900","61000","61100","61200","61300","61400","61500","60400","60300","60200","60100","60000","59800","59700","59600","59500","59400","27","184","410","456","1131","215","1118","125","427","297","4","43","148","393","133","210","701","73","523","534","4390","2762","0","0","0","0","0","-60200","5","-100.00","1995","20","360","0","0","","0","0","0","","",""
"080115","0000","0","60600","60700","60800","60900","61000","61100","61200","61300","61400","61500","60400","60300","60200","60100","60000","59800","59700","59600","59500","59400","27","185","460","456","1131","215","1118","125","427","297","4","43","148","393","133","210","701","73","523","534","4441","2762","0","0","0","0","0","-60200","5","-100.00","1995","51","0","0","0","","0","0","0","","",""
"080115","0001","0","60600","60700","60800","60900","61000","61100","61200","61300","61400","61500","60400","60300","60200","60100","60000","59800","59700","59600","59500","59400","27","185","460","456","1131","215","1118","125","1027","297","4","43","153","393","133","210","701","73","523","534","5041","2767","0","0","0","0","0","-60200","5","-100.00","1995","600","5","0","0","","0","0","0","","",""
"080116","0000","0","60600","60700","60800","60900","61000","61100","61200","61300","61400","61500","60400","60300","60200","60100","60000","59800","59700","59600","59500","59400","27","213","510","456","1131","215","1118","125","1027","297","4","43","153","393","133","210","701","73","523","534","5119","2767","0","0","0","0","0","-60200","5","-100.00","1995","10","0","0","0","","0","0","0","","",""
"080116","0001","0","60700","60800","60900","61000","61100","61200","61300","61400","61500","61600","60400","60300","60200","60100","60000","59800","59700","59600","59500","59400","213","510","456","1131","215","1118","125","1027","297","70","24","43","153","393","133","210","701","73","523","534","5162","2787","0","0","0","0","0","-60200","5","-100.00","2025","43","20","0","0","","0","0","0","","",""
"080116","0002","0","60600","60700","60800","60900","61000","61100","61200","61300","61400","61500","60400","60300","60200","60100","60000","59800","59700","59600","59500","59400","9","222","510","456","1131","215","1118","125","1027","297","127","46","153","393","133","210","701","73","523","542","5110","2901","0","0","0","0","0","-60200","5","-100.00","2025","-52","103","0","0","","0","0","0","","",""
"080117","0000","0","60600","60700","60800","60900","61000","61100","61200","61300","61400","61500","60400","60300","60200","60100","60000","59800","59700","59600","59500","59400","9","222","512","456","1131","215","1118","125","1027","297","127","46","153","393","133","202","701","73","523","542","5112","2893","0","0","0","0","0","-60200","5","-100.00","2025","0","-8","0","0","","0","0","0","","",""
"080117","0001","0","60600","60700","60800","60900","61000","61100","61200","61300","61400","61500","60400","60300","60200","60100","60000","59800","59700","59600","59500","59400","9","222","512","456","1131","215","1118","125","1027","297","127","46","153","393","133","202","701","73","531","542","5112","2901","0","0","0","0","0","-60200","5","-100.00","2025","0","8","0","0","","0","0","0","","",""
"080117","0002","0","60500","60600","60700","60800","60900","61000","61100","61200","61300","61400","60400","60300","60200","60100","60000","59800","59700","59600","59500","59400","9","30","213","515","456","1131","215","1118","125","1027","127","46","153","393","133","202","701","73","531","542","4839","2901","0","0","0","0","0","-60200","5","-100.00","2025","-273","0","0","0","","0","0","0","","",""
"080118","0000","0","60500","60600","60700","60800","60900","61000","61100","61200","61300","61400","60400","60300","60200","60100","60000","59800","59700","59600","59500","59400","9","31","213","515","456","1131","215","1118","125","1027","127","46","153","393","133","202","701","73","531","542","4840","2901","0","0","0","0","0","-60200","5","-100.00","2025","1","0","0","0","","0","0","0","","",""
"080118","0001","0","60500","60600","60700","60800","60900","61000","61100","61200","61300","61400","60400","60300","60200","60100","60000","59800","59700","59600","59500","59400","9","41","213","515","460","1131","215","1118","125","1027","127","46","153","393","133","202","701","73","531","542","4854","2901","0","0","0","0","0","-60200","5","-100.00","2025","14","0","0","0","","0","0","0","","",""
"080118","0002","0","60500","60600","60700","60800","60900","61000","61100","61200","61300","61400","60400","60300","60200","60100","60000","59800","59700","59600","59500","59400","9","41","215","515","460","1131","215","1118","125","1027","127","146","153","393","133","202","701","73","531","542","4856","3001","0","0","0","0","0","-60200","5","-100.00","2025","2","100","0","0","","0","0","0","","",""
"080119","0000","0","60500","60600","60700","60800","60900","61000","61100","61200","61300","61400","60400","60300","60200","60100","60000","59800","59700","59600","59500","59400","9","41","215","515","760","1131","215","1118","125","1027","127","146","153","393","133","202","701","73","531","542","5156","3001","0","0","0","0","0","-60200","5","-100.00","2025","300","0","0","0","","0","0","0","","",""
"080119","0001","0","60500","60600","60700","60800","60900","61000","61100","61200","61300","61400","60400","60300","60200","60100","60000","59800","59700","59600","59500","59400","9","41","215","515","760","1131","215","1118","125","1027","127","146","154","393","133","202","701","73","531","542","5156","3002","0","0","0","0","0","-60200","5","-100.00","2025","0","1","0","0","","0","0","0","","",""
"080120","0000","0","60500","60600","60700","60800","60900","61000","61100","61200","61300","61400","60400","60300","60200","60100","60000","59800","59700","59600","59500","59400","9","41","215","515","760","1131","215","1118","125","1027","127","146","154","393","258","202","701","73","531","542","5156","3127","0","0","0","0","0","-60200","5","-100.00","2025","0","125","0","0","","0","0","0","","",""
"080120","0001","0","60500","60600","60700","60800","60900","61000","61100","61200","61300","61400","60400","60300","60200","60100","60000","59800","59700","59600","59500","59400","8","41","215","515","760","1131","215","1118","125","1027","127","146","154","393","258","202","701","73","531","542","5155","3127","0","0","0","0","0","-60200","5","-100.00","2026","-1","0","0","0","","0","0","0","","",""
"080121","0000","0","60500","60600","60700","60800","60900","61000","61100","61200","61300","61400","60400","60300","60200","60100","60000","59800","59700","59600","59500","59400","8","41","215","515","760","1631","215","1118","125","1027","127","146","154","393","258","202","701","73","531","542","5655","3127","0","0","0","0","0","-60200","5","-100.00","2026","500","0","0","0","","0","0","0","","",""
"080122","0000","0","60500","60600","60700","60800","60900","61000","61100","61200","61300","61400","60400","60300","60200","60100","60000","59800","59700","59600","59500","59400","8","41","215","516","760","1631","215","1118","125","1027","127","146","154","393","258","202","701","73","531","542","5656","3127","0","0","0","0","0","-60200","5","-100.00","2026","1","0","0","0","","0","0","0","","",""
"080122","0001","0","60600","60700","60800","60900","61000","61100","61200","61300","61400","61500","60400","60300","60200","60100","60000","59800","59700","59600","59500","59400","32","215","516","764","1641","215","1118","125","1027","1197","127","146","204","393","258","202","701","93","531","542","6850","3197","0","0","0","0","0","-60200","5","-100.00","2027","4","50","0","0","","0","0","0","","",""
"080123","0000","0","60600","60700","60800","60900","61000","61100","61200","61300","61400","61500","60400","60300","60200","60100","60000","59800","59700","59600","59500","59400","42","215","516","784","1641","215","1118","125","1027","1197","127","146","204","393","258","202","701","93","531","542","6880","3197","0","0","0","0","0","-60200","5","-100.00","2027","30","0","0","0","","0","0","0","","",""
"080123","0001","0","60600","60700","60800","60900","61000","61100","61200","61300","61400","61500","60400","60300","60200","60100","60000","59800","59700","59600","59500","59400","42","215","434","784","1641","215","1118","125","1027","1197","127","146","204","393","258","212","701","93","531","542","6798","3207","0","0","0","0","0","-60200","5","-100.00","2027","0","10","0","0","","0","0","0","","",""
"080123","0002","0","60600","60700","60800","60900","61000","61100","61200","61300","61400","61500","60400","60300","60200","60100","60000","59800","59700","59600","59500","59400","42","215","434","784","1641","215","1118","125","1027","1197","129","146","199","393","258","212","701","93","531","542","6798","3204","0","0","0","0","0","-60200","5","-100.00","2027","0","-3","0","0","","0","0","0","","",""
"080124","0000","0","60600","60700","60800","60900","61000","61100","61200","61300","61400","61500","60400","60300","60200","60100","60000","59800","59700","59600","59500","59400","42","215","434","784","1641","215","1118","125","1027","1217","129","146","199","393","258","212","701","93","531","542","6818","3204","0","0","0","0","0","-60200","5","-100.00","2027","20","0","0","0","","0","0","0","","",""
"080124","0001","0","60600","60700","60800","60900","61000","61100","61200","61300","61400","61500","60500","60400","60300","60200","60100","60000","59800","59700","59600","59500","42","215","434","784","1641","215","1118","125","1027","1217","1","129","146","199","393","258","212","701","93","531","6818","2663","0","0","0","0","0","-60200","5","-100.00","2075","0","-541","0","0","","0","0","0","","",""
"080124","0002","0","60600","60700","60800","60900","61000","61100","61200","61300","61400","61500","60500","60400","60300","60200","60100","60000","59800","59700","59600","59500","77","215","434","789","1641","215","1118","125","1027","1217","1","129","146","199","393","258","212","701","93","531","6858","2663","0","0","0","0","0","-60200","5","-100.00","2075","40","0","0","0","","0","0","0","","",""
"080124","0003","0","60600","60700","60800","60900","61000","61100","61200","61300","61400","61500","60500","60400","60300","60200","60100","60000","59800","59700","59600","59500","77","215","434","795","1641","215","1118","125","1027","1217","1","129","146","199","393","258","212","701","93","531","6864","2663","0","0","0","0","0","-60200","5","-100.00","2075","6","0","0","0","","0","0","0","","",""
"080124","0004","0","60600","60700","60800","60900","61000","61100","61200","61300","61400","61500","60500","60400","60300","60200","60100","60000","59800","59700","59600","59500","77","215","435","795","1641","215","1118","125","1027","1217","1","129","146","199","393","258","212","701","93","531","6865","2663","0","0","0","0","0","-60200","5","-100.00","2075","1","0","0","0","","0","0","0","","",""
"080125","0000","0","60600","60700","60800","60900","61000","61100","61200","61300","61400","61500","60500","60400","60300","60200","60100","60000","59800","59700","59600","59500","77","215","435","799","1641","215","1118","125","1027","1217","1","129","146","199","393","258","212","701","93","531","6869","2663","0","0","0","0","0","-60200","5","-100.00","2075","4","0","0","0","","0","0","0","","",""
"080126","0000","0","60600","60700","60800","60900","61000","61100","61200","61300","61400","61500","60500","60400","60300","60200","60100","60000","59800","59700","59600","59500","86","215","435","799","1661","215","1118","125","1027","1217","2","129","146","199","393","258","212","701","93","531","6898","2664","0","0","0","0","0","-60200","5","-100.00","2075","20","0","0","0","","0","0","0","","",""
"080126","0001","0","60600","60700","60800","60900","61000","61100","61200","61300","61400","61500","60500","60400","60300","60200","60100","60000","59800","59700","59600","59500","86","215","435","799","1661","215","1118","125","1027","1217","2","179","146","199","393","258","212","701","93","531","6898","2714","0","0","0","0","0","-60200","5","-100.00","2075","0","50","0","0","","0","0","0","","",""
"080126","0002","0","60600","60700","60800","60900","61000","61100","61200","61300","61400","61500","60500","60400","60300","60200","60100","60000","59800","59700","59600","59500","86","215","435","799","1662","215","1118","125","1027","1217","4","179","146","199","393","258","212","701","93","511","6899","2696","0","0","0","0","0","-60200","5","-100.00","2075","0","-18","0","0","","0","0","0","","",""
"080127","0000","0","60600","60700","60800","60900","61000","61100","61200","61300","61400","61500","60500","60400","60300","60200","60100","60000","59800","59700","59600","59500","91","215","435","799","1662","215","1118","125","1027","1217","4","179","146","199","393","258","212","701","93","511","6904","2696","0","0","0","0","0","-60200","5","-100.00","2075","5","0","0","0","","0","0","0","","",""
"080127","0001","0","60600","60700","60800","60900","61000","61100","61200","61300","61400","61500","60500","60400","60300","60200","60100","60000","59800","59700","59600","59500","91","215","435","799","1662","215","1118","125","1027","1228","4","179","146","199","393","258","212","701","93","511","6915","2696","0","0","0","0","0","-60200","5","-100.00","2075","11","0","0","0","","0","0","0","","",""
"080127","0002","0","60600","60700","60800","60900","61000","61100","61200","61300","61400","61500","60500","60400","60300","60200","60100","60000","59800","59700","59600","59500","91","215","435","800","1672","215","1118","125","1027","1228","4","179","146","199","393","258","212","701","93","511","6926","2696","0","0","0","0","0","-60200","5","-100.00","2075","11","0","0","0","","0","0","0","","",""
"080127","0003","0","60600","60700","60800","60900","61000","61100","61200","61300","61400","61500","60500","60400","60300","60200","60100","60000","59800","59700","59600","59500","91","215","435","800","1676","215","1118","125","1027","1228","4","179","146","199","393","258","212","701","93","511","6930","2696","0","0","0","0","0","-60200","5","-100.00","2075","4","0","0","0","","0","0","0","","",""
"080128","0000","0","60600","60700","60800","60900","61000","61100","61200","61300","61400","61500","60400","60300","60200","60100","60000","59800","59700","59600","59500","59400","82","215","435","800","1676","215","1118","125","1027","1228","179","146","199","393","258","212","701","22","511","542","6921","3163","0","0","0","0","0","-60200","5","-100.00","2096","-9","540","0","0","","0","0","0","","",""
"080128","0001","0","60600","60700","60800","60900","61000","61100","61200","61300","61400","61500","60400","60300","60200","60100","60000","59800","59700","59600","59500","59400","82","215","435","800","1676","215","1118","125","1027","1228","171","146","199","393","258","212","701","22","511","542","6921","3155","0","0","0","0","0","-60200","5","-100.00","2214","0","522","0","0","","0","0","0","","",""
"080129","0000","0","60500","60600","60700","60800","60900","61000","61100","61200","61300","61400","60400","60300","60200","60100","60000","59800","59700","59600","59500","59400","5","78","215","435","800","1676","215","1118","125","1027","171","146","199","393","258","212","701","22","511","542","5694","3155","0","0","0","0","0","-60200","5","-100.00","2214","-1228","0","0","0","","0","0","0","","",""
"080129","0001","0","60500","60600","60700","60800","60900","61000","61100","61200","61300","61400","60400","60300","60200","60100","60000","59800","59700","59600","59500","59400","4","78","215","435","800","1676","215","1118","125","1027","171","146","199","393","258","212","701","22","511","542","5693","3155","0","0","0","0","0","-60200","5","-100.00","2215","-1","0","0","0","","0","0","0","","",""
"080129","0002","0","60500","60600","60700","60800","60900","61000","61100","61200","61300","61400","60400","60300","60200","60100","60000","59800","59700","59600","59500","59400","13","78","215","435","800","1676","215","1118","125","1027","1","40","199","393","258","212","701","22","511","542","5702","2879","0","0","0","0","0","-60200","5","-100.00","2524","9","-276","0","0","","0","0","0","","",""
"080130","0000","0","60500","60600","60700","60800","60900","61000","61100","61200","61300","61400","60400","60300","60200","60100","60000","59800","59700","59600","59500","59400","13","78","215","435","800","1676","397","1118","125","1027","1","40","199","393","258","212","701","22","511","542","5884","2879","0","0","0","0","0","-60200","5","-100.00","2524","182","0","0","0","","0","0","0","","",""
"080130","0001","0","60500","60600","60700","60800","60900","61000","61100","61200","61300","61400","60400","60300","60200","60100","60000","59800","59700","59600","59500","59400","13","78","215","435","800","1676","397","1118","125","1027","250","40","199","393","258","212","701","22","511","592","5884","3178","0","0","0","0","0","-60200","5","-100.00","2524","0","299","0","0","","0","0","0","","",""
"080130","0002","0","60500","60600","60700","60800","60900","61000","61100","61200","61300","61400","60400","60300","60200","60100","60000","59800","59700","59600","59500","59400","13","78","215","435","800","1676","397","1118","125","1027","246","40","199","393","258","212","701","22","511","592","5884","3174","0","0","0","0","0","-60200","5","-100.00","2528","0","-4","0","0","","0","0","0","","",""
"080130","0003","0","60500","60600","60700","60800","60900","61000","61100","61200","61300","61400","60400","60300","60200","60100","60000","59800","59700","59600","59500","59400","13","78","215","435","800","1676","398","1118","125","1027","246","40","179","393","258","212","701","22","511","593","5885","3155","0","0","0","0","0","-60200","5","-100.00","2528","1","-19","0","0","","0","0","0","","",""
"080131","0000","0","60500","60600","60700","60800","60900","61000","61100","61200","61300","61400","60400","60300","60200","60100","60000","59800","59700","59600","59500","59400","13","78","215","435","800","1676","399","1118","125","1027","246","40","179","393","258","672","701","22","511","593","5886","3615","0","0","0","0","0","-60200","5","-100.00","2528","1","460","0","0","","0","0","0","","",""
"080131","0001","0","60500","60600","60700","60800","60900","61000","61100","61200","61300","61400","60400","60300","60200","60100","60000","59800","59700","59600","59500","59400","5","78","215","435","800","1675","399","1118","125","1027","246","40","179","393","258","672","701","22","511","593","5877","3615","0","0","0","0","0","-60200","5","-100.00","2528","-1","0","0","0","","0","0","0","","",""
"080132","0000","0","60600","60700","60800","60900","61000","61100","61200","61300","61400","61500","60400","60300","60200","60100","60000","59800","59700","59600","59500","59400","3","215","435","800","1675","399","1118","125","1027","1288","246","40","179","393","258","672","701","22","511","593","7085","3615","0","0","0","0","0","-60200","5","-100.00","2608","1208","0","0","0","","0","0","0","","",""
"080132","0001","0","60600","60700","60800","60900","61000","61100","61200","61300","61400","61500","60400","60300","60200","60100","60000","59800","59700","59600","59500","59400","12","215","435","800","1675","419","1118","125","1027","1288","246","40","179","393","258","672","701","22","511","593","7114","3615","0","0","0","0","0","-60200","5","-100.00","2608","29","0","0","0","","0","0","0","","",""
"080133","0000","0","60600","60700","60800","60900","61000","61100","61200","61300","61400","61500","60400","60300","60200","60100","60000","59800","59700","59600","59500","59400","12","215","435","800","1680","419","1118","125","1027","1288","246","40","179","393","258","672","701","22","512","593","7119","3616","0","0","0","0","0","-60200","5","-100.00","2608","5","1","0","0","","0","0","0","","",""
"080133","0001","0","60600","60700","60800","60900","61000","61100","61200","61300","61400","61500","60400","60300","60200","60100","60000","59800","59700","59600","59500","59400","12","215","435","800","1680","419","1118","125","1027","1288","245","62","179","393","258","672","701","22","512","593","7119","3637","0","0","0","0","0","-60200","5","-100.00","2609","0","21","0","0","","0","0","0","","",""
"080135","0000","0","60500","60600","60700","60800","60900","61000","61100","61200","61300","61400","60400","60300","60200","60100","60000","59800","59700","59600","59500","59400","200","12","215","235","800","1680","419","1118","125","1027","245","62","179","393","258","672","701","23","512","593","5831","3638","0","0","0","0","0","-60200","5","-100.00","2609","-1288","1","0","0","","0","0","0","","",""
"080135","0001","0","60500","60600","60700","60800","60900","61000","61100","61200","61300","61400","60400","60300","60200","60100","60000","59800","59700","59600","59500","59400","205","12","215","235","800","1680","419","1118","125","1027","245","62","179","393","258","672","701","23","512","593","5836","3638","0","0","0","0","0","-60200","5","-100.00","2609","5","0","0","0","","0","0","0","","",""
"080136","0000","0","60500","60600","60700","60800","60900","61000","61100","61200","61300","61400","60400","60300","60200","60100","60000","59800","59700","59600","59500","59400","205","37","215","235","800","1680","419","1118","125","1027","245","62","249","393","258","672","701","23","512","593","5861","3708","0","0","0","0","0","-60200","5","-100.00","2609","25","70","0","0","","0","0","0","","",""
"080136","0001","0","60500","60600","60700","60800","60900","61000","61100","61200","61300","61400","60400","60300","60200","60100","60000","59800","59700","59600","59500","59400","205","37","215","235","940","1680","419","1118","175","1027","245","62","249","393","258","672","701","23","512","593","6051","3708","0","0","0","0","0","-60200","5","-100.00","2609","190","0","0","0","","0","0","0","","",""
"080136","0002","0","60500","60600","60700","60800","60900","61000","61100","61200","61300","61400","60400","60300","60200","60100","60000","59800","59700","59600","59500","59400","205","37","216","235","940","1680","419","1118","175","1027","245","62","249","393","258","672","701","23","512","593","6052","3708","0","0","0","0","0","-60200","5","-100.00","2609","1","0","0","0","","0","0","0","","",""
"080136","0003","0","60500","60600","60700","60800","60900","61000","61100","61200","61300","61400","60400","60300","60200","60100","60000","59800","59700","59600","59500","59400","205","37","216","235","940","1680","419","1118","175","1027","246","62","249","393","258","672","701","23","512","593","6052","3709","0","0","0","0","0","-60200","5","-100.00","2609","0","1","0","0","","0","0","0","","",""
"080137","0000","0","60500","60600","60700","60800","60900","61000","61100","61200","61300","61400","60400","60300","60200","60100","60000","59800","59700","59600","59500","59400","205","37","216","235","940","1746","419","1118","175","1027","246","62","249","393","258","672","701","23","512","593","6118","3709","0","0","0","0","0","-60200","5","-100.00","2609","66","0","0","0","","0","0","0","","",""
"080137","0001","0","60500","60600","60700","60800","60900","61000","61100","61200","61300","61400","60400","60300","60200","60100","60000","59800","59700","59600","59500","59400","205","37","216","235","940","1746","419","1118","175","1027","246","68","249","393","258","672","701","23","512","593","6118","3715","0","0","0","0","0","-60200","5","-100.00","2609","0","6","0","0","","0","0","0","","",""
"080138","0000","0","60500","60600","60700","60800","60900","61000","61100","61200","61300","61400","60400","60300","60200","60100","60000","59800","59700","59600","59500","59400","205","37","216","235","940","1746","419","1118","175","1027","249","68","249","393","258","672","701","23","512","593","6118","3718","0","0","0","0","0","-60200","5","-100.00","2609","0","3","0","0","","0","0","0","","",""
"080139","0000","0","60500","60600","60700","60800","60900","61000","61100","61200","61300","61400","60400","60300","60200","60100","60000","59800","59700","59600","59500","59400","205","37","216","235","940","1746","419","1118","175","1027","249","68","249","394","258","672","701","23","512","593","6118","3719","0","0","0","0","0","-60200","5","-100.00","2609","0","1","0","0","","0","0","0","","",""
"080139","0001","0","60500","60600","60700","60800","60900","61000","61100","61200","61300","61400","60400","60300","60200","60100","60000","59800","59700","59600","59500","59400","205","37","216","235","940","1746","419","1118","175","1027","249","68","249","394","258","672","702","23","512","593","6118","3720","0","0","0","0","0","-60200","5","-100.00","2609","0","1","0","0","","0","0","0","","",""
"080139","0002","0","60500","60600","60700","60800","60900","61000","61100","61200","61300","61400","60400","60300","60200","60100","60000","59800","59700","59600","59500","59400","205","37","216","235","940","1746","419","1118","175","1027","249","68","249","394","258","672","704","23","512","593","6118","3722","0","0","0","0","0","-60200","5","-100.00","2609","0","2","0","0","","0","0","0","","",""
"080140","0000","0","60500","60600","60700","60800","60900","61000","61100","61200","61300","61400","60400","60300","60200","60100","60000","59800","59700","59600","59500","59400","204","37","216","266","940","1746","419","1118","175","1027","249","68","249","394","258","672","704","23","512","593","6148","3722","0","0","0","0","0","-60200","5","-100.00","2610","30","0","0","0","","0","0","0","","",""
"080140","0001","0","60500","60600","60700","60800","60900","61000","61100","61200","61300","61400","60400","60300","60200","60100","60000","59800","59700","59600","59500","59400","204","37","216","266","800","1746","419","1118","175","1027","109","168","249","394","258","672","704","23","512","593","6008","3682","0","0","0","0","0","-60200","5","-100.00","2750","-140","-40","0","0","","0","0","0","","",""
"080140","0002","0","60500","60600","60700","60800","60900","61000","61100","61200","61300","61400","60400","60300","60200","60100","60000","59800","59700","59600","59500","59400","204","37","216","266","800","1746","419","1118","175","1027","109","184","249","394","258","672","704","23","512","593","6008","3698","0","0","0","0","0","-60200","5","-100.00","2750","0","16","0","0","","0","0","0","","",""
"080141","0000","0","60500","60600","60700","60800","60900","61000","61100","61200","61300","61400","60400","60300","60200","60100","60000","59800","59700","59600","59500","59400","203","37","216","266","800","1746","419","1118","175","1027","109","184","249","394","258","672","704","23","512","593","6007","3698","0","0","0","0","0","-60200","5","-100.00","2751","-1","0","0","0","","0","0","0","","",""
"080141","0001","0","60500","60600","60700","60800","60900","61000","61100","61200","61300","61400","60400","60300","60200","60100","60000","59800","59700","59600","59500","59400","203","37","216","266","800","1746","419","1118","175","1027","109","184","249","394","263","672","704","23","512","593","6007","3703","0","0","0","0","0","-60200","5","-100.00","2751","0","5","0","0","","0","0","0","","",""
"080141","0002","0","60500","60600","60700","60800","60900","61000","61100","61200","61300","61400","60400","60300","60200","60100","60000","59800","59700","59600","59500","59400","203","37","216","266","800","1746","419","1118","175","1027","124","185","249","394","263","672","704","23","512","593","6007","3719","0","0","0","0","0","-60200","5","-100.00","2751","0","16","0","0","","0","0","0","","",""
