"time","millisec","HOUR_CLS_CODE","ASKP1","ASKP2","ASKP3","ASKP4","ASKP5","ASKP6","ASKP7","ASKP8","ASKP9","ASKP10","BIDP1","BIDP2","BIDP3","BIDP4","BIDP5","BIDP6","BIDP7","BIDP8","BIDP9","BIDP10","ASKP_RSQN1","ASKP_RSQN2","ASKP_RSQN3","ASKP_RSQN4","ASKP_RSQN5","ASKP_RSQN6","ASKP_RSQN7","ASKP_RSQN8","ASKP_RSQN9","ASKP_RSQN10","BIDP_RSQN1","BIDP_RSQN2","BIDP_RSQN3","BIDP_RSQN4","BIDP_RSQN5","BIDP_RSQN6","BIDP_RSQN7","BIDP_RSQN8","BIDP_RSQN9","BIDP_RSQN10","TOTAL_ASKP_RSQN","TOTAL_BIDP_RSQN","OVTM_TOTAL_ASKP_RSQN","OVTM_TOTAL_BIDP_RSQN","ANTC_CNPR","ANTC_CNQN","ANTC_VOL","ANTC_CNTG_VRSS","ANTC_CNTG_VRSS_SIGN","ANTC_CNTG_PRDY_CTRT","ACML_VOL","TOTAL_ASKP_RSQN_ICDC","TOTAL_BIDP_RSQN_ICDC","OVTM_TOTAL_ASKP_ICDC","OVTM_TOTAL_BIDP_ICDC","STCK_DEAL_CLS_CODE","KMID_PRC","KMID_TOTAL_RSQN","KMID_CLS_CODE","NMID_PRC","NMID_TOTAL_RSQN","NMID_CLS_CODE"
"080000","0000","0","0","0","0","0","0","0","0","0","0","0","99200","75100","0","0","0","0","0","0","0","0","0","0","0","0","0","0","0","0","0","0","25","40","0","0","0","0","0","0","0","0","0","65","0","0","0","0","0","-100000","5","-100.00","0","0","0","0","0","","0","0","0","","",""
"080000","0001","0","100700","101000","101400","102000","103000","105000","105500","108000","110000","115000","99200","99100","98600","94500","75100","0","0","0","0","0","210","1","1","1","1","1","1","2","2","1","25","10","167","1","40","0","0","0","0","0","221","243","0","0","0","0","0","-100000","5","-100.00","0","221","178","0","0","","0","0","0","","",""
"080001","0000","0","100500","100700","101000","101200","101400","102000","103000","103200","104000","104700","99200","99100","98600","97500","97100","96000","94500","75100","0","0","200","210","1","1","1","1","202","2","21","5","247","10","167","1","5","1","1","40","0","0","644","472","0","0","0","0","0","-100000","5","-100.00","0","423","229","0","0","","0","0","0","","",""
"080002","0000","0","100500","100700","101000","101200","101400","101500","102000","103000","103200","104000","100000","99500","99200","99100","98600","97500","97100","96000","94500","94000","200","210","1","1","1","500","1","202","2","21","200","300","247","10","207","1","5","1","1","100","1139","1072","0","0","0","0","0","-100000","5","-100.00","0","495","600","0","0","","0","0","0","","",""
"080002","0001","0","100500","100700","101000","101200","101400","101500","102000","102500","103000","103200","100000","99500","99200","99100","98600","97500","97100","96000","94500","94000","200","210","1","1","1","500","6","5","217","2","200","300","247","10","207","1","5","1","1","100","1143","1072","0","0","0","0","0","-100000","5","-100.00","0","4","0","0","0","","0","0","0","","",""
"080003","0000","0","100500","100700","101000","101200","101400","101500","102000","102500","103000","103200","100000","99500","99200","99100","98600","97500","97100","96000","94500","94000","200","210","3","1","1","500","6","5","217","2","200","300","247","10","207","1","5","1","1","100","1145","1072","0","0","0","0","0","-100000","5","-100.00","0","2","0","0","0","","0","0","0","","",""
"080003","0001","0","100500","100700","101000","101200","101400","101500","102000","102500","103000","103200","100000","99500","99200","99100","98600","97500","97100","97000","96800","96000","200","210","3","1","1","500","6","5","217","2","200","300","247","10","207","1","5","5","1","1","1145","977","0","0","0","0","0","-100000","5","-100.00","0","0","-95","0","0","","0","0","0","","",""
"080004","0000","0","100500","100700","101000","101200","101400","101500","102000","102200","102500","103000","100000","99500","99200","99100","98600","97500","97100","97000","96800","96000","200","210","3","1","1","500","6","11","5","217","200","300","247","30","207","1","5","5","1","1","1154","997","0","0","0","0","0","-100000","5","-100.00","0","9","20","0","0","","0","0","0","","",""
"080004","0001","0","100500","100700","101000","101200","101400","101500","102000","102200","102500","103000","100000","99500","99200","99100","98800","98600","97500","97100","97000","96800","200","210","3","1","1","500","7","11","5","217","200","300","247","30","60","207","1","5","5","1","1155","1056","0","0","0","0","0","-100000","5","-100.00","0","1","59","0","0","","0","0","0","","",""
"080005","0000","0","100500","100700","101000","101200","101400","101500","102000","102200","102500","103000","99500","99200","99100","99000","98800","98600","98400","98200","98000","97800","200","210","3","1","1","500","7","11","5","217","300","348","30","1","62","209","2","2","3","3","1155","960","0","0","0","0","0","-100000","5","-100.00","0","0","-96","0","0","","0","0","0","","",""
"080005","0001","0","100500","100700","100900","101000","101200","101400","101500","102000","102200","102500","99500","99200","99100","99000","98800","98600","98400","98200","98000","97800","200","210","2","3","1","1","500","7","11","5","300","348","30","1","62","209","2","2","3","3","940","960","0","0","0","0","0","-100000","5","-100.00","0","-215","0","0","0","","0","0","0","","",""
"080006","0000","0","100500","100600","100700","100900","101000","101200","101400","101500","102000","102200","99500","99200","99100","99000","98800","98600","98400","98200","98000","97800","200","56","210","2","3","1","1","500","7","11","300","348","30","1","62","209","2","2","3","3","991","960","0","0","0","0","0","-100000","5","-100.00","0","51","0","0","0","","0","0","0","","",""
"080008","0000","0","100500","100600","100700","100800","100900","101000","101200","101400","101500","102000","99500","99200","99100","99000","98800","98600","98400","98200","98000","97800","200","56","210","2","2","3","1","1","500","7","300","348","30","1","62","209","2","2","3","3","982","960","0","0","0","0","0","-100000","5","-100.00","0","-9","0","0","0","","0","0","0","","",""
"080010","0000","0","100500","100600","100700","100800","100900","101000","101200","101400","101500","102000","99600","99500","99200","99100","99000","98800","98600","98400","98200","98000","200","56","210","2","2","3","1","1","500","7","10","300","348","30","1","62","209","2","2","3","982","967","0","0","0","0","0","-100000","5","-100.00","0","0","7","0","0","","0","0","0","","",""
"080010","0001","0","100500","100600","100700","100800","100900","101000","101200","101400","101500","101600","99600","99500","99200","99100","99000","98800","98600","98400","98200","98000","200","56","210","2","2","3","1","1","500","10","10","300","348","30","1","62","209","2","2","3","985","967","0","0","0","0","0","-100000","5","-100.00","0","3","0","0","0","","0","0","0","","",""
"080011","0000","0","100500","100600","100700","100800","100900","101000","101200","101400","101500","101600","99600","99500","99200","99100","99000","98800","98600","98400","98200","98000","230","56","210","2","2","3","1","1","500","10","10","300","348","30","1","62","209","2","2","3","1015","967","0","0","0","0","0","-100000","5","-100.00","0","30","0","0","0","","0","0","0","","",""
"080011","0001","0","100500","100600","100700","100800","100900","101000","101200","101400","101500","101600","99600","99500","99200","99100","99000","98800","98600","98400","98200","98000","230","56","212","2","2","3","1","1","500","10","10","300","348","30","1","62","209","2","2","3","1017","967","0","0","0","0","0","-100000","5","-100.00","0","2","0","0","0","","0","0","0","","",""
"080013","0000","0","100500","100600","100700","100800","100900","101000","101200","101400","101500","101600","99600","99500","99200","99100","99000","98800","98600","98400","98200","98000","230","56","212","2","2","3","1","1","500","10","10","300","349","30","1","62","209","2","3","3","1017","969","0","0","0","0","0","-100000","5","-100.00","0","0","2","0","0","","0","0","0","","",""
"080013","0001","0","100500","100600","100700","100800","100900","101000","101200","101400","101500","101600","99600","99500","99200","99100","99000","98800","98600","98400","98200","98000","230","56","212","2","2","3","1","2","500","10","10","300","349","30","1","62","209","2","3","3","1018","969","0","0","0","0","0","-100000","5","-100.00","0","1","0","0","0","","0","0","0","","",""
"080014","0000","0","100500","100600","100700","100800","100900","101000","101200","101400","101500","101600","99600","99500","99200","99100","99000","98800","98600","98400","98200","98000","230","56","212","2","2","3","1","2","500","10","10","300","359","30","1","62","209","2","3","3","1018","979","0","0","0","0","0","-100000","5","-100.00","0","0","10","0","0","","0","0","0","","",""
"080015","0000","0","100500","100600","100700","100800","100900","101000","101200","101400","101500","101600","99600","99500","99200","99100","99000","98800","98600","98400","98200","98000","230","58","212","2","2","3","1","2","500","10","10","300","359","30","1","62","209","2","3","3","1020","979","0","0","0","0","0","-100000","5","-100.00","0","2","0","0","0","","0","0","0","","",""
"080015","0001","0","100500","100600","100700","100800","100900","101000","101200","101400","101500","101600","99600","99500","99200","99100","99000","98800","98600","98400","98200","98000","230","58","212","2","2","3","1","2","535","10","39","300","359","30","1","62","209","2","3","3","1055","1008","0","0","0","0","0","-100000","5","-100.00","0","35","29","0","0","","0","0","0","","",""
"080016","0000","0","100500","100600","100700","100800","100900","101000","101200","101400","101500","101600","99600","99500","99200","99100","99000","98800","98600","98400","98200","98000","230","58","212","2","2","3","1","2","543","10","39","300","359","530","1","62","209","2","3","3","1063","1508","0","0","0","0","0","-100000","5","-100.00","0","8","500","0","0","","0","0","0","","",""
"080017","0000","0","100500","100600","100700","100800","100900","101000","101200","101400","101500","101600","99600","99500","99200","99100","99000","98800","98600","98400","98200","98000","230","58","212","2","2","3","1","2","543","10","39","300","259","530","1","162","209","2","3","3","1063","1508","0","0","0","0","0","-100000","5","-100.00","0","0","0","0","0","","0","0","0","","",""
"080017","0001","0","100500","100600","100700","100800","100900","101000","101200","101400","101500","101600","99700","99600","99500","99200","99100","99000","98800","98600","98400","98200","230","58","212","2","2","3","1","2","543","10","1","229","300","259","530","1","162","209","2","3","1063","1696","0","0","0","0","0","-100000","5","-100.00","0","0","188","0","0","","0","0","0","","",""
"080018","0000","0","100500","100600","100700","100800","100900","101000","101200","101400","101500","101600","100000","99700","99600","99500","99200","99100","99000","98800","98600","98400","232","58","212","2","2","3","1","2","543","10","100","1","229","300","259","530","1","162","209","2","1065","1793","0","0","0","0","0","-100000","5","-100.00","0","2","97","0","0","","0","0","0","","",""
"080020","0000","0","100500","100600","100700","100800","100900","101000","101200","101400","101500","101600","100000","99700","99600","99500","99200","99100","99000","98800","98600","98400","232","58","212","2","2","3","1","2","543","10","100","1","279","300","259","530","1","162","209","2","1065","1843","0","0","0","0","0","-100000","5","-100.00","0","0","50","0","0","","0","0","0","","",""
"080021","0000","0","100500","100600","100700","100800","100900","101000","101200","101400","101500","101600","100000","99700","99600","99500","99200","99100","99000","98800","98600","98400","232","58","212","2","2","103","1","2","543","10","100","1","279","300","259","530","11","162","209","2","1165","1853","0","0","0","0","0","-100000","5","-100.00","0","100","10","0","0","","0","0","0","","",""
"080021","0001","0","100400","100500","100600","100700","100800","100900","101000","101200","101400","101500","100000","99700","99600","99500","99200","99100","99000","98800","98600","98400","2","232","58","212","2","2","103","1","2","543","100","1","279","300","259","530","11","162","209","2","1157","1853","0","0","0","0","0","-100000","5","-100.00","0","-8","0","0","0","","0","0","0","","",""
"080022","0000","0","100400","100500","100600","100700","100800","100900","101000","101200","101400","101500","100000","99700","99600","99500","99200","99100","99000","98800","98600","98400","2","232","58","212","2","2","103","1","2","543","101","1","279","300","259","530","11","162","209","2","1157","1854","0","0","0","0","0","-100000","5","-100.00","0","0","1","0","0","","0","0","0","","",""
"080022","0001","0","100400","100500","100600","100700","100800","100900","101000","101200","101400","101500","100000","99700","99600","99500","99200","99100","99000","98800","98600","98400","2","535","58","212","2","2","103","1","2","543","101","1","279","300","259","530","11","162","209","2","1460","1854","0","0","0","0","0","-100000","5","-100.00","0","303","0","0","0","","0","0","0","","",""
"080023","0000","0","100500","100600","100700","100800","100900","101000","101200","101400","101500","101600","100000","99700","99600","99500","99200","99100","99000","98800","98600","98400","535","58","212","2","2","103","1","2","543","10","101","1","279","300","259","530","11","162","209","2","1468","1854","0","0","0","0","0","-100000","5","-100.00","40","8","0","0","0","","0","0","0","","",""
"080024","0000","0","100500","100600","100700","100800","100900","101000","101200","101400","101500","101600","100000","99700","99600","99500","99200","99100","99000","98800","98600","98400","535","58","212","2","2","103","1","2","544","10","101","1","279","300","259","530","11","162","209","2","1469","1854","0","0","0","0","0","-100000","5","-100.00","40","1","0","0","0","","0","0","0","","",""
"080026","0000","0","100500","100600","100700","100800","100900","101000","101200","101400","101500","101600","100000","99700","99600","99500","99200","99100","99000","98800","98600","98400","535","58","212","2","2","103","1","2","544","10","69","1","279","300","259","530","11","162","209","2","1469","1822","0","0","0","0","0","-100000","5","-100.00","72","0","-32","0","0","","0","0","0","","",""
"080026","0001","0","100500","100600","100700","100800","100900","101000","101200","101400","101500","101600","100000","99700","99600","99500","99200","99100","99000","98800","98600","98400","535","58","212","2","2","103","1","2","544","10","69","1","279","300","259","630","11","62","209","2","1469","1822","0","0","0","0","0","-100000","5","-100.00","72","0","0","0","0","","0","0","0","","",""
"080027","0000","0","100500","100600","100700","100800","100900","101000","101200","101400","101500","101600","100400","100000","99700","99600","99500","99200","99100","99000","98800","98600","535","58","212","2","2","103","1","2","544","10","4","69","1","279","300","259","630","11","62","209","1469","1824","0","0","0","0","0","-100000","5","-100.00","73","0","2","0","0","","0","0","0","","",""
"080028","0000","0","100500","100600","100700","100800","100900","101000","101200","101400","101500","101600","100400","100000","99700","99600","99500","99200","99100","99000","98800","98600","535","58","212","2","132","103","1","2","544","10","4","69","1","279","300","259","630","11","62","209","1599","1824","0","0","0","0","0","-100000","5","-100.00","73","130","0","0","0","","0","0","0","","",""
"080029","0000","0","100400","100500","100600","100700","100800","100900","101000","101200","101400","101500","100000","99700","99600","99500","99200","99100","99000","98800","98600","98400","178","535","58","212","2","132","103","1","2","544","69","1","279","300","259","630","11","62","209","2","1767","1822","0","0","0","0","0","-100000","5","-100.00","77","168","-2","0","0","","0","0","0","","",""
"080029","0001","0","100400","100500","100600","100700","100800","100900","101000","101200","101400","101500","100000","99700","99600","99500","99200","99100","99000","98800","98600","98400","178","535","58","212","2","132","103","1","2","544","69","1","279","350","259","630","11","62","209","2","1767","1872","0","0","0","0","0","-100000","5","-100.00","77","0","50","0","0","","0","0","0","","",""
"080032","0000","0","100400","100500","100600","100700","100800","100900","101000","101200","101400","101500","100000","99700","99600","99500","99200","99100","99000","98800","98600","98400","183","535","58","212","2","132","103","1","2","544","69","1","279","350","259","630","11","62","209","2","1772","1872","0","0","0","0","0","-100000","5","-100.00","77","5","0","0","0","","0","0","0","","",""
"080032","0001","0","100400","100500","100600","100700","100800","100900","101000","101200","101400","101500","100000","99700","99600","99500","99200","99100","99000","98800","98600","98400","183","535","58","212","2","132","103","1","2","544","69","1","279","350","259","630","11","66","209","2","1772","1876","0","0","0","0","0","-100000","5","-100.00","77","0","4","0","0","","0","0","0","","",""
"080033","0000","0","100400","100500","100600","100700","100800","100900","101000","101200","101400","101500","100000","99700","99600","99500","99400","99200","99100","99000","98800","98600","188","535","58","212","2","132","103","1","2","544","69","1","279","350","50","259","630","11","66","209","1777","1924","0","0","0","0","0","-100000","5","-100.00","77","5","48","0","0","","0","0","0","","",""
"080033","0001","0","100400","100500","100600","100700","100800","100900","101000","101200","101400","101500","100000","99700","99600","99500","99400","99200","99100","99000","98800","98600","188","535","58","212","2","132","108","1","2","544","69","1","279","350","50","259","630","11","66","209","1782","1924","0","0","0","0","0","-100000","5","-100.00","77","5","0","0","0","","0","0","0","","",""
"080035","0000","0","100400","100500","100600","100700","100800","100900","101000","101200","101400","101500","100000","99700","99600","99500","99400","99200","99100","99000","98800","98600","138","535","58","212","2","132","108","1","2","544","69","1","279","350","50","259","630","11","66","209","1732","1924","0","0","0","0","0","-100000","5","-100.00","127","-50","0","0","0","","0","0","0","","",""
"080036","0000","0","100400","100500","100600","100700","100800","100900","101000","101200","101400","101500","100000","99700","99600","99500","99400","99200","99100","99000","98800","98600","138","535","58","212","2","132","108","1","2","544","53","1","279","351","50","260","630","11","66","209","1732","1910","0","0","0","0","0","-100000","5","-100.00","143","0","-14","0","0","","0","0","0","","",""
"080036","0001","0","100400","100500","100600","100700","100800","100900","101000","101200","101400","101500","100000","99700","99600","99500","99400","99200","99100","99000","98800","98600","138","535","58","212","2","132","108","1","2","544","53","1","279","351","50","260","630","11","66","209","1732","1910","0","0","0","0","0","-100000","5","-100.00","143","0","0","0","0","","0","0","0","","",""
"080037","0000","0","100400","100500","100600","100700","100800","100900","101000","101200","101400","101500","100000","99700","99600","99500","99400","99200","99100","99000","98800","98600","138","535","58","212","2","132","108","1","2","544","53","2","279","351","50","260","630","11","66","209","1732","1911","0","0","0","0","0","-100000","5","-100.00","143","0","1","0","0","","0","0","0","","",""
"080038","0000","0","100400","100500","100600","100700","100800","100900","101000","101200","101400","101500","100000","99700","99600","99500","99400","99200","99100","99000","98800","98600","138","535","58","212","2","373","108","1","2","544","53","2","279","351","50","260","630","11","66","209","1973","1911","0","0","0","0","0","-100000","5","-100.00","143","241","0","0","0","","0","0","0","","",""
"080038","0001","0","100400","100500","100600","100700","100800","100900","101000","101200","101400","101500","100000","99700","99600","99500","99400","99200","99100","99000","98800","98600","138","535","58","212","102","373","108","1","2","544","53","2","279","351","50","260","630","11","66","209","2073","1911","0","0","0","0","0","-100000","5","-100.00","143","100","0","0","0","","0","0","0","","",""
"080039","0000","0","100400","100500","100600","100700","100800","100900","101000","101200","101400","101500","100000","99700","99600","99500","99400","99200","99100","99000","98800","98600","139","535","58","212","102","373","108","1","2","544","53","2","289","351","50","260","680","11","66","209","2074","1971","0","0","0","0","0","-100000","5","-100.00","143","1","60","0","0","","0","0","0","","",""
"080039","0001","0","100400","100500","100600","100700","100800","100900","101000","101200","101400","101500","100000","99700","99600","99500","99400","99200","99100","99000","98800","98600","139","535","58","212","117","373","108","1","2","544","53","2","289","351","50","260","680","11","66","209","2089","1971","0","0","0","0","0","-100000","5","-100.00","143","15","0","0","0","","0","0","0","","",""
"080040","0000","0","100400","100500","100600","100700","100800","100900","101000","101200","101400","101500","100000","99700","99600","99500","99400","99200","99100","99000","98800","98600","139","535","58","212","117","373","108","1","2","544","53","2","289","351","50","260","680","21","66","209","2089","1981","0","0","0","0","0","-100000","5","-100.00","143","0","10","0","0","","0","0","0","","",""
"080040","0001","0","100400","100500","100600","100700","100800","100900","101000","101200","101400","101500","100000","99700","99600","99500","99400","99200","99100","99000","98800","98600","139","535","58","212","117","373","108","1","2","1005","48","2","289","351","50","260","680","21","66","209","2550","1976","0","0","0","0","0","-100000","5","-100.00","148","461","-5","0","0","","0","0","0","","",""
"080041","0000","0","100400","100500","100600","100700","100800","100900","101000","101200","101400","101500","100000","99700","99600","99500","99400","99200","99100","99000","98800","98600","139","535","58","212","117","373","108","1","2","1005","48","52","289","351","50","260","680","21","66","209","2550","2026","0","0","0","0","0","-100000","5","-100.00","148","0","50","0","0","","0","0","0","","",""
"080041","0001","0","100400","100500","100600","100700","100800","100900","101000","101200","101400","101500","100000","99700","99600","99500","99400","99200","99100","99000","98800","98600","139","545","68","212","117","373","196","1","2","1005","48","52","289","351","50","260","680","21","66","209","2658","2026","0","0","0","0","0","-100000","5","-100.00","148","108","0","0","0","","0","0","0","","",""
"080041","0002","0","100400","100500","100600","100700","100800","100900","101000","101100","101200","101300","100000","99700","99600","99500","99400","99200","99100","99000","98800","98600","139","545","68","222","127","383","196","20","21","30","49","52","289","351","50","260","680","21","66","209","1751","2027","0","0","0","0","0","-100000","5","-100.00","148","-907","1","0","0","","0","0","0","","",""
"080042","0000","0","100400","100500","100600","100700","100800","100900","101000","101100","101200","101300","100000","99700","99600","99500","99400","99200","99100","99000","98800","98600","139","545","68","222","127","383","196","20","21","30","47","52","289","351","50","260","680","21","66","209","1751","2025","0","0","0","0","0","-100000","5","-100.00","150","0","-2","0","0","","0","0","0","","",""
"080043","0000","0","100400","100500","100600","100700","100800","100900","101000","101100","101200","101300","100000","99700","99600","99500","99400","99200","99100","99000","98800","98600","139","545","68","222","127","383","196","20","21","30","47","52","289","356","50","260","680","21","66","209","1751","2030","0","0","0","0","0","-100000","5","-100.00","150","0","5","0","0","","0","0","0","","",""
"080044","0000","0","100400","100500","100600","100700","100800","100900","101000","101100","101200","101300","100100","100000","99700","99600","99500","99400","99200","99100","99000","98800","139","545","68","222","127","383","196","20","21","30","30","47","52","289","356","50","260","680","21","66","1751","1851","0","0","0","0","0","-100000","5","-100.00","150","0","-179","0","0","","0","0","0","","",""
"080045","0000","0","100400","100500","100600","100700","100800","100900","101000","101100","101200","101300","100100","100000","99700","99600","99500","99400","99200","99100","99000","98800","139","545","68","222","127","383","196","20","21","30","30","48","52","289","356","50","260","680","21","66","1751","1852","0","0","0","0","0","-100000","5","-100.00","150","0","1","0","0","","0","0","0","","",""
"080045","0001","0","100400","100500","100600","100700","100800","100900","101000","101100","101200","101300","100100","100000","99700","99600","99500","99400","99200","99100","99000","98800","139","545","68","222","127","383","196","20","21","30","30","51","52","289","356","50","260","680","21","66","1751","1855","0","0","0","0","0","-100000","5","-100.00","150","0","3","0","0","","0","0","0","","",""
"080045","0002","0","100300","100400","100500","100600","100700","100800","100900","101000","101100","101200","100100","100000","99700","99600","99500","99400","99200","99100","99000","98800","1","138","545","68","222","127","383","196","20","21","30","51","52","289","356","50","260","680","21","66","1721","1855","0","0","0","0","0","-100000","5","-100.00","150","-30","0","0","0","","0","0","0","","",""
"080046","0000","0","100300","100400","100500","100600","100700","100800","100900","101000","101100","101200","100100","100000","99700","99600","99500","99400","99200","99100","99000","98800","1","138","545","68","222","133","496","196","20","21","30","51","52","289","356","50","260","680","21","66","1840","1855","0","0","0","0","0","-100000","5","-100.00","150","119","0","0","0","","0","0","0","","",""
"080047","0000","0","100300","100400","100500","100600","100700","100800","100900","101000","101100","101200","100100","100000","99700","99600","99500","99400","99200","99100","99000","98800","1","138","545","68","222","133","496","196","20","21","30","101","52","289","356","50","260","680","21","66","1840","1905","0","0","0","0","0","-100000","5","-100.00","150","0","50","0","0","","0","0","0","","",""
"080047","0001","0","100300","100400","100500","100600","100700","100800","100900","101000","101100","101200","100100","100000","99700","99600","99500","99400","99200","99100","99000","98800","1","138","545","68","222","133","496","296","20","21","30","101","52","289","356","50","260","680","21","66","1940","1905","0","0","0","0","0","-100000","5","-100.00","150","100","0","0","0","","0","0","0","","",""
"080048","0000","0","100300","100400","100500","100600","100700","100800","100900","101000","101100","101200","100100","100000","99700","99600","99500","99400","99200","99100","99000","98800","1","138","545","68","222","133","496","296","20","260","30","101","52","289","356","50","260","680","21","66","2179","1905","0","0","0","0","0","-100000","5","-100.00","150","239","0","0","0","","0","0","0","","",""
"080048","0001","0","100300","100400","100500","100600","100700","100800","100900","101000","101100","101200","100100","100000","99700","99600","99500","99400","99200","99100","99000","98800","1","138","545","68","222","133","366","296","20","260","30","101","52","289","356","50","260","680","21","66","2049","1905","0","0","0","0","0","-100000","5","-100.00","150","-130","0","0","0","","0","0","0","","",""
"080049","0000","0","100300","100400","100500","100600","100700","100800","100900","101000","101100","101200","100200","100100","100000","99700","99600","99500","99400","99200","99100","99000","1","138","545","68","222","133","366","296","20","260","5","30","101","52","289","356","50","260","680","21","2049","1844","0","0","0","0","0","-100000","5","-100.00","150","0","-61","0","0","","0","0","0","","",""
"080050","0000","0","100300","100400","100500","100600","100700","100800","100900","101000","101100","101200","100200","100100","100000","99700","99600","99500","99400","99200","99100","99000","1","138","545","68","222","133","366","296","20","260","5","30","101","52","289","356","50","260","680","121","2049","1944","0","0","0","0","0","-100000","5","-100.00","150","0","100","0","0","","0","0","0","","",""
"080050","0001","0","100300","100400","100500","100600","100700","100800","100900","101000","101100","101200","100200","100100","100000","99700","99600","99500","99400","99200","99100","99000","1","138","545","68","222","133","366","296","24","260","5","30","101","52","289","356","50","260","680","121","2053","1944","0","0","0","0","0","-100000","5","-100.00","150","4","0","0","0","","0","0","0","","",""
"080051","0000","0","100400","100500","100600","100700","100800","100900","101000","101100","101200","101300","100200","100100","100000","99700","99600","99500","99400","99200","99100","99000","138","545","68","222","133","366","296","24","260","30","5","30","101","52","289","356","50","260","680","121","2082","1944","0","0","0","0","0","-100000","5","-100.00","155","29","0","0","0","","0","0","0","","",""
"080051","0001","0","100400","100500","100600","100700","100800","100900","101000","101100","101200","101300","100200","100100","100000","99700","99600","99500","99400","99200","99100","99000","138","545","68","222","133","366","296","24","260","30","5","30","101","52","289","356","50","260","689","121","2082","1953","0","0","0","0","0","-100000","5","-100.00","155","0","9","0","0","","0","0","0","","",""
"080051","0002","0","100400","100500","100600","100700","100800","100900","101000","101100","101200","101300","100200","100100","100000","99700","99600","99500","99400","99200","99100","99000","138","545","68","222","133","366","296","24","260","30","5","30","101","52","289","356","50","260","689","141","2082","1973","0","0","0","0","0","-100000","5","-100.00","155","0","20","0","0","","0","0","0","","",""
"080052","0000","0","100400","100500","100600","100700","100800","100900","101000","101100","101200","101300","100200","100100","100000","99700","99600","99500","99400","99200","99100","99000","138","545","68","222","133","366","296","24","260","30","5","30","101","52","289","356","50","260","689","191","2082","2023","0","0","0","0","0","-100000","5","-100.00","155","0","50","0","0","","0","0","0","","",""
"080052","0001","0","100400","100500","100600","100700","100800","100900","101000","101100","101200","101300","100200","100100","100000","99700","99600","99500","99400","99200","99100","99000","138","546","68","222","133","366","296","24","260","30","5","30","101","52","289","356","50","260","689","191","2083","2023","0","0","0","0","0","-100000","5","-100.00","155","1","0","0","0","","0","0","0","","",""
"080053","0000","0","100300","100400","100500","100600","100700","100800","100900","101000","101100","101200","100200","100100","100000","99700","99600","99500","99400","99200","99100","99000","5","138","546","68","222","133","366","296","24","260","5","30","101","52","289","356","50","262","689","191","2058","2025","0","0","0","0","0","-100000","5","-100.00","155","-25","2","0","0","","0","0","0","","",""
"080054","0000","0","100400","100500","100600","100700","100800","100900","101000","101100","101200","101300","100200","100100","100000","99700","99600","99500","99400","99200","99100","99000","93","546","68","222","133","366","296","24","260","30","5","30","51","52","289","356","50","262","689","191","2038","1975","0","0","0","0","0","-100000","5","-100.00","205","-20","-50","0","0","","0","0","0","","",""
"080055","0000","0","100400","100500","100600","100700","100800","100900","101000","101100","101200","101300","100200","100100","100000","99700","99600","99500","99400","99200","99100","99000","93","546","68","222","133","366","296","24","260","30","5","45","51","52","289","356","50","262","689","191","2038","1990","0","0","0","0","0","-100000","5","-100.00","205","0","15","0","0","","0","0","0","","",""
"080056","0000","0","100400","100500","100600","100700","100800","100900","101000","101100","101200","101300","100200","100100","100000","99700","99600","99500","99400","99200","99100","99000","93","546","68","222","133","366","296","24","260","30","5","45","51","52","289","356","50","262","689","291","2038","2090","0","0","0","0","0","-100000","5","-100.00","205","0","100","0","0","","0","0","0","","",""
"080057","0000","0","100400","100500","100600","100700","100800","100900","101000","101100","101200","101300","100200","100100","100000","99700","99600","99500","99400","99200","99100","99000","93","546","68","222","133","366","296","24","260","30","5","45","51","52","329","356","50","262","689","291","2038","2130","0","0","0","0","0","-100000","5","-100.00","205","0","40","0","0","","0","0","0","","",""
"080059","0000","0","100400","100500","100600","100700","100800","100900","101000","101100","101200","101300","100200","100100","100000","99700","99600","99500","99400","99200","99100","99000","93","546","68","222","133","366","296","24","260","30","5","45","51","67","329","356","50","262","689","291","2038","2145","0","0","0","0","0","-100000","5","-100.00","205","0","15","0","0","","0","0","0","","",""
"080101","0000","0","100400","100500","100600","100700","100800","100900","101000","101100","101200","101300","100200","100100","100000","99700","99600","99500","99400","99200","99100","99000","94","546","68","222","133","366","296","24","260","30","5","45","51","67","329","356","50","262","689","291","2039","2145","0","0","0","0","0","-100000","5","-100.00","205","1","0","0","0","","0","0","0","","",""
"080101","0001","0","100400","100500","100600","100700","100800","100900","101000","101100","101200","101300","100200","100100","100000","99700","99600","99500","99400","99200","99100","99000","93","546","68","222","133","366","296","24","260","30","5","45","51","67","329","356","50","262","689","291","2038","2145","0","0","0","0","0","-100000","5","-100.00","206","-1","0","0","0","","0","0","0","","",""
"080102","0000","0","100400","100500","100600","100700","100800","100900","101000","101100","101200","101300","100200","100100","100000","99700","99600","99500","99400","99200","99100","99000","93","546","68","222","133","366","296","24","260","30","5","45","51","67","369","356","50","262","689","291","2038","2185","0","0","0","0","0","-100000","5","-100.00","206","0","40","0","0","","0","0","0","","",""
"080103","0000","0","100400","100500","100600","100700","100800","100900","101000","101100","101200","101300","100200","100100","100000","99700","99600","99500","99400","99200","99100","99000","93","546","75","222","133","366","296","24","260","30","5","45","51","67","369","356","50","262","689","291","2045","2185","0","0","0","0","0","-100000","5","-100.00","206","7","0","0","0","","0","0","0","","",""
"080103","0001","0","100400","100500","100600","100700","100800","100900","101000","101100","101200","101300","100200","100100","100000","99700","99600","99500","99400","99200","99100","99000","93","646","75","222","133","366","296","24","260","30","5","45","51","67","369","356","50","262","689","291","2145","2185","0","0","0","0","0","-100000","5","-100.00","206","100","0","0","0","","0","0","0","","",""
"080104","0000","0","100400","100500","100600","100700","100800","100900","101000","101100","101200","101300","100200","100100","100000","99700","99600","99500","99400","99200","99100","99000","103","646","75","222","133","366","296","24","260","30","5","45","51","67","369","356","50","262","689","291","2155","2185","0","0","0","0","0","-100000","5","-100.00","206","10","0","0","0","","0","0","0","","",""
"080104","0001","0","100400","100500","100600","100700","100800","100900","101000","101100","101200","101300","100200","100100","100000","99700","99600","99500","99400","99200","99100","99000","103","646","75","222","133","367","296","24","260","30","5","45","51","67","369","356","50","262","689","291","2156","2185","0","0","0","0","0","-100000","5","-100.00","206","1","0","0","0","","0","0","0","","",""
"080107","0000","0","100400","100500","100600","100700","100800","100900","101000","101100","101200","101300","100200","100100","100000","99700","99600","99500","99400","99200","99100","99000","103","646","75","222","133","367","296","24","260","30","5","45","51","67","369","356","50","302","689","291","2156","2225","0","0","0","0","0","-100000","5","-100.00","206","0","40","0","0","","0","0","0","","",""
"080108","0000","0","100400","100500","100600","100700","100800","100900","101000","101100","101200","101300","100200","100100","100000","99700","99600","99500","99400","99200","99100","99000","103","646","75","222","133","367","296","24","260","30","5","45","51","70","369","356","50","302","689","291","2156","2228","0","0","0","0","0","-100000","5","-100.00","206","0","3","0","0","","0","0","0","","",""
"080110","0000","0","100400","100500","100600","100700","100800","100900","101000","101100","101200","101300","100200","100100","100000","99700","99600","99500","99400","99200","99100","99000","103","646","75","222","133","367","296","24","260","30","5","45","51","70","369","356","50","304","689","291","2156","2230","0","0","0","0","0","-100000","5","-100.00","206","0","2","0","0","","0","0","0","","",""
"080110","0001","0","100400","100500","100600","100700","100800","100900","101000","101100","101200","101300","100200","100100","100000","99700","99600","99500","99400","99200","99100","99000","100","646","75","222","133","367","296","24","260","30","5","45","48","70","369","356","112","304","689","291","2153","2289","0","0","0","0","0","-100000","5","-100.00","209","-3","59","0","0","","0","0","0","","",""
"080111","0000","0","100400","100500","100600","100700","100800","100900","101000","101100","101200","101300","100200","100100","100000","99700","99600","99500","99400","99200","99100","99000","100","646","75","222","133","367","296","24","260","30","5","45","53","70","369","356","112","304","689","291","2153","2294","0","0","0","0","0","-100000","5","-100.00","209","0","5","0","0","","0","0","0","","",""
"080113","0000","0","100400","100500","100600","100700","100800","100900","101000","101100","101200","101300","100200","100100","100000","99700","99600","99500","99400","99200","99100","99000","1","646","75","222","133","367","296","24","260","30","5","45","53","70","369","356","112","304","689","291","2054","2294","0","0","0","0","0","-100000","5","-100.00","308","-99","0","0","0","","0","0","0","","",""
"080116","0000","0","100400","100500","100600","100700","100800","100900","101000","101100","101200","101300","100200","100100","100000","99700","99600","99500","99400","99200","99100","99000","1","646","75","222","133","367","296","24","260","30","5","45","53","70","369","356","112","344","689","291","2054","2334","0","0","0","0","0","-100000","5","-100.00","308","0","40","0","0","","0","0","0","","",""
"080117","0000","0","100400","100500","100600","100700","100800","100900","101000","101100","101200","101300","100200","100100","100000","99700","99600","99500","99400","99200","99100","99000","1","646","75","222","133","367","296","24","260","706","5","45","53","70","369","356","112","344","689","291","2730","2334","0","0","0","0","0","-100000","5","-100.00","308","676","0","0","0","","0","0","0","","",""
"080119","0000","0","100400","100500","100600","100700","100800","100900","101000","101100","101200","101300","100200","100100","100000","99700","99600","99500","99400","99200","99100","99000","1","646","75","222","133","367","296","24","260","706","62","45","53","70","369","356","112","344","689","291","2730","2391","0","0","0","0","0","-100000","5","-100.00","308","0","57","0","0","","0","0","0","","",""
"080120","0000","0","100400","100500","100600","100700","100800","100900","101000","101100","101200","101300","100200","100100","100000","99700","99600","99500","99400","99200","99100","99000","16","646","75","222","133","367","296","24","260","706","62","45","53","70","369","356","112","344","689","291","2745","2391","0","0","0","0","0","-100000","5","-100.00","308","15","0","0","0","","0","0","0","","",""
"080121","0000","0","100400","100500","100600","100700","100800","100900","101000","101100","101200","101300","100200","100100","100000","99700","99600","99500","99400","99200","99100","99000","16","646","75","222","133","367","296","24","260","706","62","45","63","70","369","356","112","344","689","291","2745","2401","0","0","0","0","0","-100000","5","-100.00","308","0","10","0","0","","0","0","0","","",""
"080122","0000","0","100400","100500","100600","100700","100800","100900","101000","101100","101200","101300","100200","100100","100000","99700","99600","99500","99400","99200","99100","99000","24","646","75","222","133","367","296","24","260","706","62","45","63","70","369","356","112","344","689","291","2753","2401","0","0","0","0","0","-100000","5","-100.00","308","8","0","0","0","","0","0","0","","",""
"080123","0000","0","100400","100500","100600","100700","100800","100900","101000","101100","101200","101300","100200","100100","100000","99700","99600","99500","99400","99200","99100","99000","24","646","75","222","133","367","296","24","260","706","62","45","72","70","369","356","112","344","689","291","2753","2410","0","0","0","0","0","-100000","5","-100.00","308","0","9","0","0","","0","0","0","","",""
"080123","0001","0","100400","100500","100600","100700","100800","100900","101000","101100","101200","101300","100200","100100","100000","99700","99600","99500","99400","99200","99100","99000","27","646","75","222","133","367","296","24","260","706","62","45","72","70","369","356","112","344","689","291","2756","2410","0","0","0","0","0","-100000","5","-100.00","308","3","0","0","0","","0","0","0","","",""
"080126","0000","0","100400","100500","100600","100700","100800","100900","101000","101100","101200","101300","100200","100100","100000","99700","99600","99500","99400","99200","99100","99000","27","646","75","222","133","368","296","24","260","706","62","45","72","70","369","356","112","344","689","291","2757","2410","0","0","0","0","0","-100000","5","-100.00","308","1","0","0","0","","0","0","0","","",""
"080127","0000","0","100400","100500","100600","100700","100800","100900","101000","101100","101200","101300","100200","100100","100000","99700","99600","99500","99400","99200","99100","99000","27","647","75","222","133","368","296","24","260","706","62","45","72","70","369","356","112","344","689","291","2758","2410","0","0","0","0","0","-100000","5","-100.00","308","1","0","0","0","","0","0","0","","",""
"080127","0001","0","100400","100500","100600","100700","100800","100900","101000","101100","101200","101300","100200","100100","100000","99800","99700","99600","99500","99400","99300","99200","27","662","75","222","133","368","296","24","260","706","62","45","72","1","70","370","357","113","1","344","2773","1435","0","0","0","0","0","-100000","5","-100.00","308","15","-975","0","0","","0","0","0","","",""
"080128","0000","0","100400","100500","100600","100700","100800","100900","101000","101100","101200","101300","100200","100100","100000","99900","99800","99700","99600","99500","99400","99300","27","662","75","222","133","368","296","24","260","706","62","45","73","1","1","71","370","357","113","1","2773","1094","0","0","0","0","0","-100000","5","-100.00","308","0","-341","0","0","","0","0","0","","",""
"080128","0001","0","100400","100500","100600","100700","100800","100900","101000","101100","101200","101300","100200","100100","100000","99900","99800","99700","99600","99500","99400","99300","27","662","75","222","133","368","296","24","260","706","62","45","73","1","1","71","370","367","113","1","2773","1104","0","0","0","0","0","-100000","5","-100.00","308","0","10","0","0","","0","0","0","","",""
"080129","0000","0","100400","100500","100600","100700","100800","100900","101000","101100","101200","101300","100200","100100","100000","99900","99800","99700","99600","99500","99400","99300","27","662","75","222","133","902","296","24","260","706","62","45","73","1","1","71","370","367","113","1","3307","1104","0","0","0","0","0","-100000","5","-100.00","308","534","0","0","0","","0","0","0","","",""
"080130","0000","0","100400","100500","100600","100700","100800","100900","101000","101100","101200","101300","100200","100100","100000","99900","99800","99700","99600","99500","99400","99300","27","662","75","222","133","902","296","24","260","706","62","45","73","1","1","71","370","367","113","1","3307","1104","0","0","0","0","0","-100000","5","-100.00","308","0","0","0","0","","0","0","0","","",""
"080131","0000","0","100400","100500","100600","100700","100800","100900","101000","101100","101200","101300","100200","100100","100000","99900","99800","99700","99600","99500","99400","99300","27","662","75","222","133","902","596","24","260","706","62","45","73","1","1","71","370","367","113","1","3607","1104","0","0","0","0","0","-100000","5","-100.00","308","300","0","0","0","","0","0","0","","",""
"080132","0000","0","100400","100500","100600","100700","100800","100900","101000","101100","101200","101300","100200","100100","100000","99900","99800","99700","99600","99500","99400","99300","27","662","75","222","133","902","596","24","260","706","62","45","73","1","1","71","370","368","113","1","3607","1105","0","0","0","0","0","-100000","5","-100.00","308","0","1","0","0","","0","0","0","","",""
"080133","0000","0","100400","100500","100600","100700","100800","100900","101000","101100","101200","101300","100200","100100","100000","99900","99800","99700","99600","99500","99400","99300","27","632","75","222","133","902","596","24","260","706","62","45","73","1","1","71","370","368","113","1","3577","1105","0","0","0","0","0","-100000","5","-100.00","308","-30","0","0","0","","0","0","0","","",""
"080134","0000","0","100400","100500","100600","100700","100800","100900","101000","101100","101200","101300","100200","100100","100000","99900","99800","99700","99600","99500","99400","99300","27","632","75","222","133","902","596","24","260","706","62","45","73","1","1","71","370","368","113","1","3577","1105","0","0","0","0","0","-100000","5","-100.00","308","0","0","0","0","","0","0","0","","",""
"080134","0001","0","100400","100500","100600","100700","100800","100900","101000","101100","101200","101300","100200","100100","100000","99900","99800","99700","99600","99500","99400","99300","27","632","75","222","133","902","596","314","260","706","62","45","73","1","1","71","370","368","113","1","3867","1105","0","0","0","0","0","-100000","5","-100.00","308","290","0","0","0","","0","0","0","","",""
"080137","0000","0","100400","100500","100600","100700","100800","100900","101000","101100","101200","101300","100200","100100","100000","99900","99800","99700","99600","99500","99400","99300","28","632","75","222","133","902","596","314","260","706","62","45","73","1","1","71","370","368","113","1","3868","1105","0","0","0","0","0","-100000","5","-100.00","308","1","0","0","0","","0","0","0","","",""
"080138","0000","0","100400","100500","100600","100700","100800","100900","101000","101100","101200","101300","100200","100100","100000","99900","99800","99700","99600","99500","99400","99300","28","632","75","222","133","902","596","314","260","706","61","45","73","1","1","71","370","368","113","1","3868","1104","0","0","0","0","0","-100000","5","-100.00","309","0","-1","0","0","","0","0","0","","",""
"080140","0000","0","100400","100500","100600","100700","100800","100900","101000","101100","101200","101300","100200","100100","100000","99900","99800","99700","99600","99500","99400","99300","28","632","75","222","133","902","596","314","260","806","61","45","73","1","1","71","370","368","113","1","3968","1104","0","0","0","0","0","-100000","5","-100.00","309","100","0","0","0","","0","0","0","","",""
"080141","0000","0","100400","100500","100600","100700","100800","100900","101000","101100","101200","101300","100200","100100","100000","99900","99800","99700","99600","99500","99400","99300","28","632","75","222","133","902","596","314","260","130","61","45","73","1","1","71","370","368","113","1","3292","1104","0","0","0","0","0","-100000","5","-100.00","309","-676","0","0","0","","0","0","0","","",""
"080141","0001","0","100400","100500","100600","100700","100800","100900","101000","101100","101200","101300","100200","100100","100000","99900","99800","99700","99600","99500","99400","99300","28","632","75","222","133","902","596","314","260","130","61","45","73","1","1","70","170","368","113","1","3292","903","0","0","0","0","0","-100000","5","-100.00","309","0","-201","0","0","","0","0","0","","",""
"080142","0000","0","100400","100500","100600","100700","100800","100900","101000","101100","101200","101300","100200","100100","100000","99900","99800","99700","99600","99500","99400","99300","28","632","75","222","133","903","596","314","260","130","61","45","73","1","1","70","170","368","113","1","3293","903","0","0","0","0","0","-100000","5","-100.00","309","1","0","0","0","","0","0","0","","",""
"080144","0000","0","100400","100500","100600","100700","100800","100900","101000","101100","101200","101300","100200","100100","100000","99900","99800","99700","99600","99500","99400","99300","128","632","75","222","133","903","596","314","260","130","61","45","73","1","1","70","170","368","113","1","3393","903","0","0","0","0","0","-100000","5","-100.00","309","100","0","0","0","","0","0","0","","",""
"080145","0000","0","100400","100500","100600","100700","100800","100900","101000","101100","101200","101300","100200","100100","100000","99900","99800","99700","99600","99500","99400","99300","128","632","75","222","133","913","596","314","260","130","61","45","73","1","1","70","170","368","113","1","3403","903","0","0","0","0","0","-100000","5","-100.00","309","10","0","0","0","","0","0","0","","",""
"080145","0001","0","100400","100500","100600","100700","100800","100900","101000","101100","101200","101300","100200","100100","100000","99900","99800","99700","99600","99500","99400","99300","250","632","75","222","133","913","596","314","260","130","61","45","73","1","1","70","170","368","113","1","3525","903","0","0","0","0","0","-100000","5","-100.00","309","122","0","0","0","","0","0","0","","",""
"080145","0002","0","100400","100500","100600","100700","100800","100900","101000","101100","101200","101300","100200","100100","100000","99900","99800","99700","99600","99500","99400","99300","250","634","75","222","133","913","596","314","260","130","61","45","73","1","1","70","170","368","113","1","3527","903","0","0","0","0","0","-100000","5","-100.00","309","2","0","0","0","","0","0","0","","",""
"080147","0000","0","100400","100500","100600","100700","100800","100900","101000","101100","101200","101300","100200","100100","100000","99900","99800","99700","99600","99500","99400","99300","265","634","75","222","133","913","596","314","260","130","61","45","73","1","1","70","170","368","113","1","3542","903","0","0","0","0","0","-100000","5","-100.00","309","15","0","0","0","","0","0","0","","",""
"080148","0000","0","100400","100500","100600","100700","100800","100900","101000","101100","101200","101300","100200","100100","100000","99900","99800","99700","99600","99500","99400","99300","265","534","75","222","233","913","626","314","260","130","61","45","83","1","1","70","170","368","113","1","3572","913","0","0","0","0","0","-100000","5","-100.00","309","30","10","0","0","","0","0","0","","",""
"080149","0000","0","100400","100500","100600","100700","100800","100900","101000","101100","101200","101300","100200","100100","100000","99900","99800","99700","99600","99500","99400","99300","265","534","75","222","233","913","626","314","260","130","67","45","83","1","1","70","170","368","113","1","3572","919","0","0","0","0","0","-100000","5","-100.00","309","0","6","0","0","","0","0","0","","",""
"080149","0001","0","100400","100500","100600","100700","100800","100900","101000","101100","101200","101300","100200","100100","100000","99900","99800","99700","99600","99500","99400","99300","265","534","75","283","233","913","626","314","260","130","67","45","83","1","1","70","170","368","113","1","3633","919","0","0","0","0","0","-100000","5","-100.00","309","61","0","0","0","","0","0","0","","",""
"080151","0000","0","100400","100500","100600","100700","100800","100900","101000","101100","101200","101300","100200","100100","100000","99900","99800","99700","99600","99500","99400","99300","265","534","75","283","233","913","626","344","260","130","67","45","83","1","1","70","170","368","113","1","3663","919","0","0","0","0","0","-100000","5","-100.00","309","30","0","0","0","","0","0","0","","",""
"080151","0001","0","100400","100500","100600","100700","100800","100900","101000","101100","101200","101300","100200","100100","100000","99900","99800","99700","99600","99500","99400","99300","264","534","75","283","233","913","626","344","260","130","67","45","83","1","1","70","170","368","113","1","3662","919","0","0","0","0","0","-100000","5","-100.00","310","-1","0","0","0","","0","0","0","","",""
"080151","0002","0","100400","100500","100600","100700","100800","100900","101000","101100","101200","101300","100200","100100","100000","99900","99800","99700","99600","99500","99400","99300","264","534","75","283","233","913","626","344","260","130","67","45","103","1","1","70","170","368","113","1","3662","939","0","0","0","0","0","-100000","5","-100.00","310","0","20","0","0","","0","0","0","","",""
"080151","0003","0","100400","100500","100600","100700","100800","100900","101000","101100","101200","101300","100200","100100","100000","99900","99800","99700","99600","99500","99400","99300","264","534","75","283","233","913","626","344","260","130","52","45","103","1","1","70","170","368","113","1","3662","924","0","0","0","0","0","-100000","5","-100.00","325","0","-15","0","0","","0","0","0","","",""
"080152","0000","0","100400","100500","100600","100700","100800","100900","101000","101100","101200","101300","100200","100100","100000","99900","99800","99700","99600","99500","99400","99300","264","534","75","283","233","913","626","344","260","130","62","45","103","1","1","70","170","368","113","1","3662","934","0","0","0","0","0","-100000","5","-100.00","325","0","10","0","0","","0","0","0","","",""
"080152","0001","0","100300","100400","100500","100600","100700","100800","100900","101000","101100","101200","100200","100100","100000","99900","99800","99700","99600","99500","99400","99300","220","264","534","75","283","233","913","626","344","260","62","45","103","20","1","70","170","368","113","1","3752","953","0","0","0","0","0","-100000","5","-100.00","325","90","19","0","0","","0","0","0","","",""
"080152","0002","0","100300","100400","100500","100600","100700","100800","100900","101000","101100","101200","100200","100100","100000","99900","99800","99700","99600","99500","99400","99300","220","264","534","125","283","233","913","626","344","260","62","45","103","20","1","70","170","368","113","1","3802","953","0","0","0","0","0","-100000","5","-100.00","325","50","0","0","0","","0","0","0","","",""
"080152","0003","0","100300","100400","100500","100600","100700","100800","100900","101000","101100","101200","100200","100100","100000","99900","99800","99700","99600","99500","99400","99300","220","264","534","125","283","233","913","626","344","260","62","45","103","20","1","70","170","368","113","1","3802","953","0","0","0","0","0","-100000","5","-100.00","325","0","0","0","0","","0","0","0","","",""
"080153","0000","0","100300","100400","100500","100600","100700","100800","100900","101000","101100","101200","100200","100100","100000","99900","99800","99700","99600","99500","99400","99300","220","265","534","125","283","233","913","626","344","260","62","45","103","20","1","70","170","368","113","1","3803","953","0","0","0","0","0","-100000","5","-100.00","325","1","0","0","0","","0","0","0","","",""
"080154","0000","0","100300","100400","100500","100600","100700","100800","100900","101000","101100","101200","100200","100100","100000","99900","99800","99700","99600","99500","99400","99300","220","265","534","125","284","233","913","626","344","260","62","45","103","20","1","70","170","368","113","1","3804","953","0","0","0","0","0","-100000","5","-100.00","325","1","0","0","0","","0","0","0","","",""
"080154","0001","0","100300","100400","100500","100600","100700","100800","100900","101000","101100","101200","100200","100100","100000","99900","99800","99700","99600","99500","99400","99300","220","265","534","125","284","233","913","626","344","260","72","45","93","20","1","70","170","368","113","1","3804","953","0","0","0","0","0","-100000","5","-100.00","325","0","0","0","0","","0","0","0","","",""
"080154","0002","0","100300","100400","100500","100600","100700","100800","100900","101000","101100","101200","100200","100100","100000","99900","99800","99700","99600","99500","99400","99300","220","265","534","125","284","233","913","627","344","260","72","45","93","20","1","70","170","368","113","1","3805","953","0","0","0","0","0","-100000","5","-100.00","325","1","0","0","0","","0","0","0","","",""
"080155","0000","0","100300","100400","100500","100600","100700","100800","100900","101000","101100","101200","100200","100100","100000","99900","99800","99700","99600","99500","99400","99300","220","265","534","125","284","233","923","627","344","290","72","45","93","20","1","70","170","368","113","1","3845","953","0","0","0","0","0","-100000","5","-100.00","325","40","0","0","0","","0","0","0","","",""
"080155","0001","0","100300","100400","100500","100600","100700","100800","100900","101000","101100","101200","100200","100100","100000","99900","99800","99700","99600","99500","99400","99300","220","265","534","125","284","233","923","627","344","290","372","45","93","20","1","70","170","368","113","1","3845","1253","0","0","0","0","0","-100000","5","-100.00","325","0","300","0","0","","0","0","0","","",""
"080156","0000","0","100300","100400","100500","100600","100700","100800","100900","101000","101100","101200","100200","100100","100000","99900","99800","99700","99600","99500","99400","99300","220","265","534","125","284","233","923","627","344","290","372","50","93","20","1","70","170","368","113","1","3845","1258","0","0","0","0","0","-100000","5","-100.00","325","0","5","0","0","","0","0","0","","",""
"080156","0001","0","100300","100400","100500","100600","100700","100800","100900","101000","101100","101200","100200","100100","100000","99900","99800","99700","99600","99500","99400","99300","225","265","534","125","284","233","923","627","344","290","372","50","93","20","1","70","170","368","113","1","3850","1258","0","0","0","0","0","-100000","5","-100.00","325","5","0","0","0","","0","0","0","","",""
"080157","0000","0","100300","100400","100500","100600","100700","100800","100900","101000","101100","101200","100200","100100","100000","99900","99800","99700","99600","99500","99400","99300","224","265","534","125","284","233","923","627","344","290","372","50","93","20","1","70","170","368","113","1","3849","1258","0","0","0","0","0","-100000","5","-100.00","326","-1","0","0","0","","0","0","0","","",""
"080158","0000","0","100300","100400","100500","100600","100700","100800","100900","101000","101100","101200","100200","100100","100000","99900","99800","99700","99600","99500","99400","99300","224","265","535","125","284","233","923","627","344","290","372","50","93","20","1","70","170","368","113","1","3850","1258","0","0","0","0","0","-100000","5","-100.00","326","1","0","0","0","","0","0","0","","",""
"080159","0000","0","100300","100400","100500","100600","100700","100800","100900","101000","101100","101200","100200","100100","100000","99900","99800","99700","99600","99500","99400","99300","224","265","535","125","284","233","923","627","344","290","367","50","93","20","1","70","170","368","113","1","3850","1253","0","0","0","0","0","-100000","5","-100.00","331","0","-5","0","0","","0","0","0","","",""
"080202","0000","0","100300","100400","100500","100600","100700","100800","100900","101000","101100","101200","100200","100100","100000","99900","99800","99700","99600","99500","99400","99300","224","265","535","125","284","233","923","627","344","290","372","50","93","20","1","70","170","368","113","1","3850","1258","0","0","0","0","0","-100000","5","-100.00","331","0","5","0","0","","0","0","0","","",""
"080205","0000","0","100300","100400","100500","100600","100700","100800","100900","101000","101100","101200","100200","100100","100000","99900","99800","99700","99600","99500","99400","99300","187","315","535","125","284","233","923","627","344","290","372","50","93","20","1","70","170","368","113","1","3863","1258","0","0","0","0","0","-100000","5","-100.00","368","13","0","0","0","","0","0","0","","",""
"080207","0000","0","100300","100400","100500","100600","100700","100800","100900","101000","101100","101200","100200","100100","100000","99900","99800","99700","99600","99500","99400","99300","187","315","535","125","284","233","923","677","344","290","372","50","93","20","1","70","170","368","113","1","3913","1258","0","0","0","0","0","-100000","5","-100.00","368","50","0","0","0","","0","0","0","","",""
"080209","0000","0","100300","100400","100500","100600","100700","100800","100900","101000","101100","101200","100200","100100","100000","99900","99800","99700","99600","99500","99400","99300","187","315","535","125","284","233","923","677","344","341","372","50","93","20","1","70","170","368","113","1","3964","1258","0","0","0","0","0","-100000","5","-100.00","368","51","0","0","0","","0","0","0","","",""
"080211","0000","0","100300","100400","100500","100600","100700","100800","100900","101000","101100","101200","100200","100100","100000","99900","99800","99700","99600","99500","99400","99300","187","315","535","125","284","234","923","677","344","341","372","50","93","20","1","70","170","368","113","1","3965","1258","0","0","0","0","0","-100000","5","-100.00","368","1","0","0","0","","0","0","0","","",""
"080212","0000","0","100300","100400","100500","100600","100700","100800","100900","101000","101100","101200","100200","100100","100000","99900","99800","99700","99600","99500","99400","99300","202","315","535","125","284","234","923","677","344","341","372","50","93","20","1","70","170","368","113","1","3980","1258","0","0","0","0","0","-100000","5","-100.00","368","15","0","0","0","","0","0","0","","",""
"080212","0001","0","100300","100400","100500","100600","100700","100800","100900","101000","101100","101200","100200","100100","100000","99900","99800","99700","99600","99500","99400","99300","202","315","535","125","284","234","923","677","344","341","372","50","93","20","2","70","170","368","113","1","3980","1259","0","0","0","0","0","-100000","5","-100.00","368","0","1","0","0","","0","0","0","","",""
"080215","0000","0","100300","100400","100500","100600","100700","100800","100900","101000","101100","101200","100200","100100","100000","99900","99800","99700","99600","99500","99400","99300","202","315","535","125","284","234","923","677","344","342","372","50","93","20","2","70","170","368","113","11","3981","1269","0","0","0","0","0","-100000","5","-100.00","368","1","10","0","0","","0","0","0","","",""
"080216","0000","0","100300","100400","100500","100600","100700","100800","100900","101000","101100","101200","100200","100100","100000","99900","99800","99700","99600","99500","99400","99300","216","315","535","125","284","234","923","677","344","342","372","50","93","20","2","70","170","368","113","11","3995","1269","0","0","0","0","0","-100000","5","-100.00","368","14","0","0","0","","0","0","0","","",""
"080216","0001","0","100300","100400","100500","100600","100700","100800","100900","101000","101100","101200","100200","100100","100000","99900","99800","99700","99600","99500","99400","99300","416","315","335","125","284","234","923","677","344","342","372","50","93","20","2","70","170","368","113","11","3995","1269","0","0","0","0","0","-100000","5","-100.00","368","0","0","0","0","","0","0","0","","",""
"080219","0000","0","100300","100400","100500","100600","100700","100800","100900","101000","101100","101200","100200","100100","100000","99900","99800","99700","99600","99500","99400","99300","416","415","335","125","284","234","923","677","344","342","372","50","93","20","2","70","170","368","113","11","4095","1269","0","0","0","0","0","-100000","5","-100.00","368","100","0","0","0","","0","0","0","","",""
"080220","0000","0","100300","100400","100500","100600","100700","100800","100900","101000","101100","101200","100200","100100","100000","99900","99800","99700","99600","99500","99400","99300","437","415","335","125","284","234","923","677","344","342","372","50","93","20","2","70","170","368","113","11","4116","1269","0","0","0","0","0","-100000","5","-100.00","368","21","0","0","0","","0","0","0","","",""
"080221","0000","0","100300","100400","100500","100600","100700","100800","100900","101000","101100","101200","100200","100100","100000","99900","99800","99700","99600","99500","99400","99300","432","415","335","125","284","234","923","677","344","342","372","50","93","20","2","70","170","368","113","11","4111","1269","0","0","0","0","0","-100000","5","-100.00","373","-5","0","0","0","","0","0","0","","",""
"080221","0001","0","100300","100400","100500","100600","100700","100800","100900","101000","101100","101200","100200","100100","100000","99900","99800","99700","99600","99500","99400","99300","432","415","335","125","284","234","923","700","344","342","372","50","93","20","2","70","170","368","113","11","4134","1269","0","0","0","0","0","-100000","5","-100.00","373","23","0","0","0","","0","0","0","","",""
"080221","0002","0","100300","100400","100500","100600","100700","100800","100900","101000","101100","101200","100200","100100","100000","99900","99800","99700","99600","99500","99400","99300","432","415","335","125","284","234","923","750","344","342","372","50","93","20","2","70","170","368","113","11","4184","1269","0","0","0","0","0","-100000","5","-100.00","373","50","0","0","0","","0","0","0","","",""
"080222","0000","0","100300","100400","100500","100600","100700","100800","100900","101000","101100","101200","100200","100100","100000","99900","99800","99700","99600","99500","99400","99300","432","415","335","125","284","274","923","750","344","342","372","50","93","20","2","70","170","368","113","11","4224","1269","0","0","0","0","0","-100000","5","-100.00","373","40","0","0","0","","0","0","0","","",""
"080225","0000","0","100300","100400","100500","100600","100700","100800","100900","101000","101100","101200","100200","100100","100000","99900","99800","99700","99600","99500","99400","99300","432","465","335","125","284","274","923","750","344","342","372","50","93","20","2","70","170","368","113","11","4274","1269","0","0","0","0","0","-100000","5","-100.00","373","50","0","0","0","","0","0","0","","",""
"080225","0001","0","100300","100400","100500","100600","100700","100800","100900","101000","101100","101200","100200","100100","100000","99900","99800","99700","99600","99500","99400","99300","432","465","335","125","284","274","923","750","344","342","372","50","94","20","2","70","170","368","113","11","4274","1270","0","0","0","0","0","-100000","5","-100.00","373","0","1","0","0","","0","0","0","","",""
"080226","0000","0","100300","100400","100500","100600","100700","100800","100900","101000","101100","101200","100200","100100","100000","99900","99800","99700","99600","99500","99400","99300","332","465","335","125","284","274","923","750","344","342","272","50","94","20","2","70","170","368","113","11","4174","1170","0","0","0","0","0","-100000","5","-100.00","473","-100","-100","0","0","","0","0","0","","",""
"080227","0000","0","100300","100400","100500","100600","100700","100800","100900","101000","101100","101200","100200","100100","100000","99900","99800","99700","99600","99500","99400","99300","340","457","335","125","284","274","923","750","344","342","272","50","94","20","2","70","170","368","113","11","4174","1170","0","0","0","0","0","-100000","5","-100.00","473","0","0","0","0","","0","0","0","","",""
"080228","0000","0","100300","100400","100500","100600","100700","100800","100900","101000","101100","101200","100200","100100","100000","99900","99800","99700","99600","99500","99400","99300","340","457","335","125","284","274","923","750","344","342","272","50","94","20","2","70","170","378","113","11","4174","1180","0","0","0","0","0","-100000","5","-100.00","473","0","10","0","0","","0","0","0","","",""
"080229","0000","0","100300","100400","100500","100600","100700","100800","100900","101000","101100","101200","100200","100100","100000","99900","99800","99700","99600","99500","99400","99300","310","457","335","125","284","274","923","750","344","342","272","50","94","20","2","70","170","378","113","11","4144","1180","0","0","0","0","0","-100000","5","-100.00","503","-30","0","0","0","","0","0","0","","",""
"080229","0001","0","100300","100400","100500","100600","100700","100800","100900","101000","101100","101200","100200","100100","100000","99900","99800","99700","99600","99500","99400","99300","310","457","355","125","284","274","923","750","344","342","272","50","94","20","2","70","170","378","113","11","4164","1180","0","0","0","0","0","-100000","5","-100.00","503","20","0","0","0","","0","0","0","","",""
"080230","0000","0","100300","100400","100500","100600","100700","100800","100900","101000","101100","101200","100200","100100","100000","99900","99800","99700","99600","99500","99400","99300","310","457","355","125","284","274","953","750","344","342","272","50","94","20","2","70","170","378","113","11","4194","1180","0","0","0","0","0","-100000","5","-100.00","503","30","0","0","0","","0","0","0","","",""
"080233","0000","0","100300","100400","100500","100600","100700","100800","100900","101000","101100","101200","100200","100100","100000","99900","99800","99700","99600","99500","99400","99300","310","457","355","69","284","274","953","750","344","342","272","50","94","20","2","70","170","379","113","11","4138","1181","0","0","0","0","0","-100000","5","-100.00","503","-56","1","0","0","","0","0","0","","",""
"080233","0001","0","100300","100400","100500","100600","100700","100800","100900","101000","101100","101200","100200","100100","100000","99900","99800","99700","99600","99500","99400","99300","310","457","355","69","284","274","953","750","344","343","272","50","94","20","2","70","170","379","113","11","4139","1181","0","0","0","0","0","-100000","5","-100.00","503","1","0","0","0","","0","0","0","","",""
"080234","0000","0","100300","100400","100500","100600","100700","100800","100900","101000","101100","101200","100200","100100","100000","99900","99800","99700","99600","99500","99400","99300","307","457","355","69","284","274","953","750","344","343","272","50","94","20","2","70","170","379","113","11","4136","1181","0","0","0","0","0","-100000","5","-100.00","506","-3","0","0","0","","0","0","0","","",""
"080235","0000","0","100300","100400","100500","100600","100700","100800","100900","101000","101100","101200","100200","100100","100000","99900","99800","99700","99600","99500","99400","99300","307","457","580","69","284","274","953","750","344","343","272","50","94","20","2","70","170","379","113","11","4361","1181","0","0","0","0","0","-100000","5","-100.00","506","225","0","0","0","","0","0","0","","",""
"080235","0001","0","100300","100400","100500","100600","100700","100800","100900","101000","101100","101200","100200","100100","100000","99900","99800","99700","99600","99500","99400","99300","307","457","580","69","284","274","953","750","344","343","272","50","95","20","2","70","170","379","113","11","4361","1182","0","0","0","0","0","-100000","5","-100.00","506","0","1","0","0","","0","0","0","","",""
"080236","0000","0","100300","100400","100500","100600","100700","100800","100900","101000","101100","101200","100200","100100","100000","99900","99800","99700","99600","99500","99400","99300","307","457","580","69","284","174","953","750","344","343","272","50","95","20","2","70","170","379","113","11","4261","1182","0","0","0","0","0","-100000","5","-100.00","506","-100","0","0","0","","0","0","0","","",""
"080237","0000","0","100300","100400","100500","100600","100700","100800","100900","101000","101100","101200","100200","100100","100000","99900","99800","99700","99600","99500","99400","99300","307","457","580","69","284","174","958","750","344","343","272","50","95","20","2","70","170","379","113","11","4266","1182","0","0","0","0","0","-100000","5","-100.00","506","5","0","0","0","","0","0","0","","",""
"080244","0000","0","100300","100400","100500","100600","100700","100800","100900","101000","101100","101200","100200","100100","100000","99900","99800","99700","99600","99500","99400","99300","307","457","580","69","284","174","958","750","344","343","272","50","95","20","2","70","170","379","113","12","4266","1183","0","0","0","0","0","-100000","5","-100.00","506","0","1","0","0","","0","0","0","","",""
"080245","0000","0","100300","100400","100500","100600","100700","100800","100900","101000","101100","101200","100200","100100","100000","99900","99800","99700","99600","99500","99400","99300","307","457","580","69","284","174","958","750","344","343","272","50","95","20","2","70","170","399","113","12","4266","1203","0","0","0","0","0","-100000","5","-100.00","506","0","20","0","0","","0","0","0","","",""
"080245","0001","0","100300","100400","100500","100600","100700","100800","100900","101000","101100","101200","100200","100100","100000","99900","99800","99700","99600","99500","99400","99300","307","457","580","69","284","174","958","780","344","343","272","50","95","20","2","70","170","399","113","12","4296","1203","0","0","0","0","0","-100000","5","-100.00","506","30","0","0","0","","0","0","0","","",""
"080246","0000","0","100300","100400","100500","100600","100700","100800","100900","101000","101100","101200","100200","100100","100000","99900","99800","99700","99600","99500","99400","99300","307","457","580","69","284","174","958","780","344","443","272","50","95","20","2","70","170","399","114","12","4396","1204","0","0","0","0","0","-100000","5","-100.00","506","100","1","0","0","","0","0","0","","",""
"080246","0001","0","100300","100400","100500","100600","100700","100800","100900","101000","101100","101200","100200","100100","100000","99900","99800","99700","99600","99500","99400","99300","362","457","580","69","284","174","958","780","344","443","272","50","95","20","2","70","170","399","114","12","4451","1204","0","0","0","0","0","-100000","5","-100.00","506","55","0","0","0","","0","0","0","","",""
"080246","0002","0","100300","100400","100500","100600","100700","100800","100900","101000","101100","101200","100200","100100","100000","99900","99800","99700","99600","99500","99400","99300","362","457","580","69","284","174","958","780","344","443","322","50","95","20","2","70","170","399","114","12","4451","1254","0","0","0","0","0","-100000","5","-100.00","506","0","50","0","0","","0","0","0","","",""
"080247","0000","0","100300","100400","100500","100600","100700","100800","100900","101000","101100","101200","100200","100100","100000","99900","99800","99700","99600","99500","99400","99300","362","457","580","69","284","174","958","780","344","443","322","50","95","20","2","70","170","400","114","12","4451","1255","0","0","0","0","0","-100000","5","-100.00","506","0","1","0","0","","0","0","0","","",""
"080248","0000","0","100300","100400","100500","100600","100700","100800","100900","101000","101100","101200","100200","100100","100000","99900","99800","99700","99600","99500","99400","99300","362","457","580","69","284","174","717","780","344","443","322","50","95","20","2","70","171","400","114","12","4210","1256","0","0","0","0","0","-100000","5","-100.00","506","-241","1","0","0","","0","0","0","","",""
"080250","0000","0","100300","100400","100500","100600","100700","100800","100900","101000","101100","101200","100200","100100","100000","99900","99800","99700","99600","99500","99400","99300","362","457","580","69","284","174","717","780","344","443","322","50","95","20","2","70","171","400","114","12","4210","1256","0","0","0","0","0","-100000","5","-100.00","506","0","0","0","0","","0","0","0","","",""
"080250","0001","0","100300","100400","100500","100600","100700","100800","100900","101000","101100","101200","100200","100100","100000","99900","99800","99700","99600","99500","99400","99300","362","457","580","69","284","174","717","780","344","443","322","50","95","20","2","71","171","400","114","12","4210","1257","0","0","0","0","0","-100000","5","-100.00","506","0","1","0","0","","0","0","0","","",""
"080252","0000","0","100300","100400","100500","100600","100700","100800","100900","101000","101100","101200","100200","100100","100000","99900","99800","99700","99600","99500","99400","99300","263","457","580","69","284","174","717","780","344","443","322","50","95","20","2","71","171","400","114","12","4111","1257","0","0","0","0","0","-100000","5","-100.00","605","-99","0","0","0","","0","0","0","","",""
"080253","0000","0","100300","100400","100500","100600","100700","100800","100900","101000","101100","101200","100200","100100","100000","99900","99800","99700","99600","99500","99400","99300","263","457","580","69","284","174","717","780","344","443","322","50","95","20","3","71","171","400","114","12","4111","1258","0","0","0","0","0","-100000","5","-100.00","605","0","1","0","0","","0","0","0","","",""
"080255","0000","0","100300","100400","100500","100600","100700","100800","100900","101000","101100","101200","100200","100100","100000","99900","99800","99700","99600","99500","99400","99300","263","457","580","69","284","174","717","780","344","443","322","50","95","21","3","71","171","400","114","12","4111","1259","0","0","0","0","0","-100000","5","-100.00","605","0","1","0","0","","0","0","0","","",""
"080255","0001","0","100300","100400","100500","100600","100700","100800","100900","101000","101100","101200","100200","100100","100000","99900","99800","99700","99600","99500","99400","99300","213","457","580","69","284","174","717","780","344","443","272","50","95","21","3","71","171","400","114","12","4061","1209","0","0","0","0","0","-100000","5","-100.00","655","-50","-50","0","0","","0","0","0","","",""
"080256","0000","0","100300","100400","100500","100600","100700","100800","100900","101000","101100","101200","100200","100100","100000","99900","99800","99700","99600","99500","99400","99300","213","457","580","69","284","174","717","780","344","443","5","50","95","21","3","71","171","400","114","12","4061","942","0","0","0","0","0","-100000","5","-100.00","922","0","-267","0","0","","0","0","0","","",""
"080257","0000","0","100300","100400","100500","100600","100700","100800","100900","101000","101100","101200","100200","100100","100000","99900","99800","99700","99600","99500","99400","99300","214","457","580","69","284","174","717","780","344","443","5","50","96","21","3","71","171","400","114","12","4062","943","0","0","0","0","0","-100000","5","-100.00","922","1","1","0","0","","0","0","0","","",""
"080257","0001","0","100300","100400","100500","100600","100700","100800","100900","101000","101100","101200","100200","100100","100000","99900","99800","99700","99600","99500","99400","99300","214","457","580","69","284","174","604","780","344","443","5","50","96","21","3","71","171","400","114","12","3949","943","0","0","0","0","0","-100000","5","-100.00","922","-113","0","0","0","","0","0","0","","",""
"080259","0000","0","100300","100400","100500","100600","100700","100800","100900","101000","101100","101200","100200","100100","100000","99900","99800","99700","99600","99500","99400","99300","214","457","580","69","284","174","604","780","344","443","5","51","96","21","3","71","171","400","114","12","3949","944","0","0","0","0","0","-100000","5","-100.00","922","0","1","0","0","","0","0","0","","",""
"080302","0000","0","100300","100400","100500","100600","100700","100800","100900","101000","101100","101200","100200","100100","100000","99900","99800","99700","99600","99500","99400","99300","214","462","580","69","284","174","604","780","344","443","5","51","96","21","3","71","171","400","114","12","3954","944","0","0","0","0","0","-100000","5","-100.00","922","5","0","0","0","","0","0","0","","",""
"080302","0001","0","100300","100400","100500","100600","100700","100800","100900","101000","101100","101200","100200","100100","100000","99900","99800","99700","99600","99500","99400","99300","214","462","580","69","284","174","604","780","344","443","6","51","96","21","3","71","171","400","114","12","3954","945","0","0","0","0","0","-100000","5","-100.00","922","0","1","0","0","","0","0","0","","",""
"080304","0000","0","100300","100400","100500","100600","100700","100800","100900","101000","101100","101200","100200","100100","100000","99900","99800","99700","99600","99500","99400","99300","214","462","581","69","284","174","604","781","344","443","6","51","96","21","3","71","171","400","114","12","3956","945","0","0","0","0","0","-100000","5","-100.00","922","2","0","0","0","","0","0","0","","",""
"080305","0000","0","100300","100400","100500","100600","100700","100800","100900","101000","101100","101200","100200","100100","100000","99900","99800","99700","99600","99500","99400","99300","214","462","581","70","284","174","604","781","344","443","6","51","96","21","3","71","171","400","114","12","3957","945","0","0","0","0","0","-100000","5","-100.00","922","1","0","0","0","","0","0","0","","",""
"080305","0001","0","100300","100400","100500","100600","100700","100800","100900","101000","101100","101200","100200","100100","100000","99900","99800","99700","99600","99500","99400","99300","214","462","582","70","284","174","604","781","344","443","6","51","96","21","3","71","171","400","114","12","3958","945","0","0","0","0","0","-100000","5","-100.00","922","1","0","0","0","","0","0","0","","",""
"080305","0002","0","100300","100400","100500","100600","100700","100800","100900","101000","101100","101200","100200","100100","100000","99900","99800","99700","99600","99500","99400","99300","214","462","582","70","284","174","604","781","344","443","6","51","97","21","3","71","171","400","114","12","3958","946","0","0","0","0","0","-100000","5","-100.00","922","0","1","0","0","","0","0","0","","",""
"080306","0000","0","100300","100400","100500","100600","100700","100800","100900","101000","101100","101200","100200","100100","100000","99900","99800","99700","99600","99500","99400","99300","214","462","582","70","284","174","604","811","344","443","6","51","97","21","3","71","171","400","114","12","3988","946","0","0","0","0","0","-100000","5","-100.00","922","30","0","0","0","","0","0","0","","",""
"080312","0000","0","100200","100300","100400","100500","100600","100700","100800","100900","101000","101100","100100","100000","99900","99800","99700","99600","99500","99400","99300","99200","94","114","462","582","70","284","174","604","811","344","51","97","21","3","71","171","400","114","12","124","3539","1064","0","0","0","0","0","-100000","5","-100.00","928","-449","118","0","0","","0","0","0","","",""
"080312","0001","0","100200","100300","100400","100500","100600","100700","100800","100900","101000","101100","100100","100000","99900","99800","99700","99600","99500","99400","99300","99200","94","124","462","582","70","284","174","604","811","344","51","97","21","3","71","171","400","114","12","124","3549","1064","0","0","0","0","0","-100000","5","-100.00","928","10","0","0","0","","0","0","0","","",""
"080316","0000","0","100200","100300","100400","100500","100600","100700","100800","100900","101000","101100","100100","100000","99900","99800","99700","99600","99500","99400","99300","99200","119","124","462","582","70","284","174","604","811","344","51","97","21","3","71","171","400","114","12","124","3574","1064","0","0","0","0","0","-100000","5","-100.00","928","25","0","0","0","","0","0","0","","",""
"080316","0001","0","100200","100300","100400","100500","100600","100700","100800","100900","101000","101100","100100","100000","99900","99800","99700","99600","99500","99400","99300","99200","149","124","462","582","70","284","174","604","811","344","51","97","21","3","71","171","400","114","12","124","3604","1064","0","0","0","0","0","-100000","5","-100.00","928","30","0","0","0","","0","0","0","","",""
"080316","0002","0","100200","100300","100400","100500","100600","100700","100800","100900","101000","101100","100100","100000","99900","99800","99700","99600","99500","99400","99300","99200","149","124","462","582","70","284","174","604","811","349","51","97","21","3","71","171","400","114","12","124","3609","1064","0","0","0","0","0","-100000","5","-100.00","928","5","0","0","0","","0","0","0","","",""
"080316","0003","0","100200","100300","100400","100500","100600","100700","100800","100900","101000","101100","100100","100000","99900","99800","99700","99600","99500","99400","99300","99200","161","224","462","582","70","284","174","604","811","349","51","97","21","3","71","171","400","114","12","124","3721","1064","0","0","0","0","0","-100000","5","-100.00","928","112","0","0","0","","0","0","0","","",""
"080321","0000","0","100200","100300","100400","100500","100600","100700","100800","100900","101000","101100","100100","100000","99900","99800","99700","99600","99500","99400","99300","99200","161","224","462","582","70","284","174","604","811","349","51","100","21","3","71","171","400","114","12","124","3721","1067","0","0","0","0","0","-100000","5","-100.00","928","0","3","0","0","","0","0","0","","",""
"080322","0000","0","100200","100300","100400","100500","100600","100700","100800","100900","101000","101100","100100","100000","99900","99800","99700","99600","99500","99400","99300","99200","161","224","462","582","70","284","174","604","812","349","51","100","21","3","71","171","400","114","12","124","3722","1067","0","0","0","0","0","-100000","5","-100.00","928","1","0","0","0","","0","0","0","","",""
"080326","0000","0","100200","100300","100400","100500","100600","100700","100800","100900","101000","101100","100100","100000","99900","99800","99700","99600","99500","99400","99300","99200","161","224","467","582","70","284","174","604","812","350","51","100","21","3","71","171","400","114","12","124","3728","1067","0","0","0","0","0","-100000","5","-100.00","928","6","0","0","0","","0","0","0","","",""
"080328","0000","0","100200","100300","100400","100500","100600","100700","100800","100900","101000","101100","100100","100000","99900","99800","99700","99600","99500","99400","99300","99200","160","224","467","582","70","284","174","604","812","350","51","100","21","3","71","171","400","114","12","124","3727","1067","0","0","0","0","0","-100000","5","-100.00","929","-1","0","0","0","","0","0","0","","",""
"080329","0000","0","100200","100300","100400","100500","100600","100700","100800","100900","101000","101100","100100","100000","99900","99800","99700","99600","99500","99400","99300","99200","161","224","467","582","70","284","174","604","812","350","51","100","21","3","71","171","400","114","12","124","3728","1067","0","0","0","0","0","-100000","5","-100.00","929","1","0","0","0","","0","0","0","","",""
"080330","0000","0","100200","100300","100400","100500","100600","100700","100800","100900","101000","101100","100100","100000","99900","99800","99700","99600","99500","99400","99300","99200","160","224","467","582","70","284","174","604","812","350","51","100","21","3","71","171","400","114","12","124","3727","1067","0","0","0","0","0","-100000","5","-100.00","930","-1","0","0","0","","0","0","0","","",""
"080331","0000","0","100300","100400","100500","100600","100700","100800","100900","101000","101100","101200","100200","100100","100000","99900","99800","99700","99600","99500","99400","99300","224","467","582","70","284","174","604","812","350","443","312","51","100","21","3","71","171","400","114","12","4010","1255","0","0","0","0","0","-100000","5","-100.00","1090","283","188","0","0","","0","0","0","","",""
"080333","0000","0","100400","100500","100600","100700","100800","100900","101000","101100","101200","101300","100300","100200","100100","100000","99900","99800","99700","99600","99500","99400","467","582","70","284","174","604","812","350","443","137","312","1","51","100","21","3","71","171","400","114","3923","1244","0","0","0","0","0","-100000","5","-100.00","1314","-87","-11","0","0","","0","0","0","","",""
"080335","0000","0","100400","100500","100600","100700","100800","100900","101000","101100","101200","101300","100300","100200","100100","100000","99900","99800","99700","99600","99500","99400","467","582","70","284","174","604","812","350","443","137","312","51","51","100","21","3","71","171","400","114","3923","1294","0","0","0","0","0","-100000","5","-100.00","1314","0","50","0","0","","0","0","0","","",""
"080336","0000","0","100400","100500","100600","100700","100800","100900","101000","101100","101200","101300","100300","100200","100100","100000","99900","99800","99700","99600","99500","99400","467","582","70","284","174","604","812","350","443","137","312","56","51","100","21","3","71","171","400","114","3923","1299","0","0","0","0","0","-100000","5","-100.00","1314","0","5","0","0","","0","0","0","","",""
"080337","0000","0","100400","100500","100600","100700","100800","100900","101000","101100","101200","101300","100300","100200","100100","100000","99900","99800","99700","99600","99500","99400","467","587","70","284","174","604","812","350","443","137","312","56","51","100","21","3","71","171","400","114","3928","1299","0","0","0","0","0","-100000","5","-100.00","1314","5","0","0","0","","0","0","0","","",""
"080338","0000","0","100400","100500","100600","100700","100800","100900","101000","101100","101200","101300","100300","100200","100100","100000","99900","99800","99700","99600","99500","99400","467","587","70","284","174","604","812","350","443","137","312","56","61","100","21","3","71","171","400","114","3928","1309","0","0","0","0","0","-100000","5","-100.00","1314","0","10","0","0","","0","0","0","","",""
"080338","0001","0","100500","100600","100700","100800","100900","101000","101100","101200","101300","101400","100400","100300","100200","100100","100000","99900","99800","99700","99600","99500","587","70","284","174","604","812","350","443","137","559","628","1","56","61","100","21","3","71","171","400","4020","1512","0","0","0","0","0","-100000","5","-100.00","1781","92","203","0","0","","0","0","0","","",""
"080339","0000","0","100900","101000","101100","101200","101300","101400","101500","101600","101700","101800","100800","100400","100300","100200","100100","100000","99900","99800","99700","99600","604","812","350","443","137","559","1620","242","256","632","32","2","1","56","61","100","21","3","71","171","5655","518","0","0","0","0","0","-100000","5","-100.00","2962","1635","-994","0","0","","0","0","0","","",""
"080339","0001","0","100900","101000","101100","101200","101300","101400","101500","101600","101700","101800","100800","100400","100300","100200","100100","100000","99900","99800","99700","99600","604","812","350","443","137","559","1620","242","256","632","12","2","1","56","61","100","21","3","71","171","5655","498","0","0","0","0","0","-100000","5","-100.00","2982","0","-20","0","0","","0","0","0","","",""
"080341","0000","0","100900","101000","101100","101200","101300","101400","101500","101600","101700","101800","100800","100400","100300","100200","100100","100000","99900","99800","99700","99600","603","812","350","443","137","559","1620","242","256","632","12","2","1","56","61","100","21","3","71","171","5654","498","0","0","0","0","0","-100000","5","-100.00","2983","-1","0","0","0","","0","0","0","","",""
"080342","0000","0","100900","101000","101100","101200","101300","101400","101500","101600","101700","101800","100800","100400","100300","100200","100100","100000","99900","99800","99700","99600","603","813","350","443","137","559","1620","242","256","632","12","2","1","56","61","100","21","3","71","171","5655","498","0","0","0","0","0","-100000","5","-100.00","2983","1","0","0","0","","0","0","0","","",""
"080343","0000","0","100900","101000","101100","101200","101300","101400","101500","101600","101700","101800","100800","100400","100300","100200","100100","100000","99900","99800","99700","99600","603","813","350","443","137","559","1620","242","256","632","2","2","1","56","61","100","21","3","71","171","5655","488","0","0","0","0","0","-100000","5","-100.00","3304","0","-10","0","0","","0","0","0","","",""
"080345","0000","0","100900","101000","101100","101200","101300","101400","101500","101600","101700","101800","100800","100400","100300","100200","100100","100000","99900","99800","99700","99600","604","813","350","443","137","559","1620","242","256","632","2","2","1","56","61","100","21","3","71","171","5656","488","0","0","0","0","0","-100000","5","-100.00","3304","1","0","0","0","","0","0","0","","",""
"080346","0000","0","100900","101000","101100","101200","101300","101400","101500","101600","101700","101800","100800","100400","100300","100200","100100","100000","99900","99800","99700","99600","604","813","350","443","137","559","1620","242","956","632","2","2","1","56","61","100","21","3","71","171","6356","488","0","0","0","0","0","-100000","5","-100.00","3304","700","0","0","0","","0","0","0","","",""
"080347","0000","0","100900","101000","101100","101200","101300","101400","101500","101600","101700","101800","100300","100200","100100","100000","99900","99800","99700","99600","99500","99400","604","808","350","448","137","559","1620","242","956","632","1","56","61","100","21","3","71","171","400","116","6356","1000","0","0","0","0","0","-100000","5","-100.00","3306","0","512","0","0","","0","0","0","","",""
"080349","0000","0","100900","101000","101100","101200","101300","101400","101500","101600","101700","101800","100300","100200","100100","100000","99900","99800","99700","99600","99500","99400","604","809","350","448","137","559","1620","242","956","632","1","56","61","100","21","3","71","171","400","116","6357","1000","0","0","0","0","0","-100000","5","-100.00","3306","1","0","0","0","","0","0","0","","",""
"080351","0000","0","100800","100900","101000","101100","101200","101300","101400","101500","101600","101700","100300","100200","100100","100000","99900","99800","99700","99600","99500","99400","1","604","809","350","448","137","559","1620","242","956","6","56","61","110","21","3","71","171","400","116","5726","1015","0","0","0","0","0","-100000","5","-100.00","3306","-631","15","0","0","","0","0","0","","",""
"080352","0000","0","100900","101000","101100","101200","101300","101400","101500","101600","101700","101800","100300","100200","100100","100000","99900","99800","99700","99600","99500","99400","505","809","350","448","137","559","1620","242","956","632","6","56","61","110","21","3","71","171","400","116","6258","1015","0","0","0","0","0","-100000","5","-100.00","3406","532","0","0","0","","0","0","0","","",""
"080352","0001","0","100900","101000","101100","101200","101300","101400","101500","101600","101700","101800","100300","100200","100100","100000","99900","99800","99700","99600","99500","99400","505","809","350","448","137","559","1660","242","956","632","6","56","61","110","21","3","71","171","400","116","6298","1015","0","0","0","0","0","-100000","5","-100.00","3406","40","0","0","0","","0","0","0","","",""
"080353","0000","0","100900","101000","101100","101200","101300","101400","101500","101600","101700","101800","100300","100200","100100","100000","99900","99800","99700","99600","99500","99400","506","809","350","448","137","559","1660","242","956","632","6","56","61","110","21","3","71","171","400","116","6299","1015","0","0","0","0","0","-100000","5","-100.00","3406","1","0","0","0","","0","0","0","","",""
"080353","0001","0","100900","101000","101100","101200","101300","101400","101500","101600","101700","101800","100300","100200","100100","100000","99900","99800","99700","99600","99500","99400","506","809","351","448","137","559","1660","242","956","632","6","56","61","110","21","3","71","171","400","116","6300","1015","0","0","0","0","0","-100000","5","-100.00","3406","1","0","0","0","","0","0","0","","",""
"080353","0002","0","100500","100900","101000","101100","101200","101300","101400","101500","101600","101700","100300","100200","100100","100000","99900","99800","99700","99600","99500","99400","56","506","809","351","448","137","559","1660","242","956","6","56","61","110","21","3","71","171","400","116","5724","1015","0","0","0","0","0","-100000","5","-100.00","3406","-576","0","0","0","","0","0","0","","",""
"080354","0000","0","100500","100900","101000","101100","101200","101300","101400","101500","101600","101700","100300","100200","100100","100000","99900","99800","99700","99600","99500","99400","56","506","810","351","448","137","559","1660","242","956","6","56","61","110","21","3","71","171","400","116","5725","1015","0","0","0","0","0","-100000","5","-100.00","3406","1","0","0","0","","0","0","0","","",""
"080354","0001","0","100500","100800","100900","101000","101100","101200","101300","101400","101500","101600","100300","100200","100100","100000","99900","99800","99700","99600","99500","99400","56","10","506","810","351","448","137","559","1660","242","26","56","61","115","21","3","71","171","400","116","4779","1040","0","0","0","0","0","-100000","5","-100.00","3406","-946","25","0","0","","0","0","0","","",""
"080355","0000","0","100500","100800","100900","101000","101100","101200","101300","101400","101500","101600","100300","100200","100100","100000","99900","99800","99700","99600","99500","99400","56","10","506","810","351","448","137","559","1660","242","26","61","61","115","21","3","71","171","400","116","4779","1045","0","0","0","0","0","-100000","5","-100.00","3406","0","5","0","0","","0","0","0","","",""
"080355","0001","0","100500","100800","100900","101000","101100","101200","101300","101400","101500","101600","100300","100200","100100","100000","99900","99800","99700","99600","99500","99400","55","10","506","810","351","448","137","559","1660","242","26","61","61","115","21","3","71","171","400","116","4778","1045","0","0","0","0","0","-100000","5","-100.00","3407","-1","0","0","0","","0","0","0","","",""
"080355","0002","0","100500","100800","100900","101000","101100","101200","101300","101400","101500","101600","100300","100200","100100","100000","99900","99800","99700","99600","99500","99400","50","10","509","810","351","448","137","559","1660","242","26","61","61","115","21","3","71","171","400","116","4776","1045","0","0","0","0","0","-100000","5","-100.00","3412","-2","0","0","0","","0","0","0","","",""
"080355","0003","0","100500","100800","100900","101000","101100","101200","101300","101400","101500","101600","100300","100200","100100","100000","99900","99800","99700","99600","99500","99400","50","10","509","810","351","448","137","559","1660","242","26","61","61","115","21","3","71","171","427","116","4776","1072","0","0","0","0","0","-100000","5","-100.00","3412","0","27","0","0","","0","0","0","","",""
