"time","millisec","HOUR_CLS_CODE","ASKP1","ASKP2","ASKP3","ASKP4","ASKP5","ASKP6","ASKP7","ASKP8","ASKP9","ASKP10","BIDP1","BIDP2","BIDP3","BIDP4","BIDP5","BIDP6","BIDP7","BIDP8","BIDP9","BIDP10","ASKP_RSQN1","ASKP_RSQN2","ASKP_RSQN3","ASKP_RSQN4","ASKP_RSQN5","ASKP_RSQN6","ASKP_RSQN7","ASKP_RSQN8","ASKP_RSQN9","ASKP_RSQN10","BIDP_RSQN1","BIDP_RSQN2","BIDP_RSQN3","BIDP_RSQN4","BIDP_RSQN5","BIDP_RSQN6","BIDP_RSQN7","BIDP_RSQN8","BIDP_RSQN9","BIDP_RSQN10","TOTAL_ASKP_RSQN","TOTAL_BIDP_RSQN","OVTM_TOTAL_ASKP_RSQN","OVTM_TOTAL_BIDP_RSQN","ANTC_CNPR","ANTC_CNQN","ANTC_VOL","ANTC_CNTG_VRSS","ANTC_CNTG_VRSS_SIGN","ANTC_CNTG_PRDY_CTRT","ACML_VOL","TOTAL_ASKP_RSQN_ICDC","TOTAL_BIDP_RSQN_ICDC","OVTM_TOTAL_ASKP_ICDC","OVTM_TOTAL_BIDP_ICDC","STCK_DEAL_CLS_CODE","KMID_PRC","KMID_TOTAL_RSQN","KMID_CLS_CODE","NMID_PRC","NMID_TOTAL_RSQN","NMID_CLS_CODE"
"080000","0000","0","0","0","0","0","0","0","0","0","0","0","275000","270500","266000","260500","251000","240500","0","0","0","0","0","0","0","0","0","0","0","0","0","0","30","50","70","100","150","200","0","0","0","0","0","600","0","0","0","0","0","-278500","5","-100.00","0","0","0","0","0","","0","0","0","","",""
"080000","0001","0","362000","0","0","0","0","0","0","0","0","0","277000","275000","271500","270500","266000","264500","260500","251000","250000","240500","356","0","0","0","0","0","0","0","0","0","5","30","30","50","70","10","100","150","30","200","356","675","0","0","0","0","0","-278500","5","-100.00","0","356","75","0","0","","0","0","0","","",""
"080000","0002","0","299000","302500","308000","319000","362000","0","0","0","0","0","277000","275500","275000","271500","270500","266000","264500","260500","251000","250000","50","30","100","359","357","0","0","0","0","0","5","5","30","30","50","70","10","100","150","30","896","480","0","0","0","0","0","-278500","5","-100.00","0","540","-195","0","0","","0","0","0","","",""
"080001","0000","0","287000","299000","300000","302500","306000","308000","319000","362000","0","0","277000","275500","275000","273500","271500","270500","266500","266000","264500","262500","70","50","382","30","32","100","359","357","0","0","5","5","30","50","30","50","2","70","10","10","1380","262","0","0","0","0","0","-278500","5","-100.00","0","484","-218","0","0","","0","0","0","","",""
"080001","0001","0","284000","287000","299000","300000","302500","306000","308000","315000","319000","339000","281000","277500","277000","275500","275000","273500","271500","271000","270500","270000","84","70","50","392","30","32","112","20","359","200","1","2","5","5","30","50","30","176","50","1","1349","350","0","0","0","0","0","-278500","5","-100.00","0","-31","88","0","0","","0","0","0","","",""
"080002","0000","0","284000","286500","287000","290000","299000","300000","302500","306000","308000","315000","281500","281000","277500","277000","275500","275000","273500","271500","271000","270500","84","50","70","10","50","392","30","32","112","20","6","1","2","5","5","30","50","30","176","50","850","355","0","0","0","0","0","-278500","5","-100.00","0","-499","5","0","0","","0","0","0","","",""
"080002","0001","0","284000","286500","287000","290000","299000","300000","302500","306000","308000","315000","281500","281000","278500","277500","277000","275500","275000","273500","271500","271000","84","50","70","10","50","400","30","32","112","20","6","1","1","2","5","5","30","50","30","176","858","306","0","0","0","0","0","-278500","5","-100.00","0","8","-49","0","0","","0","0","0","","",""
"080003","0000","0","284000","286500","287000","290000","295000","299000","300000","302500","306000","308000","281500","281000","278500","277500","277000","275500","275000","273500","271500","271000","84","50","70","10","10","50","400","30","32","112","6","1","1","2","5","5","30","50","30","176","848","306","0","0","0","0","0","-278500","5","-100.00","0","-10","0","0","0","","0","0","0","","",""
"080004","0000","0","284000","286500","287000","290000","292000","295000","299000","300000","302500","306000","281500","281000","278500","277500","277000","276000","275500","275000","273500","271500","84","50","70","10","3","10","50","400","30","32","6","1","1","2","5","1","5","30","50","30","739","131","0","0","0","0","0","-278500","5","-100.00","0","-109","-175","0","0","","0","0","0","","",""
"080005","0000","0","284000","286500","287000","290000","292000","295000","299000","300000","302500","306000","281500","281000","278500","277500","277000","276000","275500","275000","273500","271500","84","50","70","10","3","10","50","400","30","32","22","1","39","2","5","1","5","30","50","30","739","185","0","0","0","0","0","-278500","5","-100.00","0","0","54","0","0","","0","0","0","","",""
"080005","0001","0","284000","286500","287000","290000","292000","295000","299000","300000","302500","306000","281500","281000","278500","277500","277000","276000","275500","275000","273500","271500","84","50","70","11","3","10","50","400","30","32","22","1","39","2","5","1","5","30","50","30","740","185","0","0","0","0","0","-278500","5","-100.00","0","1","0","0","0","","0","0","0","","",""
"080005","0002","0","284000","286500","287000","290000","292000","295000","299000","300000","302500","306000","281500","281000","278500","277500","277000","276000","275500","275000","273500","271500","84","50","70","11","3","10","50","400","30","32","30","1","39","2","5","1","5","30","50","30","740","193","0","0","0","0","0","-278500","5","-100.00","1","0","8","0","0","","0","0","0","","",""
"080006","0000","0","284000","286500","287000","290000","292000","295000","299000","300000","302500","306000","281500","281000","280000","278500","277500","277000","276000","275500","275000","273500","84","50","70","11","3","10","50","400","30","32","30","1","12","39","2","5","1","5","30","50","740","175","0","0","0","0","0","-278500","5","-100.00","1","0","-18","0","0","","0","0","0","","",""
"080006","0001","0","284000","286500","287000","290000","292000","295000","299000","300000","302500","306000","281000","280500","280000","278500","277000","276000","275500","275000","273500","271500","84","50","70","11","3","10","50","400","30","32","1","16","12","39","5","1","5","30","50","30","740","189","0","0","0","0","0","-278500","5","-100.00","15","0","14","0","0","","0","0","0","","",""
"080006","0002","0","283500","284000","286500","287000","290000","292000","295000","299000","300000","302500","281000","280500","280000","278500","277000","276000","275500","275000","273500","271500","3","84","50","70","11","3","10","50","400","30","1","16","12","39","5","1","5","30","50","30","711","189","0","0","0","0","0","-278500","5","-100.00","15","-29","0","0","0","","0","0","0","","",""
"080006","0003","0","283500","284000","286500","287000","290000","292000","295000","299000","300000","302500","281000","280500","280000","278500","277000","276000","275500","275000","273500","271500","3","84","50","70","11","3","10","50","400","30","1","16","12","49","5","1","5","30","50","30","711","199","0","0","0","0","0","-278500","5","-100.00","15","0","10","0","0","","0","0","0","","",""
"080007","0000","0","283500","284000","286500","287000","290000","292000","294000","295000","299000","300000","281000","280500","280000","278500","277000","276000","275500","275000","273500","271500","3","84","50","70","11","3","20","10","50","400","1","16","12","49","5","1","5","30","50","30","701","199","0","0","0","0","0","-278500","5","-100.00","15","-10","0","0","0","","0","0","0","","",""
"080007","0001","0","283500","284000","286500","287000","290000","292000","294000","295000","299000","300000","281000","280500","280000","278500","277500","277000","276000","275500","275000","273500","3","84","50","70","11","3","20","10","50","400","1","16","12","49","1","5","1","5","30","50","701","170","0","0","0","0","0","-278500","5","-100.00","15","0","-29","0","0","","0","0","0","","",""
"080007","0002","0","283500","284000","286500","287000","290000","292000","294000","295000","299000","300000","281000","280000","279000","278500","277500","277000","276000","275500","275000","273500","26","84","50","70","12","3","20","10","50","400","1","12","16","49","1","5","1","5","30","50","725","170","0","0","0","0","0","-278500","5","-100.00","15","24","0","0","0","","0","0","0","","",""
"080007","0003","0","283500","284000","286500","287000","290000","292000","294000","295000","299000","300000","281000","280000","279000","278500","277500","277000","276000","275500","275000","273500","26","84","72","70","12","3","20","10","50","400","1","12","16","49","1","5","1","5","30","50","747","170","0","0","0","0","0","-278500","5","-100.00","15","22","0","0","0","","0","0","0","","",""
"080008","0000","0","283000","283500","284000","286500","287000","290000","292000","294000","295000","299000","281000","280000","279000","278500","277500","277000","276000","275500","275000","273500","5","31","84","72","70","12","3","20","10","50","1","12","16","48","1","5","1","5","30","50","357","169","0","0","0","0","0","-278500","5","-100.00","15","-390","-1","0","0","","0","0","0","","",""
"080008","0001","0","283000","283500","284000","286500","287000","290000","292000","294000","295000","298000","281500","281000","280000","279000","278500","277500","277000","276000","275500","275000","4","31","84","72","70","12","3","20","10","20","13","1","12","16","48","1","5","1","5","30","326","132","0","0","0","0","0","-278500","5","-100.00","17","-31","-37","0","0","","0","0","0","","",""
"080008","0002","0","283000","283500","284000","286500","287000","290000","292000","294000","295000","298000","282000","281500","281000","280000","279000","278500","277500","277000","276000","275500","4","31","84","72","70","12","3","20","10","20","2","13","1","12","16","48","1","5","1","5","326","104","0","0","0","0","0","-278500","5","-100.00","17","0","-28","0","0","","0","0","0","","",""
"080008","0003","0","283000","283500","284000","286500","287000","290000","292000","294000","295000","297500","282000","281500","281000","280000","278500","277500","277000","276000","275500","275000","4","31","84","72","70","12","3","20","10","10","2","13","1","12","48","1","5","1","5","30","316","118","0","0","0","0","0","-278500","5","-100.00","17","-10","14","0","0","","0","0","0","","",""
"080009","0000","0","283500","284000","286500","287000","290000","292000","294000","295000","297500","298000","282000","281500","281000","280000","278500","277500","277000","276000","275500","275000","26","84","72","70","12","3","20","10","10","20","2","13","1","12","48","1","5","1","5","30","327","118","0","0","0","0","0","-278500","5","-100.00","17","11","0","0","0","","0","0","0","","",""
"080009","0001","0","283500","284000","286500","287000","290000","292000","294000","295000","297500","298000","282000","281500","281000","280000","278500","277500","277000","276000","275500","275000","26","84","72","74","12","3","20","10","10","20","2","13","1","12","48","1","5","1","5","30","331","118","0","0","0","0","0","-278500","5","-100.00","17","4","0","0","0","","0","0","0","","",""
"080009","0002","0","283500","284000","286500","287000","288000","290000","292000","294000","295000","297500","282000","281500","281000","280000","278500","277500","277000","276000","275500","275000","26","84","72","74","1","12","3","20","10","10","2","13","1","12","48","1","5","1","5","30","312","118","0","0","0","0","0","-278500","5","-100.00","17","-19","0","0","0","","0","0","0","","",""
"080010","0000","0","283500","284000","286500","287000","288000","290000","292000","294000","295000","297500","282000","281500","281000","280000","278500","277500","277000","276000","275500","275000","26","84","72","74","1","13","3","20","10","10","2","13","1","12","48","1","5","1","5","30","313","118","0","0","0","0","0","-278500","5","-100.00","17","1","0","0","0","","0","0","0","","",""
"080011","0000","0","283500","284000","286500","287000","288000","290000","292000","294000","295000","297500","282000","281500","281000","280000","278500","277500","277000","276000","275500","275000","26","84","72","74","1","13","3","20","10","10","2","13","1","12","48","1","5","1","6","30","313","119","0","0","0","0","0","-278500","5","-100.00","17","0","1","0","0","","0","0","0","","",""
"080011","0001","0","283500","284000","286500","287000","288000","290000","292000","294000","295000","297500","282000","281500","281000","280000","278500","277500","277000","276000","275500","275000","26","84","152","74","1","13","3","20","10","10","2","13","1","12","48","1","5","1","6","30","393","119","0","0","0","0","0","-278500","5","-100.00","17","80","0","0","0","","0","0","0","","",""
"080012","0000","0","283500","284000","286500","287000","288000","290000","292000","294000","295000","297500","282000","281500","281000","280000","278500","277500","277000","276000","275500","275000","26","134","152","74","1","13","3","20","10","10","2","13","1","12","48","1","5","1","6","30","443","119","0","0","0","0","0","-278500","5","-100.00","17","50","0","0","0","","0","0","0","","",""
"080012","0001","0","283500","284000","286500","287000","288000","290000","292000","294000","295000","297500","282000","281500","281000","280000","278500","277500","277000","276000","275500","275000","26","134","152","74","1","13","3","20","10","10","2","13","1","13","48","1","5","1","6","30","443","120","0","0","0","0","0","-278500","5","-100.00","17","0","1","0","0","","0","0","0","","",""
"080013","0000","0","283500","284000","286500","287000","288000","290000","292000","294000","295000","297500","282000","281500","281000","280000","278500","277500","277000","276000","275500","275000","26","134","152","74","1","13","3","20","10","10","2","13","1","13","48","1","5","1","6","30","443","120","0","0","0","0","0","-278500","5","-100.00","17","0","0","0","0","","0","0","0","","",""
"080014","0000","0","283500","284000","286500","287000","288000","290000","292000","294000","295000","297500","282000","281000","280000","278500","277500","277000","276000","275500","275000","273500","26","134","152","74","1","13","3","20","10","10","2","1","13","48","1","5","1","6","30","50","443","157","0","0","0","0","0","-278500","5","-100.00","17","0","37","0","0","","0","0","0","","",""
"080014","0001","0","283500","284000","286500","287000","288000","290000","292000","294000","295000","297500","283000","282000","281000","280000","278500","277500","277000","276000","275500","275000","26","134","152","74","1","13","3","20","10","10","1","18","1","13","48","1","5","1","6","30","443","124","0","0","0","0","0","-278500","5","-100.00","17","0","-33","0","0","","0","0","0","","",""
"080015","0000","0","283500","284000","286500","287000","288000","290000","292000","294000","295000","297500","283000","282000","281000","280000","278500","277500","277000","276000","275500","275000","26","134","157","74","1","14","3","20","10","10","1","18","1","13","48","1","5","1","6","30","449","124","0","0","0","0","0","-278500","5","-100.00","17","1","0","0","0","","0","0","0","","",""
"080015","0001","0","283000","283500","284000","286500","287000","288000","290000","292000","294000","295000","282000","281000","280000","278500","277500","277000","276000","275500","275000","273500","149","26","134","157","74","1","25","3","20","10","18","1","13","48","1","5","1","6","30","50","599","173","0","0","0","0","0","-278500","5","-100.00","18","150","49","0","0","","0","0","0","","",""
"080015","0002","0","283000","283500","284000","286500","287000","288000","290000","292000","294000","295000","282000","281000","280000","278500","277500","277000","276000","275500","275000","273500","149","26","134","157","74","1","26","3","20","10","18","1","13","48","1","5","1","6","30","50","600","173","0","0","0","0","0","-278500","5","-100.00","18","1","0","0","0","","0","0","0","","",""
"080016","0000","0","283000","283500","284000","286500","287000","288000","290000","292000","294000","295000","282000","281000","280000","278500","277500","277000","276000","275500","275000","273500","149","26","134","157","74","1","26","3","20","10","17","1","13","48","1","5","1","6","30","50","600","172","0","0","0","0","0","-278500","5","-100.00","19","0","-1","0","0","","0","0","0","","",""
"080016","0001","0","283000","283500","284000","286500","287000","288000","290000","292000","294000","295000","282000","281000","280000","278500","277500","277000","276000","275500","275000","273500","149","43","134","157","74","1","26","3","20","10","17","1","13","48","1","5","1","6","30","50","617","172","0","0","0","0","0","-278500","5","-100.00","19","17","0","0","0","","0","0","0","","",""
"080016","0002","0","283000","283500","284000","286500","287000","288000","290000","292000","294000","295000","282000","281500","281000","280000","278500","277500","277000","276000","275500","275000","149","43","134","157","74","1","26","3","20","10","17","1","1","13","48","1","5","1","6","30","617","123","0","0","0","0","0","-278500","5","-100.00","19","0","-49","0","0","","0","0","0","","",""
"080017","0000","0","283000","283500","284000","286500","287000","288000","290000","292000","294000","295000","282000","281500","281000","280000","278500","277500","277000","276000","275500","275000","149","43","134","157","74","1","26","3","20","10","30","1","14","13","48","1","5","1","6","30","617","149","0","0","0","0","0","-278500","5","-100.00","19","0","26","0","0","","0","0","0","","",""
"080018","0000","0","283000","283500","284000","286500","287000","288000","290000","292000","294000","295000","282000","281500","281000","280000","278500","277500","277000","276000","275500","275000","149","133","134","157","74","1","26","3","20","10","30","1","14","13","48","1","5","1","6","30","707","149","0","0","0","0","0","-278500","5","-100.00","19","90","0","0","0","","0","0","0","","",""
"080018","0001","0","283000","283500","284000","285000","286500","287000","288000","290000","292000","294000","282000","281500","281000","280000","278500","277500","277000","276000","275500","275000","138","133","134","7","157","74","1","26","3","20","30","1","14","13","48","1","5","1","6","30","693","149","0","0","0","0","0","-278500","5","-100.00","30","-3","0","0","0","","0","0","0","","",""
"080019","0000","0","283000","283500","284000","285000","286500","287000","288000","290000","292000","294000","281500","281000","280000","278500","277500","277000","276000","275500","275000","273500","138","133","134","7","157","74","1","26","3","20","1","14","13","48","1","5","1","6","30","50","693","169","0","0","0","0","0","-278500","5","-100.00","60","0","20","0","0","","0","0","0","","",""
"080019","0001","0","283000","283500","284000","285000","286500","287000","288000","290000","292000","294000","281500","281000","280000","278500","277500","277000","276000","275500","275000","273500","137","133","134","7","157","74","1","26","3","20","1","14","13","48","1","5","1","6","30","50","692","169","0","0","0","0","0","-278500","5","-100.00","61","-1","0","0","0","","0","0","0","","",""
"080020","0000","0","283000","283500","284000","285000","286500","287000","288000","290000","292000","294000","281500","281000","280000","278500","277500","277000","275500","275000","273500","272000","137","133","134","7","157","74","1","26","3","20","1","14","13","48","1","5","6","30","50","1","692","169","0","0","0","0","0","-278500","5","-100.00","61","0","0","0","0","","0","0","0","","",""
"080020","0001","0","283000","283500","284000","285000","286500","287000","288000","290000","292000","294000","281500","281000","280000","278500","277500","277000","275500","275000","273500","272000","137","133","134","7","157","74","1","26","3","20","1","14","13","48","1","5","1","30","50","1","692","164","0","0","0","0","0","-278500","5","-100.00","61","0","-5","0","0","","0","0","0","","",""
"080021","0000","0","282000","283000","283500","284000","285000","286000","286500","287000","288000","290000","281500","281000","280000","278500","277500","277000","275500","275000","273500","272000","2","137","133","136","7","2","157","74","1","26","1","14","13","48","1","5","1","30","50","1","675","164","0","0","0","0","0","-278500","5","-100.00","61","-17","0","0","0","","0","0","0","","",""
"080021","0001","0","283000","283500","284000","285000","286000","286500","287000","288000","290000","292000","282000","281500","281000","280000","278500","277500","277000","275500","275000","273500","137","133","136","7","2","157","74","3","28","5","8","1","14","13","48","1","5","1","30","50","682","171","0","0","0","0","0","-278500","5","-100.00","63","7","7","0","0","","0","0","0","","",""
"080021","0002","0","282500","283000","283500","284000","285000","286000","286500","287000","288000","290000","282000","281500","281000","280000","278500","277500","277000","275500","275000","273500","4","137","133","136","7","2","157","74","3","28","8","1","14","13","48","1","5","1","30","50","681","171","0","0","0","0","0","-278500","5","-100.00","63","-1","0","0","0","","0","0","0","","",""
"080022","0000","0","282500","283000","283500","284000","284500","285000","286000","286500","287000","288000","282000","281500","281000","280000","278500","277500","277000","275500","275000","273500","4","137","133","136","1","7","2","157","74","3","8","1","14","13","48","1","5","1","30","50","654","171","0","0","0","0","0","-278500","5","-100.00","63","-27","0","0","0","","0","0","0","","",""
"080022","0001","0","282500","283000","283500","284000","284500","285000","286000","286500","287000","288000","282000","281500","281000","280000","278500","277500","277000","275500","275000","273500","3","137","133","136","1","7","2","157","74","3","8","1","14","13","48","1","5","1","30","50","653","171","0","0","0","0","0","-278500","5","-100.00","64","-1","0","0","0","","0","0","0","","",""
"080023","0000","0","282500","283000","283500","284000","284500","285000","286000","286500","287000","288000","282000","281500","281000","280000","278500","277500","277000","275500","275000","273500","4","177","133","136","1","7","2","157","74","3","8","1","14","13","48","1","5","1","30","50","694","171","0","0","0","0","0","-278500","5","-100.00","64","41","0","0","0","","0","0","0","","",""
"080023","0001","0","282500","283000","283500","284000","284500","285000","286000","286500","287000","288000","282000","281500","281000","280000","278500","277500","277000","275500","275000","273500","5","177","133","136","1","7","2","157","74","3","8","1","14","13","48","1","5","1","30","50","695","171","0","0","0","0","0","-278500","5","-100.00","64","1","0","0","0","","0","0","0","","",""
"080024","0000","0","282500","283000","283500","284000","284500","285000","286000","286500","287000","288000","282000","281500","281000","280000","278500","277500","277000","275500","275000","273500","5","177","133","136","1","7","2","157","74","3","52","1","14","13","48","1","5","1","30","50","695","215","0","0","0","0","0","-278500","5","-100.00","70","0","44","0","0","","0","0","0","","",""
"080024","0001","0","282500","283000","283500","284000","284500","285000","286000","286500","287000","288000","282000","281500","281000","280000","278500","277500","277000","275500","275000","273500","5","177","133","136","1","7","2","157","74","3","52","1","14","53","48","1","5","1","30","50","695","255","0","0","0","0","0","-278500","5","-100.00","70","0","40","0","0","","0","0","0","","",""
"080024","0002","0","283000","283500","284000","284500","285000","286000","286500","287000","288000","290000","282000","281500","281000","280000","278500","277500","277000","275500","275000","273500","142","133","136","1","7","2","157","74","3","28","72","1","14","53","48","1","5","1","30","50","683","275","0","0","0","0","0","-278500","5","-100.00","110","-12","0","0","0","","0","0","0","","",""
"080025","0000","0","283000","283500","284000","284500","285000","286000","286500","287000","288000","290000","282000","281500","281000","280000","278500","277500","277000","275500","275000","273500","142","133","136","1","7","2","157","74","3","28","72","1","14","55","48","1","5","1","30","50","683","277","0","0","0","0","0","-278500","5","-100.00","110","0","2","0","0","","0","0","0","","",""
"080025","0001","0","283000","283500","284000","284500","285000","286000","286500","287000","288000","290000","282000","281500","281000","280000","278500","277500","277000","275500","275000","274000","142","133","136","1","7","92","157","74","3","28","72","1","14","55","48","1","5","1","30","2","773","229","0","0","0","0","0","-278500","5","-100.00","110","90","-48","0","0","","0","0","0","","",""
"080026","0000","0","283000","283500","284000","284500","285000","285500","286000","286500","287000","288000","282500","282000","281500","281000","280000","278500","277500","277000","275500","275000","142","135","136","1","7","3","92","157","74","3","10","72","1","14","55","48","1","5","1","30","750","237","0","0","0","0","0","-278500","5","-100.00","110","-23","8","0","0","","0","0","0","","",""
"080026","0001","0","283000","283500","284000","284500","285000","285500","286000","286500","287000","288000","282500","282000","281500","281000","280000","278500","277500","277000","275500","275000","142","135","146","1","7","3","92","157","74","3","10","72","1","14","55","48","1","5","1","30","760","237","0","0","0","0","0","-278500","5","-100.00","110","10","0","0","0","","0","0","0","","",""
"080027","0000","0","283000","283500","284000","284500","285000","285500","286000","286500","287000","288000","282500","282000","281500","281000","280000","278500","277500","277000","275500","275000","141","135","146","1","7","3","92","157","74","3","10","72","1","14","55","48","1","5","1","30","759","237","0","0","0","0","0","-278500","5","-100.00","111","-1","0","0","0","","0","0","0","","",""
"080027","0001","0","283000","283500","284000","284500","285000","285500","286000","286500","287000","288000","282000","281500","281000","280000","278500","277500","277000","275500","275000","274000","141","135","146","1","7","3","92","157","74","3","60","1","14","55","48","1","5","1","30","2","759","217","0","0","0","0","0","-278500","5","-100.00","133","0","-20","0","0","","0","0","0","","",""
"080027","0002","0","283000","283500","284000","284500","285000","285500","286000","286500","287000","288000","282000","281500","281000","280000","278500","277500","277000","275500","275000","274000","141","135","146","1","7","4","92","157","74","3","60","1","14","55","48","1","5","1","30","2","760","217","0","0","0","0","0","-278500","5","-100.00","133","1","0","0","0","","0","0","0","","",""
"080028","0000","0","283000","283500","284000","284500","285000","285500","286000","286500","287000","288000","282000","281500","281000","280000","278500","277500","277000","275500","275000","274000","141","135","146","1","7","4","92","157","74","3","60","1","14","56","48","1","5","1","30","2","760","218","0","0","0","0","0","-278500","5","-100.00","133","0","1","0","0","","0","0","0","","",""
"080028","0001","0","283000","283500","284000","284500","285000","285500","286000","286500","287000","288000","282500","282000","281500","281000","280000","278500","277500","277000","275500","275000","105","135","146","1","7","4","92","157","74","3","10","60","1","14","56","48","1","5","1","30","724","226","0","0","0","0","0","-278500","5","-100.00","169","-36","8","0","0","","0","0","0","","",""
"080028","0002","0","283000","283500","284000","284500","285000","285500","286000","286500","287000","288000","282500","282000","281000","280000","278500","277500","277000","275500","275000","274000","105","135","146","1","7","4","92","157","74","3","10","60","14","56","48","1","5","1","30","2","724","227","0","0","0","0","0","-278500","5","-100.00","169","0","1","0","0","","0","0","0","","",""
"080028","0003","0","283000","283500","284000","284500","285000","285500","286000","286500","287000","288000","282500","282000","281000","280000","278500","277500","277000","275500","275000","274000","95","135","146","1","7","4","92","157","74","3","10","60","14","56","48","1","5","1","30","2","714","227","0","0","0","0","0","-278500","5","-100.00","179","-10","0","0","0","","0","0","0","","",""
"080029","0000","0","283000","283500","284000","284500","285000","285500","286000","286500","287000","288000","282500","282000","281000","280000","278500","277500","277000","275500","275000","274000","93","135","146","1","7","4","92","157","74","3","10","222","14","56","48","1","5","1","30","2","712","389","0","0","0","0","0","-278500","5","-100.00","184","3","0","0","0","","0","0","0","","",""
"080029","0001","0","283000","283500","284000","284500","285000","285500","286000","286500","287000","288000","282500","282000","281500","281000","280000","278500","277500","277000","275500","275000","93","135","146","1","7","4","92","157","74","3","10","222","3","14","56","48","1","5","1","30","712","390","0","0","0","0","0","-278500","5","-100.00","184","0","1","0","0","","0","0","0","","",""
"080029","0002","0","283000","283500","284000","284500","285000","285500","286000","286500","287000","288000","282500","282000","281500","281000","280000","278500","277500","277000","275500","275000","102","135","146","1","7","4","92","157","75","3","10","222","3","14","56","48","1","5","1","30","722","390","0","0","0","0","0","-278500","5","-100.00","184","9","0","0","0","","0","0","0","","",""
"080030","0000","0","282500","283000","283500","284000","284500","285000","285500","286000","286500","287000","282000","281500","281000","280000","278500","277500","277000","275500","275000","274000","7","103","135","146","1","7","7","92","157","75","222","3","14","56","48","1","5","1","30","2","730","382","0","0","0","0","0","-278500","5","-100.00","194","5","-8","0","0","","0","0","0","","",""
"080030","0001","0","282500","283000","283500","284000","284500","285000","285500","286000","286500","287000","282000","281500","281000","280000","278500","277500","277000","275500","275000","274000","7","103","135","146","1","7","7","92","187","75","222","3","14","56","48","1","5","1","30","2","760","382","0","0","0","0","0","-278500","5","-100.00","194","30","0","0","0","","0","0","0","","",""
"080030","0002","0","283000","283500","284000","284500","285000","285500","286000","286500","287000","288000","282000","281500","281000","280000","278500","277500","277000","275500","275000","274000","63","135","146","1","7","7","92","187","75","3","222","3","14","56","48","1","5","1","30","2","716","382","0","0","0","0","0","-278500","5","-100.00","328","-44","0","0","0","","0","0","0","","",""
"080031","0000","0","283000","283500","284000","284500","285000","285500","286000","286500","287000","288000","282500","282000","281500","281000","280000","278500","277500","277000","275500","275000","63","135","146","1","7","7","92","187","75","3","15","222","3","14","56","48","1","5","1","30","716","395","0","0","0","0","0","-278500","5","-100.00","328","0","13","0","0","","0","0","0","","",""
"080031","0001","0","283000","283500","284000","284500","285000","285500","286000","286500","287000","288000","282500","282000","281500","281000","280000","278500","277500","277000","275500","275000","63","135","146","1","7","7","92","187","75","3","16","222","3","14","56","48","1","5","1","30","716","396","0","0","0","0","0","-278500","5","-100.00","328","0","1","0","0","","0","0","0","","",""
"080031","0002","0","283000","283500","284000","284500","285000","285500","286000","286500","287000","288000","282500","282000","281500","281000","280000","278500","277500","277000","275500","275000","71","135","146","1","7","7","92","187","75","3","6","230","3","14","56","48","1","5","1","30","724","394","0","0","0","0","0","-278500","5","-100.00","338","8","-2","0","0","","0","0","0","","",""
"080032","0000","0","283000","283500","284000","284500","285000","285500","286000","286500","287000","288000","282500","282000","281500","281000","280000","278500","277500","277000","275500","275000","88","135","146","1","7","7","92","187","75","3","6","230","3","14","56","48","1","5","1","30","741","394","0","0","0","0","0","-278500","5","-100.00","338","17","0","0","0","","0","0","0","","",""
"080032","0001","0","283000","283500","284000","284500","285000","285500","286000","286500","287000","288000","282500","282000","281500","281000","280000","278500","277500","277000","275500","275000","88","135","146","1","7","7","92","187","75","3","6","230","16","14","56","48","1","5","1","30","741","407","0","0","0","0","0","-278500","5","-100.00","338","0","13","0","0","","0","0","0","","",""
"080033","0000","0","283000","283500","284000","284500","285000","285500","286000","286500","287000","288000","282500","282000","281500","281000","280000","278500","277500","277000","275500","275000","88","135","146","1","7","8","92","187","75","3","6","230","16","14","56","48","1","5","1","30","742","407","0","0","0","0","0","-278500","5","-100.00","338","1","0","0","0","","0","0","0","","",""
"080033","0001","0","283000","283500","284000","284500","285000","285500","286000","286500","287000","288000","282500","282000","281500","281000","280000","278500","277500","277000","275500","275000","72","132","146","1","7","8","92","187","75","3","6","230","16","14","56","48","1","5","1","30","723","407","0","0","0","0","0","-278500","5","-100.00","346","-19","0","0","0","","0","0","0","","",""
"080033","0002","0","283000","283500","284000","284500","285000","285500","286000","286500","287000","288000","282500","282000","281500","281000","280000","278500","277500","277000","275500","275000","72","132","146","1","7","8","92","187","75","3","6","210","16","14","56","48","1","5","1","30","723","387","0","0","0","0","0","-278500","5","-100.00","346","0","-20","0","0","","0","0","0","","",""
"080033","0003","0","283000","283500","284000","284500","285000","285500","286000","286500","287000","288000","282500","282000","281500","281000","280000","278500","277500","277000","275500","275000","72","132","146","1","7","8","92","187","75","3","7","210","16","14","56","48","1","5","1","30","723","388","0","0","0","0","0","-278500","5","-100.00","346","0","1","0","0","","0","0","0","","",""
"080034","0000","0","283000","283500","284000","284500","285000","285500","286000","286500","287000","288000","282500","282000","281500","281000","280000","278500","277500","277000","275500","275000","71","132","146","1","7","8","92","187","75","103","7","210","16","14","56","48","1","5","1","30","822","388","0","0","0","0","0","-278500","5","-100.00","347","100","0","0","0","","0","0","0","","",""
"080034","0001","0","283000","283500","284000","284500","285000","285500","286000","286500","287000","288000","282500","282000","281500","281000","280000","278500","277500","277000","275500","275000","71","132","146","1","7","8","92","187","76","103","7","210","16","14","56","48","1","5","1","30","823","388","0","0","0","0","0","-278500","5","-100.00","347","1","0","0","0","","0","0","0","","",""
"080034","0002","0","283000","283500","284000","284500","285000","285500","286000","286500","287000","288000","282500","282000","281500","281000","280000","278500","277500","277000","275500","275000","71","132","146","1","7","8","92","187","76","103","7","210","16","14","56","10","1","5","1","30","823","350","0","0","0","0","0","-278500","5","-100.00","347","0","-38","0","0","","0","0","0","","",""
"080035","0000","0","283000","283500","284000","284500","285000","285500","286000","286500","287000","288000","282500","282000","281500","281000","280000","279000","278500","277500","277000","275500","78","132","146","1","7","8","92","187","76","103","6","210","16","14","56","10","10","1","5","1","830","329","0","0","0","0","0","-278500","5","-100.00","348","7","-21","0","0","","0","0","0","","",""
"080035","0001","0","283000","283500","284000","284500","285000","285500","286000","286500","287000","288000","282500","282000","281500","281000","280000","279000","278500","277500","277000","275500","78","132","146","1","7","8","92","187","76","103","6","210","16","14","56","10","10","1","5","1","830","329","0","0","0","0","0","-278500","5","-100.00","349","0","0","0","0","","0","0","0","","",""
"080035","0002","0","283000","283500","284000","284500","285000","285500","286000","286500","287000","288000","282500","282000","281500","281000","280000","279000","278500","277500","277000","275500","78","132","146","1","7","8","92","187","76","103","6","210","16","1","56","10","10","1","5","1","830","316","0","0","0","0","0","-278500","5","-100.00","349","0","-13","0","0","","0","0","0","","",""
"080036","0000","0","283000","283500","284000","284500","285000","285500","286000","286500","287000","288000","282500","282000","281500","281000","280000","279000","278500","277500","277000","275500","78","132","146","1","7","8","92","187","76","104","6","210","16","1","56","10","10","1","5","1","831","316","0","0","0","0","0","-278500","5","-100.00","349","1","0","0","0","","0","0","0","","",""
"080036","0001","0","283000","283500","284000","284500","285000","285500","286000","286500","287000","288000","282500","282000","281500","281000","280000","279000","278500","277500","277000","275500","80","132","146","1","7","8","92","187","76","104","6","210","16","1","56","10","10","1","5","1","833","316","0","0","0","0","0","-278500","5","-100.00","349","2","0","0","0","","0","0","0","","",""
"080037","0000","0","283000","283500","284000","284500","285000","285500","286000","286500","287000","288000","282500","282000","281500","281000","280000","279000","278500","277500","277000","275500","120","132","146","1","7","8","92","187","76","104","6","210","16","1","56","10","10","1","5","1","873","316","0","0","0","0","0","-278500","5","-100.00","349","40","0","0","0","","0","0","0","","",""
"080038","0000","0","283000","283500","284000","284500","285000","285500","286000","286500","287000","288000","282500","282000","281500","281000","280000","279000","278500","277500","277000","275500","153","132","146","1","7","8","92","187","76","104","2","245","16","1","56","10","10","1","5","1","906","347","0","0","0","0","0","-278500","5","-100.00","360","33","31","0","0","","0","0","0","","",""
"080038","0001","0","283000","283500","284000","284500","285000","285500","286000","286500","287000","288000","282500","282000","281500","281000","280000","279000","278500","277500","277000","275500","147","132","146","1","7","8","92","187","76","104","2","245","16","121","56","10","10","1","5","1","900","467","0","0","0","0","0","-278500","5","-100.00","366","-6","120","0","0","","0","0","0","","",""
"080038","0002","0","283500","284000","284500","285000","285500","286000","286500","287000","288000","289000","282500","282000","281500","281000","280000","279000","278500","277500","277000","275500","132","146","1","7","8","92","187","76","104","1","2","245","16","128","57","10","10","1","5","1","754","475","0","0","0","0","0","-278500","5","-100.00","513","-146","7","0","0","","0","0","0","","",""
"080039","0000","0","283000","283500","284000","284500","285000","285500","286000","286500","287000","288000","282500","282000","281500","281000","280000","279000","278500","277500","277000","275500","1","132","146","1","7","8","92","187","76","104","2","245","16","128","57","10","10","1","5","1","754","475","0","0","0","0","0","-278500","5","-100.00","513","0","0","0","0","","0","0","0","","",""
"080040","0000","0","282500","283000","283500","284000","284500","285000","285500","286000","286500","287000","282000","281500","281000","280000","279000","278500","277500","277000","275500","275000","13","1","132","146","1","7","8","92","187","76","245","16","128","57","10","10","1","5","1","30","663","503","0","0","0","0","0","-278500","5","-100.00","515","-91","28","0","0","","0","0","0","","",""
"080040","0001","0","282500","283000","283500","284000","284500","285000","285500","286000","286500","287000","282000","281500","281000","280000","279000","278500","277500","277000","275500","275000","12","1","132","146","1","7","8","92","187","76","246","16","128","57","10","10","1","5","1","30","662","504","0","0","0","0","0","-278500","5","-100.00","516","-1","1","0","0","","0","0","0","","",""
"080040","0002","0","282500","283000","283500","284000","284500","285000","285500","286000","286500","287000","282000","281500","281000","280000","279000","278500","277500","277000","275500","275000","12","20","132","146","1","7","8","92","187","76","246","16","128","57","10","10","1","5","1","30","681","504","0","0","0","0","0","-278500","5","-100.00","516","19","0","0","0","","0","0","0","","",""
"080041","0000","0","282500","283000","283500","284000","284500","285000","285500","286000","286500","287000","282000","281500","281000","280000","279000","278500","277500","277000","275500","275000","12","20","132","146","1","7","8","92","187","78","246","16","128","57","10","10","1","5","1","30","683","504","0","0","0","0","0","-278500","5","-100.00","516","2","0","0","0","","0","0","0","","",""
"080041","0001","0","282500","283000","283500","284000","284500","285000","285500","286000","286500","287000","282000","281500","281000","280000","279000","277500","277000","275500","275000","274000","1","20","132","146","1","7","8","92","187","78","246","26","128","57","10","1","5","1","30","81","672","585","0","0","0","0","0","-278500","5","-100.00","527","-11","0","0","0","","0","0","0","","",""
"080041","0002","0","283500","284000","284500","285000","285500","286000","286500","287000","288000","289000","283000","282000","281500","281000","280000","279000","277500","277000","275500","275000","138","146","1","7","8","92","187","78","104","1","16","246","26","128","57","10","1","5","1","30","762","520","0","0","0","0","0","-278500","5","-100.00","548","90","-65","0","0","","0","0","0","","",""
"080041","0003","0","283500","284000","284500","285000","285500","286000","286500","287000","288000","289000","283000","282000","281500","281000","280000","279000","277500","277000","275500","275000","138","146","1","7","8","92","187","78","104","1","26","246","26","128","57","10","1","5","1","30","762","530","0","0","0","0","0","-278500","5","-100.00","548","0","10","0","0","","0","0","0","","",""
"080042","0000","0","283500","284000","284500","285000","285500","286000","286500","287000","288000","289000","283000","282500","282000","281500","281000","280000","279000","277500","277000","275500","138","146","1","7","8","92","187","78","104","1","26","13","246","26","128","57","10","1","5","1","762","513","0","0","0","0","0","-278500","5","-100.00","548","0","-17","0","0","","0","0","0","","",""
"080042","0001","0","283500","284000","284500","285000","285500","286000","286500","287000","288000","289000","283000","282500","282000","281500","281000","280000","279000","277500","277000","275500","139","146","1","7","8","92","187","78","104","1","23","13","246","26","128","57","10","1","5","1","763","510","0","0","0","0","0","-278500","5","-100.00","551","1","-3","0","0","","0","0","0","","",""
"080043","0000","0","283500","284000","284500","285000","285500","286000","286500","287000","288000","289000","283000","282500","282000","281500","281000","280000","279000","277500","277000","275500","139","147","1","7","8","92","187","78","104","1","5","13","246","26","133","57","10","1","5","1","764","497","0","0","0","0","0","-278500","5","-100.00","569","1","-13","0","0","","0","0","0","","",""
"080043","0001","0","283500","284000","284500","285000","285500","286000","286500","287000","288000","289000","283000","282500","282000","281500","281000","280000","279000","277500","277000","275500","139","147","1","7","8","92","187","78","104","1","4","13","246","26","133","57","10","1","5","1","764","496","0","0","0","0","0","-278500","5","-100.00","576","0","-1","0","0","","0","0","0","","",""
"080044","0000","0","283000","283500","284000","284500","285000","285500","286000","286500","287000","288000","282500","282000","281500","281000","280000","279000","277500","277000","275500","275000","10","139","147","1","7","8","92","187","78","104","13","247","26","133","57","10","1","5","1","31","773","524","0","0","0","0","0","-278500","5","-100.00","580","9","28","0","0","","0","0","0","","",""
"080044","0001","0","283000","283500","284000","284500","285000","285500","286000","286500","287000","288000","282500","282000","281500","281000","280000","279000","277500","277000","275500","275000","16","139","147","1","7","8","92","187","78","104","11","247","26","133","57","10","1","5","1","31","779","522","0","0","0","0","0","-278500","5","-100.00","582","6","-2","0","0","","0","0","0","","",""
"080044","0002","0","283000","283500","284000","284500","285000","285500","286000","286500","287000","288000","282500","282000","281500","281000","280000","279000","277500","277000","275500","275000","16","239","147","1","7","8","92","187","78","104","11","247","26","133","57","10","1","5","1","31","879","522","0","0","0","0","0","-278500","5","-100.00","582","100","0","0","0","","0","0","0","","",""
"080045","0000","0","283000","283500","284000","284500","285000","285500","286000","286500","287000","288000","282500","282000","281500","281000","280000","279000","277500","277000","275500","275000","16","239","147","1","7","8","92","187","78","104","31","247","26","133","57","10","1","5","1","51","879","562","0","0","0","0","0","-278500","5","-100.00","582","0","40","0","0","","0","0","0","","",""
"080045","0001","0","283500","284000","284500","285000","285500","286000","286500","287000","288000","289000","282500","282000","281500","281000","280000","279000","277500","277000","275500","275000","236","147","1","7","8","92","187","78","104","1","31","247","26","133","57","10","1","5","1","51","861","562","0","0","0","0","0","-278500","5","-100.00","602","-18","0","0","0","","0","0","0","","",""
"080046","0000","0","283000","283500","284000","284500","285000","285500","286000","286500","287000","288000","282500","282000","281500","281000","280000","279000","277500","277000","275500","275000","5","236","147","1","7","8","92","187","78","104","31","247","26","133","57","10","1","5","1","51","865","562","0","0","0","0","0","-278500","5","-100.00","602","4","0","0","0","","0","0","0","","",""
"080046","0001","0","282500","283000","283500","284000","284500","285000","285500","286000","286500","287000","282000","281500","281000","280000","279000","277500","277000","275500","275000","274000","18","9","229","97","1","7","8","92","187","78","247","26","133","57","10","1","5","1","51","80","726","611","0","0","0","0","0","-278500","5","-100.00","636","-137","48","0","0","","0","0","0","","",""
"080046","0002","0","282500","283000","283500","284000","284500","285000","285500","286000","286500","287000","282000","281500","281000","280000","279000","277500","277000","275500","275000","274000","17","14","229","97","1","7","8","92","187","78","247","27","133","57","10","1","5","1","51","80","730","612","0","0","0","0","0","-278500","5","-100.00","637","4","1","0","0","","0","0","0","","",""
"080046","0003","0","282500","283000","283500","284000","284500","285000","285500","286000","286500","287000","282000","281500","281000","280000","279000","277500","277000","275500","275000","274000","17","44","229","97","1","7","8","92","187","78","247","27","133","57","10","1","5","1","51","80","760","612","0","0","0","0","0","-278500","5","-100.00","637","30","0","0","0","","0","0","0","","",""
"080047","0000","0","282500","283000","283500","284000","284500","285000","285500","286000","286500","287000","282000","281500","281000","280000","279000","277500","277000","275500","275000","274000","17","44","229","97","1","7","8","92","187","78","245","27","133","57","10","1","5","1","51","80","760","610","0","0","0","0","0","-278500","5","-100.00","639","0","-2","0","0","","0","0","0","","",""
"080047","0001","0","282500","283000","283500","284000","284500","285000","285500","286000","286500","287000","282000","281500","281000","280000","279000","277500","277000","275500","275000","274000","17","44","229","97","1","7","8","92","187","78","245","27","133","57","10","1","5","1","61","80","760","620","0","0","0","0","0","-278500","5","-100.00","639","0","10","0","0","","0","0","0","","",""
"080047","0002","0","283000","283500","284000","284500","285000","285500","286000","286500","287000","288000","282500","282000","281500","281000","280000","279000","277500","277000","275500","275000","35","229","97","1","7","8","92","187","78","104","283","245","27","133","57","10","1","7","1","61","838","825","0","0","0","0","0","-278500","5","-100.00","661","78","205","0","0","","0","0","0","","",""
"080048","0000","0","283000","283500","284000","284500","285000","285500","286000","286500","287000","288000","282500","282000","281500","281000","280000","279000","277500","277000","275500","275000","36","229","97","2","7","8","92","187","78","104","283","245","27","133","57","10","1","7","1","61","840","825","0","0","0","0","0","-278500","5","-100.00","661","2","0","0","0","","0","0","0","","",""
"080048","0001","0","283000","283500","284000","284500","285000","285500","286000","286500","287000","288000","282500","282000","281500","281000","280500","280000","279000","277500","277000","275500","6","233","98","2","7","8","92","187","78","104","283","245","27","133","7","57","10","1","7","1","815","771","0","0","0","0","0","-278500","5","-100.00","691","-6","0","0","0","","0","0","0","","",""
"080049","0000","0","283000","283500","284000","284500","285000","285500","286000","286500","287000","288000","282500","282000","281500","281000","280500","280000","279000","277500","277000","275500","5","233","98","2","7","8","92","187","78","104","282","245","27","133","7","57","10","1","7","1","814","770","0","0","0","0","0","-278500","5","-100.00","693","-1","-1","0","0","","0","0","0","","",""
"080049","0001","0","283500","284000","284500","285000","285500","286000","286500","287000","288000","289000","283000","282500","282000","281500","281000","280500","280000","279000","277500","277000","233","98","2","7","8","92","187","78","104","1","2","396","245","27","134","7","57","10","1","7","810","886","0","0","0","0","0","-278500","5","-100.00","698","-4","116","0","0","","0","0","0","","",""
"080049","0002","0","283500","284000","284500","285000","285500","286000","286500","287000","288000","289000","283000","282500","282000","281500","281000","280500","280000","279000","277500","277000","233","98","2","7","8","92","187","78","104","1","3","396","245","27","134","7","57","10","1","7","810","887","0","0","0","0","0","-278500","5","-100.00","698","0","1","0","0","","0","0","0","","",""
"080050","0000","0","283500","284000","284500","285000","285500","286000","286500","287000","288000","289000","283000","282500","282000","281500","281000","280500","280000","279000","277500","277000","233","98","2","7","8","92","187","78","104","1","3","401","245","27","134","7","57","10","1","7","810","892","0","0","0","0","0","-278500","5","-100.00","698","0","5","0","0","","0","0","0","","",""
"080050","0001","0","283500","284000","284500","285000","285500","286000","286500","287000","288000","289000","283000","282500","282000","281500","281000","280500","280000","279000","277500","277000","234","98","2","7","8","92","187","78","104","1","3","401","245","27","134","7","57","10","1","7","811","892","0","0","0","0","0","-278500","5","-100.00","698","1","0","0","0","","0","0","0","","",""
"080050","0002","0","283500","284000","284500","285000","285500","286000","286500","287000","288000","289000","282500","282000","281500","281000","280500","280000","279000","277500","277000","275500","234","98","2","12","8","92","187","78","104","1","154","245","27","134","7","57","10","1","7","1","816","643","0","0","0","0","0","-278500","5","-100.00","948","5","-249","0","0","","0","0","0","","",""
"080051","0000","0","283000","283500","284000","284500","285000","285500","286000","286500","287000","288000","282500","282000","281500","281000","280500","280000","279000","277500","277000","275500","1","234","98","2","12","8","92","187","78","104","164","245","27","134","7","57","10","1","7","1","816","653","0","0","0","0","0","-278500","5","-100.00","948","0","10","0","0","","0","0","0","","",""
"080051","0001","0","283000","283500","284000","284500","285000","285500","286000","286500","287000","288000","282500","282000","281500","281000","280500","280000","279000","277500","277000","275500","1","234","98","2","12","8","92","187","78","104","167","245","27","134","7","57","10","1","7","1","816","656","0","0","0","0","0","-278500","5","-100.00","948","0","3","0","0","","0","0","0","","",""
"080051","0002","0","283000","283500","284000","284500","285000","285500","286000","286500","287000","288000","282500","282000","281500","281000","280500","280000","279000","277500","277000","275500","1","234","98","2","12","8","92","187","78","104","167","246","27","134","7","57","10","1","7","1","816","657","0","0","0","0","0","-278500","5","-100.00","948","0","1","0","0","","0","0","0","","",""
"080051","0003","0","283000","283500","284000","284500","285000","285500","286000","286500","287000","288000","282500","282000","281500","281000","280500","280000","279000","277500","277000","275500","1","234","98","2","12","8","92","187","78","106","167","246","27","134","7","57","10","1","7","1","818","657","0","0","0","0","0","-278500","5","-100.00","948","2","0","0","0","","0","0","0","","",""
"080051","0004","0","283000","283500","284000","284500","285000","285500","286000","286500","287000","288000","282500","282000","281500","281000","280500","280000","279000","277500","277000","275500","1","234","98","2","12","8","92","187","78","106","167","246","27","134","7","157","10","1","7","1","818","757","0","0","0","0","0","-278500","5","-100.00","948","0","100","0","0","","0","0","0","","",""
"080052","0000","0","283000","283500","284000","284500","285000","285500","286000","286500","287000","288000","282500","282000","281500","281000","280500","280000","279000","277500","277000","275500","5","230","98","2","12","8","92","187","78","106","167","248","27","134","7","157","10","1","7","1","818","759","0","0","0","0","0","-278500","5","-100.00","948","0","2","0","0","","0","0","0","","",""
"080052","0001","0","283000","283500","284000","284500","285000","285500","286000","286500","287000","288000","282500","282000","281500","281000","280500","280000","279000","277500","277000","275500","15","230","98","2","12","8","92","187","78","106","167","248","27","134","7","158","10","1","7","1","828","760","0","0","0","0","0","-278500","5","-100.00","948","10","1","0","0","","0","0","0","","",""
"080053","0000","0","283000","283500","284000","284500","285000","285500","286000","286500","287000","288000","282500","282000","281500","281000","280500","280000","279000","277500","277000","276500","15","230","98","2","12","8","92","187","78","106","165","253","27","134","7","158","10","1","7","1","828","763","0","0","0","0","0","-278500","5","-100.00","950","0","3","0","0","","0","0","0","","",""
"080053","0001","0","283000","283500","284000","284500","285000","285500","286000","286500","287000","288000","282500","282000","281500","281000","280500","280000","279000","277500","277000","276500","115","230","98","2","12","8","92","187","78","106","168","253","27","134","7","158","10","1","7","1","928","766","0","0","0","0","0","-278500","5","-100.00","950","100","3","0","0","","0","0","0","","",""
"080053","0002","0","283000","283500","284000","284500","285000","285500","286000","286500","287000","288000","282500","282000","281500","281000","280500","280000","279000","277500","277000","276500","115","230","98","2","12","8","92","187","78","111","168","253","27","134","7","158","10","1","7","1","933","766","0","0","0","0","0","-278500","5","-100.00","950","5","0","0","0","","0","0","0","","",""
"080053","0003","0","283000","283500","284000","284500","285000","285500","286000","286500","287000","288000","282500","282000","281500","281000","280500","280000","279000","277500","277000","276500","115","230","98","2","12","8","92","187","78","111","163","253","27","134","7","158","10","1","7","1","933","761","0","0","0","0","0","-278500","5","-100.00","955","0","-5","0","0","","0","0","0","","",""
"080053","0004","0","283000","283500","284000","284500","285000","285500","286000","286500","287000","288000","282500","282000","281500","281000","280500","280000","279000","277500","277000","276500","115","230","98","2","12","8","92","187","78","111","168","253","27","134","7","158","10","1","7","1","933","766","0","0","0","0","0","-278500","5","-100.00","955","0","5","0","0","","0","0","0","","",""
"080054","0000","0","283000","283500","284000","284500","285000","285500","286000","286500","287000","288000","282500","282000","281500","281000","280500","280000","279000","277500","277000","276500","115","230","98","2","12","8","92","187","78","111","168","253","33","134","7","158","10","1","7","1","933","772","0","0","0","0","0","-278500","5","-100.00","955","0","6","0","0","","0","0","0","","",""
"080054","0001","0","283000","283500","284000","284500","285000","285500","286000","286500","287000","288000","282500","282000","281500","281000","280500","280000","279000","277500","277000","276500","119","230","97","3","12","8","92","187","78","111","168","253","33","134","7","158","10","1","7","1","937","772","0","0","0","0","0","-278500","5","-100.00","955","4","0","0","0","","0","0","0","","",""
"080054","0002","0","283000","283500","284000","284500","285000","285500","286000","286500","287000","288000","282500","282000","281500","281000","280500","280000","279000","277500","277000","276500","113","230","97","3","12","8","92","187","78","111","168","253","23","134","7","158","10","1","7","1","931","762","0","0","0","0","0","-278500","5","-100.00","965","-10","-10","0","0","","0","0","0","","",""
"080055","0000","0","283000","283500","284000","284500","285000","285500","286000","286500","287000","288000","282500","282000","281500","281000","280500","280000","279000","277500","277000","276500","113","230","97","3","12","8","92","187","78","111","168","373","23","14","7","158","10","1","7","1","931","762","0","0","0","0","0","-278500","5","-100.00","965","0","0","0","0","","0","0","0","","",""
"080055","0001","0","283000","283500","284000","284500","285000","285500","286000","286500","287000","288000","282500","282000","281500","281000","280500","280000","279000","277500","277000","276500","113","230","97","3","12","8","92","188","78","111","168","373","23","14","7","158","10","1","7","1","932","762","0","0","0","0","0","-278500","5","-100.00","965","1","0","0","0","","0","0","0","","",""
"080055","0002","0","283000","283500","284000","284500","285000","285500","286000","286500","287000","288000","282500","282000","281500","281000","280500","280000","279000","277500","277000","276500","122","230","97","3","12","8","92","188","78","111","173","373","23","14","7","158","10","1","7","1","941","767","0","0","0","0","0","-278500","5","-100.00","965","9","5","0","0","","0","0","0","","",""
"080055","0003","0","283000","283500","284000","284500","285000","285500","286000","286500","287000","288000","282500","282000","281500","281000","280500","280000","279000","277500","277000","276500","122","240","97","3","12","8","92","188","78","111","173","373","23","14","7","158","10","1","7","1","951","767","0","0","0","0","0","-278500","5","-100.00","965","10","0","0","0","","0","0","0","","",""
"080056","0000","0","283000","283500","284000","284500","285000","285500","286000","286500","287000","288000","282500","282000","281500","281000","280500","280000","279000","277500","277000","276500","123","240","97","3","12","8","92","188","78","111","173","373","23","14","7","158","10","1","7","1","952","767","0","0","0","0","0","-278500","5","-100.00","965","1","0","0","0","","0","0","0","","",""
"080056","0001","0","283000","283500","284000","284500","285000","285500","286000","286500","287000","288000","282500","282000","281500","281000","280500","280000","279000","277500","277000","276500","123","240","97","3","12","8","92","188","78","111","294","373","23","14","7","158","10","1","7","1","952","888","0","0","0","0","0","-278500","5","-100.00","965","0","121","0","0","","0","0","0","","",""
"080056","0002","0","283000","283500","284000","284500","285000","285500","286000","286500","287000","288000","282500","282000","281500","281000","280500","280000","279000","277500","277000","276500","123","240","97","3","12","8","92","188","78","111","294","373","23","16","7","158","10","1","7","1","952","890","0","0","0","0","0","-278500","5","-100.00","965","0","2","0","0","","0","0","0","","",""
"080056","0003","0","283000","283500","284000","284500","285000","285500","286000","286500","287000","288000","282500","282000","281500","281000","280500","280000","279000","277500","277000","276500","123","240","97","3","12","8","93","188","78","111","294","373","23","16","7","158","10","1","7","1","953","890","0","0","0","0","0","-278500","5","-100.00","965","1","0","0","0","","0","0","0","","",""
"080057","0000","0","283000","283500","284000","284500","285000","285500","286000","286500","287000","288000","282500","282000","281500","281000","280500","280000","279000","277500","277000","276500","123","240","97","3","12","8","93","188","78","111","294","378","23","16","8","158","10","1","7","1","953","896","0","0","0","0","0","-278500","5","-100.00","965","0","6","0","0","","0","0","0","","",""
"080057","0001","0","283000","283500","284000","284500","285000","285500","286000","286500","287000","288000","282500","282000","281500","281000","280500","280000","279000","277500","277000","276500","124","240","97","3","12","8","93","188","78","111","304","378","23","16","8","158","10","1","7","1","954","906","0","0","0","0","0","-278500","5","-100.00","965","1","0","0","0","","0","0","0","","",""
"080057","0002","0","283000","283500","284000","284500","285000","285500","286000","286500","287000","288000","282500","282000","281500","281000","280500","280000","279000","277500","277000","276500","123","240","97","3","12","8","93","188","78","111","304","378","23","16","8","158","10","1","7","1","953","906","0","0","0","0","0","-278500","5","-100.00","966","-1","0","0","0","","0","0","0","","",""
"080058","0000","0","283000","283500","284000","284500","285000","285500","286000","286500","287000","288000","282500","282000","281500","281000","280500","280000","279000","277500","277000","276500","123","240","97","3","12","8","93","188","78","111","303","378","23","16","8","158","10","1","7","1","953","905","0","0","0","0","0","-278500","5","-100.00","967","0","-1","0","0","","0","0","0","","",""
"080058","0001","0","283000","283500","284000","284500","285000","285500","286000","286500","287000","288000","282500","282000","281500","281000","280500","280000","279000","277500","277000","276500","124","240","97","3","12","8","93","188","78","111","303","378","23","16","8","158","10","1","7","1","954","905","0","0","0","0","0","-278500","5","-100.00","967","1","0","0","0","","0","0","0","","",""
"080058","0002","0","283000","283500","284000","284500","285000","285500","286000","286500","287000","288000","282500","282000","281500","281000","280500","280000","279000","277500","277000","276500","144","240","97","3","12","8","93","188","78","111","303","378","23","16","8","158","10","1","7","1","974","905","0","0","0","0","0","-278500","5","-100.00","967","20","0","0","0","","0","0","0","","",""
"080059","0000","0","283000","283500","284000","284500","285000","285500","286000","286500","287000","288000","282500","282000","281500","281000","280500","280000","279000","277500","277000","276500","144","240","97","3","12","8","93","188","78","111","313","378","23","16","8","158","10","1","7","1","974","915","0","0","0","0","0","-278500","5","-100.00","967","0","10","0","0","","0","0","0","","",""
"080059","0001","0","283000","283500","284000","284500","285000","285500","286000","286500","287000","288000","282500","282000","281500","281000","280500","280000","279000","277500","277000","276500","144","240","97","3","12","8","93","188","79","111","323","378","23","16","8","158","10","1","7","1","975","925","0","0","0","0","0","-278500","5","-100.00","967","1","10","0","0","","0","0","0","","",""
"080059","0002","0","283000","283500","284000","284500","285000","285500","286000","286500","287000","288000","282500","282000","281500","281000","280500","280000","279000","277500","277000","276500","144","240","97","3","12","8","93","188","79","111","329","378","23","16","8","158","10","1","7","1","975","931","0","0","0","0","0","-278500","5","-100.00","967","0","6","0","0","","0","0","0","","",""
"080059","0003","0","283000","283500","284000","284500","285000","285500","286000","286500","287000","288000","282500","282000","281500","281000","280500","280000","279000","277500","277000","276500","144","240","97","3","12","8","93","188","79","111","311","378","23","16","8","158","10","1","7","1","975","913","0","0","0","0","0","-278500","5","-100.00","985","0","-18","0","0","","0","0","0","","",""
"080100","0000","0","283000","283500","284000","284500","285000","285500","286000","286500","287000","288000","282500","282000","281500","281000","280500","280000","279000","277500","277000","276500","182","240","97","3","13","8","93","188","179","111","311","378","23","16","8","158","10","1","7","1","1114","913","0","0","0","0","0","-278500","5","-100.00","985","139","0","0","0","","0","0","0","","",""
"080100","0001","0","283000","283500","284000","284500","285000","285500","286000","286500","287000","288000","282500","282000","281500","281000","280500","280000","279000","277500","277000","276500","187","240","97","3","13","8","93","188","179","111","311","378","23","16","8","158","10","1","7","1","1119","913","0","0","0","0","0","-278500","5","-100.00","985","5","0","0","0","","0","0","0","","",""
"080101","0000","0","283000","283500","284000","284500","285000","285500","286000","286500","287000","288000","282500","282000","281500","281000","280500","280000","279000","277500","277000","276500","187","240","97","3","13","8","93","188","179","111","311","378","23","16","8","159","10","1","7","1","1119","914","0","0","0","0","0","-278500","5","-100.00","985","0","1","0","0","","0","0","0","","",""
"080101","0001","0","283000","283500","284000","284500","285000","285500","286000","286500","287000","288000","282500","282000","281500","281000","280500","280000","279000","277500","277000","276500","177","240","97","3","13","8","93","188","179","111","311","378","23","16","8","159","10","1","7","1","1109","914","0","0","0","0","0","-278500","5","-100.00","995","-10","0","0","0","","0","0","0","","",""
"080102","0000","0","283000","283500","284000","284500","285000","285500","286000","286500","287000","288000","282500","282000","281500","281000","280500","280000","279000","277500","277000","276500","182","240","97","3","8","8","93","188","179","111","311","378","23","16","8","159","10","1","7","1","1109","914","0","0","0","0","0","-278500","5","-100.00","995","0","0","0","0","","0","0","0","","",""
"080102","0001","0","283000","283500","284000","284500","285000","285500","286000","286500","287000","288000","282500","282000","281500","281000","280500","280000","279000","277500","277000","276500","192","240","97","3","8","8","93","188","179","111","312","378","23","16","8","159","10","1","7","1","1119","915","0","0","0","0","0","-278500","5","-100.00","995","10","1","0","0","","0","0","0","","",""
"080104","0000","0","283000","283500","284000","284500","285000","285500","286000","286500","287000","288000","282500","282000","281500","281000","280500","280000","279000","277500","277000","276500","192","240","97","3","8","8","93","188","179","111","317","378","23","16","8","159","10","1","8","1","1119","921","0","0","0","0","0","-278500","5","-100.00","995","0","6","0","0","","0","0","0","","",""
"080104","0001","0","283000","283500","284000","284500","285000","285500","286000","286500","287000","288000","282500","282000","281500","281000","280500","280000","279000","277500","277000","276500","192","245","97","3","8","8","93","188","179","111","317","378","23","16","8","159","10","1","8","1","1124","921","0","0","0","0","0","-278500","5","-100.00","995","5","0","0","0","","0","0","0","","",""
"080105","0000","0","283000","283500","284000","284500","285000","285500","286000","286500","287000","288000","282500","282000","281500","281000","280500","280000","279000","277500","277000","276500","192","245","97","3","8","8","93","188","179","111","312","378","23","16","8","159","10","1","8","1","1124","916","0","0","0","0","0","-278500","5","-100.00","1000","0","-5","0","0","","0","0","0","","",""
"080105","0001","0","283000","283500","284000","284500","285000","285500","286000","286500","287000","288000","282500","282000","281500","281000","280500","280000","279000","278500","277500","277000","192","245","97","3","8","8","93","188","179","111","312","378","23","16","18","159","10","1","1","8","1124","926","0","0","0","0","0","-278500","5","-100.00","1000","0","10","0","0","","0","0","0","","",""
"080106","0000","0","283000","283500","284000","284500","285000","285500","286000","286500","287000","288000","282500","282000","281500","281000","280500","280000","279000","278500","277500","277000","201","245","97","3","8","8","93","188","179","111","312","378","23","16","18","159","10","1","1","8","1133","926","0","0","0","0","0","-278500","5","-100.00","1000","9","0","0","0","","0","0","0","","",""
"080106","0001","0","283000","283500","284000","284500","285000","285500","286000","286500","287000","288000","282500","282000","281500","281000","280500","280000","279000","278500","277500","277000","141","245","97","3","8","8","93","188","179","111","312","378","23","16","18","162","10","1","1","8","1073","929","0","0","0","0","0","-278500","5","-100.00","1060","-60","3","0","0","","0","0","0","","",""
"080106","0002","0","283000","283500","284000","284500","285000","285500","286000","286500","287000","288000","282500","282000","281500","281000","280500","280000","279000","278500","277500","277000","144","245","97","3","8","8","93","188","179","111","312","378","23","16","18","162","10","1","1","8","1076","929","0","0","0","0","0","-278500","5","-100.00","1060","3","0","0","0","","0","0","0","","",""
"080107","0000","0","283000","283500","284000","284500","285000","285500","286000","286500","287000","288000","282500","282000","281500","281000","280500","280000","279000","278500","277500","277000","144","245","97","3","8","8","93","188","179","118","312","378","23","16","18","162","10","1","1","8","1083","929","0","0","0","0","0","-278500","5","-100.00","1060","7","0","0","0","","0","0","0","","",""
"080107","0001","0","283000","283500","284000","284500","285000","285500","286000","286500","287000","288000","282500","282000","281500","281000","280500","280000","279000","278500","277500","277000","144","245","97","3","8","8","93","188","179","118","312","378","23","16","29","162","10","1","1","8","1083","940","0","0","0","0","0","-278500","5","-100.00","1060","0","11","0","0","","0","0","0","","",""
"080107","0002","0","283000","283500","284000","284500","285000","285500","286000","286500","287000","288000","282500","282000","281500","281000","280500","280000","279000","278500","277500","277000","144","245","97","3","8","8","93","188","179","118","412","378","23","16","29","162","10","1","1","8","1083","1040","0","0","0","0","0","-278500","5","-100.00","1060","0","100","0","0","","0","0","0","","",""
"080108","0000","0","283000","283500","284000","284500","285000","285500","286000","286500","287000","288000","282500","282000","281500","281000","280500","280000","279000","278500","277500","277000","144","245","97","3","8","8","93","188","179","118","411","378","23","16","29","162","10","1","1","8","1083","1039","0","0","0","0","0","-278500","5","-100.00","1061","0","-1","0","0","","0","0","0","","",""
"080108","0001","0","283000","283500","284000","284500","285000","285500","286000","286500","287000","288000","282500","282000","281500","281000","280500","280000","279000","278500","277500","277000","148","245","97","3","8","8","93","188","179","118","421","378","23","16","29","162","10","1","1","8","1087","1049","0","0","0","0","0","-278500","5","-100.00","1061","4","10","0","0","","0","0","0","","",""
"080108","0002","0","283000","283500","284000","284500","285000","285500","286000","286500","287000","288000","282500","282000","281500","281000","280500","280000","279000","278500","277500","277000","147","245","97","3","8","8","93","188","179","118","421","378","23","16","29","162","10","1","1","8","1086","1049","0","0","0","0","0","-278500","5","-100.00","1062","-1","0","0","0","","0","0","0","","",""
"080108","0003","0","283000","283500","284000","284500","285000","285500","286000","286500","287000","288000","282500","282000","281500","281000","280500","280000","279000","278500","277500","277000","148","245","97","3","8","8","93","188","179","118","421","378","23","16","29","162","10","1","1","8","1087","1049","0","0","0","0","0","-278500","5","-100.00","1062","1","0","0","0","","0","0","0","","",""
"080108","0004","0","283000","283500","284000","284500","285000","285500","286000","286500","287000","288000","282500","282000","281500","281000","280500","280000","279000","278500","277500","277000","148","245","97","3","8","8","93","188","179","118","422","378","23","16","29","162","10","1","1","8","1087","1050","0","0","0","0","0","-278500","5","-100.00","1062","0","1","0","0","","0","0","0","","",""
"080109","0000","0","283000","283500","284000","284500","285000","285500","286000","286500","287000","288000","282500","282000","281500","281000","280500","280000","279000","278500","277500","277000","148","245","147","3","8","8","93","188","179","118","422","378","23","16","29","162","10","1","1","8","1137","1050","0","0","0","0","0","-278500","5","-100.00","1062","50","0","0","0","","0","0","0","","",""
"080109","0001","0","283000","283500","284000","284500","285000","285500","286000","286500","287000","288000","282500","282000","281500","281000","280500","280000","279000","278500","277500","277000","149","245","147","3","8","8","93","188","179","118","422","378","23","16","29","162","10","1","1","8","1138","1050","0","0","0","0","0","-278500","5","-100.00","1062","1","0","0","0","","0","0","0","","",""
"080109","0002","0","283000","283500","284000","284500","285000","285500","286000","286500","287000","288000","282500","282000","281500","281000","280500","280000","279000","278500","277500","277000","149","245","147","3","8","8","93","188","179","118","422","378","23","16","29","163","10","1","1","8","1138","1051","0","0","0","0","0","-278500","5","-100.00","1062","0","1","0","0","","0","0","0","","",""
"080110","0000","0","283000","283500","284000","284500","285000","285500","286000","286500","287000","288000","282500","282000","281500","281000","280500","280000","279000","278500","277500","277000","148","245","147","3","8","8","93","188","179","118","422","378","23","16","29","163","10","1","1","8","1137","1051","0","0","0","0","0","-278500","5","-100.00","1063","-1","0","0","0","","0","0","0","","",""
"080110","0001","0","283000","283500","284000","284500","285000","285500","286000","286500","287000","288000","282500","282000","281500","281000","280500","280000","279000","278500","277500","277000","148","245","147","3","8","8","93","188","179","118","422","380","23","16","29","163","10","1","1","8","1137","1053","0","0","0","0","0","-278500","5","-100.00","1063","0","2","0","0","","0","0","0","","",""
"080111","0000","0","283000","283500","284000","284500","285000","285500","286000","286500","287000","288000","282500","282000","281500","281000","280500","280000","279000","278500","277500","277000","143","245","147","3","8","8","93","188","179","250","417","380","23","16","29","163","10","1","1","8","1264","1048","0","0","0","0","0","-278500","5","-100.00","1068","132","0","0","0","","0","0","0","","",""
"080112","0000","0","283000","283500","284000","284500","285000","285500","286000","286500","287000","288000","282500","282000","281500","281000","280500","280000","279000","278500","277500","277000","140","245","147","3","8","8","93","188","179","250","417","380","23","16","29","163","10","1","1","8","1261","1048","0","0","0","0","0","-278500","5","-100.00","1071","-3","0","0","0","","0","0","0","","",""
"080113","0000","0","283000","283500","284000","284500","285000","285500","286000","286500","287000","288000","282500","282000","281500","281000","280500","280000","279000","278500","277500","277000","140","245","147","3","8","8","93","188","179","250","418","380","23","16","29","163","10","1","1","8","1261","1049","0","0","0","0","0","-278500","5","-100.00","1071","0","1","0","0","","0","0","0","","",""
"080113","0001","0","283000","283500","284000","284500","285000","285500","286000","286500","287000","288000","282500","282000","281500","281000","280500","280000","279000","278500","277500","277000","140","245","147","3","8","8","93","188","179","250","418","381","23","16","29","163","10","1","1","8","1261","1050","0","0","0","0","0","-278500","5","-100.00","1071","0","1","0","0","","0","0","0","","",""
"080113","0002","0","283000","283500","284000","284500","285000","285500","286000","286500","287000","288000","282500","282000","281500","281000","280500","280000","279000","278500","277500","277000","138","245","147","3","8","8","93","188","179","250","418","381","23","16","29","163","10","1","1","8","1259","1050","0","0","0","0","0","-278500","5","-100.00","1073","-2","0","0","0","","0","0","0","","",""
"080114","0000","0","283000","283500","284000","284500","285000","285500","286000","286500","287000","288000","282500","282000","281500","281000","280500","280000","279000","278500","277500","277000","138","250","147","3","8","8","93","188","179","250","418","381","23","16","29","163","10","1","1","8","1264","1050","0","0","0","0","0","-278500","5","-100.00","1073","5","0","0","0","","0","0","0","","",""
"080114","0001","0","283000","283500","284000","284500","285000","285500","286000","286500","287000","288000","282500","282000","281500","281000","280500","280000","279000","278500","277500","277000","138","250","147","3","8","8","111","188","179","250","415","381","23","16","29","163","10","1","1","8","1282","1047","0","0","0","0","0","-278500","5","-100.00","1073","18","-3","0","0","","0","0","0","","",""
"080114","0002","0","283000","283500","284000","284500","285000","285500","286000","286500","287000","288000","282500","282000","281500","281000","280500","280000","279000","278500","277500","277000","138","250","147","3","8","8","111","188","179","250","415","525","23","16","29","163","10","1","1","8","1282","1191","0","0","0","0","0","-278500","5","-100.00","1073","0","144","0","0","","0","0","0","","",""
"080115","0000","0","283000","283500","284000","284500","285000","285500","286000","286500","287000","288000","282500","282000","281500","281000","280500","280000","279000","278500","277500","277000","112","250","147","3","10","8","111","188","179","350","415","525","23","16","29","163","10","1","1","8","1358","1191","0","0","0","0","0","-278500","5","-100.00","1099","-24","0","0","0","","0","0","0","","",""
"080115","0001","0","283000","283500","284000","284500","285000","285500","286000","286500","287000","288000","282500","282000","281500","281000","280500","280000","279000","278500","277500","277000","112","251","147","3","10","8","111","188","179","350","415","525","23","16","29","163","10","1","1","8","1359","1191","0","0","0","0","0","-278500","5","-100.00","1099","1","0","0","0","","0","0","0","","",""
"080116","0000","0","283000","283500","284000","284500","285000","285500","286000","286500","287000","288000","282500","282000","281500","281000","280500","280000","279000","278500","277500","277000","113","251","147","3","10","8","111","188","179","350","419","525","23","16","29","163","10","1","1","8","1360","1195","0","0","0","0","0","-278500","5","-100.00","1099","1","4","0","0","","0","0","0","","",""
"080117","0000","0","283000","283500","284000","284500","285000","285500","286000","286500","287000","288000","282500","282000","281500","281000","280500","280000","279000","278500","277500","277000","114","251","147","3","10","8","111","188","179","350","419","525","23","16","29","163","10","1","1","8","1361","1195","0","0","0","0","0","-278500","5","-100.00","1099","1","0","0","0","","0","0","0","","",""
"080117","0001","0","283000","283500","284000","284500","285000","285500","286000","286500","287000","288000","282500","282000","281500","281000","280500","280000","279000","278500","277500","277000","114","251","147","3","10","8","111","188","184","350","419","525","23","16","29","163","10","1","1","8","1366","1195","0","0","0","0","0","-278500","5","-100.00","1099","5","0","0","0","","0","0","0","","",""
"080117","0002","0","283000","283500","284000","284500","285000","285500","286000","286500","287000","288000","282500","282000","281500","281000","280500","280000","279000","278500","277500","277000","114","251","147","3","10","8","111","188","184","350","418","525","23","16","29","163","10","1","1","8","1366","1194","0","0","0","0","0","-278500","5","-100.00","1100","0","-1","0","0","","0","0","0","","",""
"080117","0003","0","283000","283500","284000","284500","285000","285500","286000","286500","287000","288000","282500","282000","281500","281000","280500","280000","279000","278500","277500","277000","127","251","147","3","10","8","111","188","184","350","206","525","23","16","29","163","10","1","1","8","1379","982","0","0","0","0","0","-278500","5","-100.00","1312","13","-212","0","0","","0","0","0","","",""
"080118","0000","0","283000","283500","284000","284500","285000","285500","286000","286500","287000","288000","282500","282000","281500","281000","280500","280000","279000","278500","277500","277000","110","251","147","3","10","8","111","188","184","350","206","525","23","16","29","163","10","1","1","8","1362","982","0","0","0","0","0","-278500","5","-100.00","1317","-17","0","0","0","","0","0","0","","",""
"080118","0001","0","283000","283500","284000","284500","285000","285500","286000","286500","287000","288000","282500","282000","281500","281000","280500","280000","279000","278500","277500","277000","110","251","147","3","10","68","111","188","184","350","206","525","23","16","29","163","10","1","1","8","1422","982","0","0","0","0","0","-278500","5","-100.00","1317","60","0","0","0","","0","0","0","","",""
"080118","0002","0","283000","283500","284000","284500","285000","285500","286000","286500","287000","288000","282500","282000","281500","281000","280500","280000","279000","278500","277500","277000","123","251","147","3","10","68","111","188","184","350","204","525","23","16","29","163","10","1","1","8","1435","980","0","0","0","0","0","-278500","5","-100.00","1319","13","-2","0","0","","0","0","0","","",""
"080119","0000","0","283000","283500","284000","284500","285000","285500","286000","286500","287000","287500","282500","282000","281500","281000","280500","280000","279000","278500","277500","277000","123","251","147","3","10","68","111","188","184","2","205","525","23","16","29","163","10","1","1","8","1087","981","0","0","0","0","0","-278500","5","-100.00","1319","-348","1","0","0","","0","0","0","","",""
"080119","0001","0","283000","283500","284000","284500","285000","285500","286000","286500","287000","287500","282500","282000","281500","281000","280500","280000","279000","278500","277500","277000","122","251","147","3","10","68","111","188","188","2","205","525","23","16","29","163","10","1","1","8","1090","981","0","0","0","0","0","-278500","5","-100.00","1320","3","0","0","0","","0","0","0","","",""
"080120","0000","0","283000","283500","284000","284500","285000","285500","286000","286500","287000","287500","282500","282000","281500","281000","280500","280000","279000","278500","277500","277000","122","250","147","3","10","68","111","188","188","2","204","525","23","16","29","163","10","1","1","8","1089","980","0","0","0","0","0","-278500","5","-100.00","1321","-1","-1","0","0","","0","0","0","","",""
"080120","0001","0","283000","283500","284000","284500","285000","285500","286000","286500","287000","287500","282500","282000","281500","281000","280500","280000","279000","278500","277500","277000","122","250","147","3","10","68","111","188","188","2","185","525","23","16","29","163","10","1","1","8","1089","961","0","0","0","0","0","-278500","5","-100.00","1340","0","-19","0","0","","0","0","0","","",""
"080120","0002","0","283000","283500","284000","284500","285000","285500","286000","286500","287000","287500","282500","282000","281500","281000","280500","280000","279000","278500","277500","277000","122","245","147","3","10","68","111","188","188","2","185","525","23","16","29","163","10","1","1","8","1084","961","0","0","0","0","0","-278500","5","-100.00","1340","-5","0","0","0","","0","0","0","","",""
"080120","0003","0","283000","283500","284000","284500","285000","285500","286000","286500","287000","287500","282500","282000","281500","281000","280500","280000","279000","278500","277500","277000","121","250","147","3","40","68","111","188","188","2","185","525","23","16","29","163","10","1","1","8","1118","961","0","0","0","0","0","-278500","5","-100.00","1341","29","0","0","0","","0","0","0","","",""
"080121","0000","0","283000","283500","284000","284500","285000","285500","286000","286500","287000","287500","282500","282000","281500","281000","280500","280000","279000","278500","277500","277000","122","250","147","3","40","68","111","188","188","2","185","525","23","16","29","163","10","1","1","8","1119","961","0","0","0","0","0","-278500","5","-100.00","1341","1","0","0","0","","0","0","0","","",""
"080121","0001","0","283000","283500","284000","284500","285000","285500","286000","286500","287000","287500","282500","282000","281500","281000","280500","280000","279000","278500","277500","277000","122","250","147","3","40","68","222","188","188","2","185","525","23","16","29","163","10","1","1","8","1230","961","0","0","0","0","0","-278500","5","-100.00","1341","111","0","0","0","","0","0","0","","",""
"080121","0002","0","283000","283500","284000","284500","285000","285500","286000","286500","287000","287500","282500","282000","281500","281000","280500","280000","279000","278500","277500","277000","122","250","147","3","40","68","223","188","188","2","185","525","23","16","29","163","10","1","1","8","1231","961","0","0","0","0","0","-278500","5","-100.00","1341","1","0","0","0","","0","0","0","","",""
"080122","0000","0","283000","283500","284000","284500","285000","285500","286000","286500","287000","287500","282500","282000","281500","281000","280500","280000","279000","278500","277500","277000","176","250","147","3","40","68","223","188","184","2","185","525","23","16","29","163","10","1","1","8","1281","961","0","0","0","0","0","-278500","5","-100.00","1341","50","0","0","0","","0","0","0","","",""
"080122","0001","0","283000","283500","284000","284500","285000","285500","286000","286500","287000","287500","282500","282000","281500","281000","280500","280000","279000","278500","277500","277000","175","250","147","3","40","68","223","188","184","2","184","525","23","16","29","163","10","1","1","8","1280","960","0","0","0","0","0","-278500","5","-100.00","1342","-1","-1","0","0","","0","0","0","","",""
"080123","0000","0","283000","283500","284000","284500","285000","285500","286000","286500","287000","287500","282500","282000","281500","281000","280500","280000","279000","278500","277500","277000","175","250","147","3","40","68","223","188","184","2","184","525","23","16","29","163","10","1","1","8","1280","960","0","0","0","0","0","-278500","5","-100.00","1342","0","0","0","0","","0","0","0","","",""
"080123","0001","0","283000","283500","284000","284500","285000","285500","286000","286500","287000","287500","282500","282000","281500","281000","280500","280000","279000","278500","277500","277000","175","250","147","3","40","68","223","188","184","2","174","600","23","16","29","163","10","1","1","8","1280","1025","0","0","0","0","0","-278500","5","-100.00","1352","0","65","0","0","","0","0","0","","",""
"080124","0000","0","283000","283500","284000","284500","285000","285500","286000","286500","287000","287500","282500","282000","281500","281000","280500","280000","279000","278500","277500","277000","177","250","147","73","40","68","223","188","184","2","174","600","23","16","29","163","10","1","1","8","1352","1025","0","0","0","0","0","-278500","5","-100.00","1352","70","0","0","0","","0","0","0","","",""
"080124","0001","0","283000","283500","284000","284500","285000","285500","286000","286500","287000","287500","282500","282000","281500","281000","280500","280000","279000","278500","277500","277000","177","250","147","73","40","68","223","188","184","2","174","600","23","16","30","163","10","1","1","8","1352","1026","0","0","0","0","0","-278500","5","-100.00","1352","0","1","0","0","","0","0","0","","",""
"080124","0002","0","283000","283500","284000","284500","285000","285500","286000","286500","287000","287500","282500","282000","281500","281000","280500","280000","279000","278500","277500","277000","176","250","147","73","40","68","223","188","184","2","175","602","23","16","30","163","10","1","1","8","1351","1029","0","0","0","0","0","-278500","5","-100.00","1353","-1","3","0","0","","0","0","0","","",""
"080125","0000","0","282500","283000","283500","284000","284500","285000","285500","286000","286500","287000","282000","281500","281000","280500","280000","279000","278500","277500","277000","276500","53","165","250","147","73","43","68","223","188","184","602","23","16","30","163","10","1","1","8","1","1394","855","0","0","0","0","0","-278500","5","-100.00","1528","43","-174","0","0","","0","0","0","","",""
"080125","0001","0","282500","283000","283500","284000","284500","285000","285500","286000","286500","287000","282000","281500","281000","280500","280000","279000","278500","277500","277000","276500","52","165","250","147","73","43","69","222","188","185","597","23","16","30","163","10","1","1","8","1","1394","850","0","0","0","0","0","-278500","5","-100.00","1529","0","-5","0","0","","0","0","0","","",""
"080125","0002","0","282500","283000","283500","284000","284500","285000","285500","286000","286500","287000","282000","281500","281000","280500","280000","279000","278500","277500","277000","276500","53","165","250","147","73","43","69","222","188","185","597","23","16","30","163","10","1","1","8","1","1395","850","0","0","0","0","0","-278500","5","-100.00","1529","1","0","0","0","","0","0","0","","",""
"080126","0000","0","282500","283000","283500","284000","284500","285000","285500","286000","286500","287000","282000","281500","281000","280500","280000","279000","278500","277500","277000","276500","62","156","250","147","73","43","69","222","188","186","597","23","16","30","163","10","1","1","8","1","1396","850","0","0","0","0","0","-278500","5","-100.00","1529","1","0","0","0","","0","0","0","","",""
"080127","0000","0","282500","283000","283500","284000","284500","285000","285500","286000","286500","287000","282000","281500","281000","280500","280000","279000","278500","277500","277000","276500","62","158","250","147","73","43","69","222","188","186","597","23","16","30","163","10","1","1","8","1","1398","850","0","0","0","0","0","-278500","5","-100.00","1529","2","0","0","0","","0","0","0","","",""
"080127","0001","0","282500","283000","283500","284000","284500","285000","285500","286000","286500","287000","282000","281500","281000","280500","280000","279000","278500","277500","277000","276500","65","158","250","147","73","43","69","222","188","186","597","23","16","30","163","10","1","1","8","1","1401","850","0","0","0","0","0","-278500","5","-100.00","1529","3","0","0","0","","0","0","0","","",""
"080128","0000","0","282500","283000","283500","284000","284500","285000","285500","286000","286500","287000","282000","281500","281000","280500","280000","279000","278500","277500","277000","276500","72","158","250","147","73","43","69","222","188","186","597","23","16","30","163","10","1","1","8","1","1408","850","0","0","0","0","0","-278500","5","-100.00","1529","7","0","0","0","","0","0","0","","",""
"080128","0001","0","282500","283000","283500","284000","284500","285000","285500","286000","286500","287000","282000","281500","281000","280500","280000","279000","278500","277500","277000","276500","42","158","250","147","73","43","69","222","188","186","597","23","16","30","163","10","1","1","8","1","1378","850","0","0","0","0","0","-278500","5","-100.00","1559","-30","0","0","0","","0","0","0","","",""
"080128","0002","0","282500","283000","283500","284000","284500","285000","285500","286000","286500","287000","282000","281500","281000","280500","280000","279000","278500","277500","277000","276500","43","158","250","147","73","43","69","222","188","186","597","23","16","30","163","10","1","1","8","1","1379","850","0","0","0","0","0","-278500","5","-100.00","1559","1","0","0","0","","0","0","0","","",""
"080129","0000","0","282500","283000","283500","284000","284500","285000","285500","286000","286500","287000","282000","281500","281000","280500","280000","279000","278500","277500","277000","276500","61","158","250","147","73","43","69","222","188","186","597","23","16","30","163","10","1","1","8","1","1397","850","0","0","0","0","0","-278500","5","-100.00","1559","18","0","0","0","","0","0","0","","",""
"080129","0001","0","282500","283000","283500","284000","284500","285000","285500","286000","286500","287000","282000","281500","281000","280500","280000","279000","278500","277500","277000","276500","60","158","250","147","73","43","69","222","188","186","597","23","16","30","163","10","1","1","8","1","1396","850","0","0","0","0","0","-278500","5","-100.00","1560","-1","0","0","0","","0","0","0","","",""
"080129","0002","0","282500","283000","283500","284000","284500","285000","285500","286000","286500","287000","282000","281500","281000","280500","280000","279000","278500","277500","277000","276500","59","158","250","147","73","43","69","222","188","186","597","23","16","30","163","10","1","1","8","1","1395","850","0","0","0","0","0","-278500","5","-100.00","1561","-1","0","0","0","","0","0","0","","",""
"080130","0000","0","282500","283000","283500","284000","284500","285000","285500","286000","286500","287000","282000","281500","281000","280500","280000","279000","278500","277500","277000","276500","59","158","250","147","73","43","69","222","188","186","607","23","16","30","163","10","1","1","8","1","1395","860","0","0","0","0","0","-278500","5","-100.00","1561","0","10","0","0","","0","0","0","","",""
"080130","0001","0","282500","283000","283500","284000","284500","285000","285500","286000","286500","287000","282000","281500","281000","280500","280000","279000","278500","277500","277000","276500","60","158","250","147","73","43","69","222","188","186","607","23","16","30","163","10","1","1","8","1","1396","860","0","0","0","0","0","-278500","5","-100.00","1561","1","0","0","0","","0","0","0","","",""
"080130","0002","0","282500","283000","283500","284000","284500","285000","285500","286000","286500","287000","282000","281500","281000","280500","280000","279000","278500","277500","277000","276500","53","158","250","147","73","43","69","222","188","266","607","23","16","30","163","10","1","1","8","1","1469","860","0","0","0","0","0","-278500","5","-100.00","1571","73","0","0","0","","0","0","0","","",""
"080131","0000","0","282500","283000","283500","284000","284500","285000","285500","286000","286500","287000","282000","281500","281000","280500","280000","279000","278500","277500","277000","276500","59","158","250","147","73","43","69","222","188","266","607","23","16","30","163","10","1","1","8","1","1475","860","0","0","0","0","0","-278500","5","-100.00","1571","6","0","0","0","","0","0","0","","",""
"080131","0001","0","282500","283000","283500","284000","284500","285000","285500","286000","286500","287000","282000","281500","281000","280500","280000","279000","278500","277500","277000","276500","60","158","250","147","73","43","69","222","188","266","607","23","16","30","163","10","1","1","8","1","1476","860","0","0","0","0","0","-278500","5","-100.00","1571","1","0","0","0","","0","0","0","","",""
"080132","0000","0","282500","283000","283500","284000","284500","285000","285500","286000","286500","287000","282000","281500","281000","280500","280000","279000","278500","277500","277000","276500","59","158","250","147","73","43","69","222","188","266","607","23","16","30","151","10","1","1","8","1","1475","848","0","0","0","0","0","-278500","5","-100.00","1572","-1","-12","0","0","","0","0","0","","",""
"080132","0001","0","282500","283000","283500","284000","284500","285000","285500","286000","286500","287000","282000","281500","281000","280500","280000","279000","278500","277500","277000","276500","61","158","250","147","73","43","69","222","188","266","607","23","16","30","151","10","1","1","8","1","1477","848","0","0","0","0","0","-278500","5","-100.00","1572","2","0","0","0","","0","0","0","","",""
"080133","0000","0","282500","283000","283500","284000","284500","285000","285500","286000","286500","287000","282000","281500","281000","280500","280000","279000","278500","277500","277000","276500","65","154","250","147","73","43","69","222","188","266","607","23","16","30","151","10","1","1","8","1","1477","848","0","0","0","0","0","-278500","5","-100.00","1572","0","0","0","0","","0","0","0","","",""
"080133","0001","0","282500","283000","283500","284000","284500","285000","285500","286000","286500","287000","282000","281500","281000","280500","280000","279000","278500","277500","277000","276500","66","154","250","147","73","43","69","222","188","266","607","23","16","30","151","10","1","1","8","1","1478","848","0","0","0","0","0","-278500","5","-100.00","1572","1","0","0","0","","0","0","0","","",""
"080133","0002","0","282500","283000","283500","284000","284500","285000","285500","286000","286500","287000","282000","281500","281000","280500","280000","279000","278500","277500","277000","276500","66","154","250","147","73","203","69","222","188","266","607","23","16","30","151","10","1","1","8","1","1638","848","0","0","0","0","0","-278500","5","-100.00","1572","160","0","0","0","","0","0","0","","",""
"080134","0000","0","282500","283000","283500","284000","284500","285000","285500","286000","286500","287000","282000","281500","281000","280500","280000","279000","278500","277500","277000","276500","65","154","250","147","73","203","69","222","188","266","607","23","16","30","151","10","1","1","8","1","1637","848","0","0","0","0","0","-278500","5","-100.00","1573","-1","0","0","0","","0","0","0","","",""
"080135","0000","0","282500","283000","283500","284000","284500","285000","285500","286000","286500","287000","282000","281500","281000","280500","280000","279000","278500","277500","277000","276500","65","154","250","147","73","203","69","222","188","266","607","23","17","30","151","10","1","1","8","1","1637","849","0","0","0","0","0","-278500","5","-100.00","1573","0","1","0","0","","0","0","0","","",""
