"time","millisec","HOUR_CLS_CODE","ASKP1","ASKP2","ASKP3","ASKP4","ASKP5","ASKP6","ASKP7","ASKP8","ASKP9","ASKP10","BIDP1","BIDP2","BIDP3","BIDP4","BIDP5","BIDP6","BIDP7","BIDP8","BIDP9","BIDP10","ASKP_RSQN1","ASKP_RSQN2","ASKP_RSQN3","ASKP_RSQN4","ASKP_RSQN5","ASKP_RSQN6","ASKP_RSQN7","ASKP_RSQN8","ASKP_RSQN9","ASKP_RSQN10","BIDP_RSQN1","BIDP_RSQN2","BIDP_RSQN3","BIDP_RSQN4","BIDP_RSQN5","BIDP_RSQN6","BIDP_RSQN7","BIDP_RSQN8","BIDP_RSQN9","BIDP_RSQN10","TOTAL_ASKP_RSQN","TOTAL_BIDP_RSQN","OVTM_TOTAL_ASKP_RSQN","OVTM_TOTAL_BIDP_RSQN","ANTC_CNPR","ANTC_CNQN","ANTC_VOL","ANTC_CNTG_VRSS","ANTC_CNTG_VRSS_SIGN","ANTC_CNTG_PRDY_CTRT","ACML_VOL","TOTAL_ASKP_RSQN_ICDC","TOTAL_BIDP_RSQN_ICDC","OVTM_TOTAL_ASKP_ICDC","OVTM_TOTAL_BIDP_ICDC","STCK_DEAL_CLS_CODE","KMID_PRC","KMID_TOTAL_RSQN","KMID_CLS_CODE","NMID_PRC","NMID_TOTAL_RSQN","NMID_CLS_CODE"
"080000","0000","0","158800","160900","0","0","0","0","0","0","0","0","156500","0","0","0","0","0","0","0","0","0","2","60","0","0","0","0","0","0","0","0","3","0","0","0","0","0","0","0","0","0","62","3","0","0","0","0","0","-157400","5","-100.00","0","0","0","0","0","","0","0","0","","",""
"080000","0001","0","158400","158800","158900","159800","160800","160900","161900","164900","184800","194800","157400","156500","156300","155600","152300","110600","0","0","0","0","10","2","62","25","600","60","60","10","1","3","27","8","10","100","100","1","0","0","0","0","833","246","0","0","0","0","0","-157400","5","-100.00","0","771","243","0","0","","0","0","0","","",""
"080001","0000","0","158400","158700","158800","158900","159400","159600","159800","160800","160900","161000","157400","156500","156300","155600","155500","152300","140000","110600","0","0","10","15","2","62","30","2","25","600","60","1","28","8","10","100","56","100","100","1","0","0","807","403","0","0","0","0","0","-157400","5","-100.00","0","-26","157","0","0","","0","0","0","","",""
"080002","0000","0","158400","158700","158800","158900","159300","159400","159600","159800","160800","160900","157400","156500","156300","156200","155600","155500","152300","149700","143500","140000","10","15","2","62","225","30","2","25","600","60","28","8","10","7","100","56","100","1","10","100","1031","420","0","0","0","0","0","-157400","5","-100.00","0","224","17","0","0","","0","0","0","","",""
"080002","0001","0","158400","158700","158800","158900","159300","159400","159500","159600","159800","160800","157400","156500","156300","156200","155600","155500","154400","152400","152300","149700","10","15","12","62","225","80","6","2","25","600","28","8","10","7","104","56","50","2000","100","1","1037","2364","0","0","0","0","0","-157400","5","-100.00","0","6","1944","0","0","","0","0","0","","",""
"080003","0000","0","158400","158700","158800","158900","159300","159400","159500","159600","159800","160800","157400","156500","156300","156200","155600","155500","154400","152400","152300","149700","10","15","12","62","225","80","206","2","25","600","28","8","10","7","104","56","50","2000","100","1","1237","2364","0","0","0","0","0","-157400","5","-100.00","0","200","0","0","0","","0","0","0","","",""
"080004","0000","0","157400","158400","158700","158800","158900","159300","159400","159500","159600","159800","156500","156300","156200","155600","155500","154400","152400","152300","149700","143500","117","10","15","12","62","225","80","206","2","25","8","10","7","104","56","50","2000","100","1","10","754","2346","0","0","0","0","0","-157400","5","-100.00","29","-483","-18","0","0","","0","0","0","","",""
"080004","0001","0","157400","158400","158700","158800","158900","159300","159400","159500","159600","159800","156500","156300","156200","155600","155500","154500","154400","152400","152300","149700","117","10","15","12","62","225","80","206","2","25","8","10","7","104","56","5","50","2000","100","1","754","2341","0","0","0","0","0","-157400","5","-100.00","29","0","-5","0","0","","0","0","0","","",""
"080005","0000","0","157400","158400","158700","158800","158900","159300","159400","159500","159600","159800","157000","156500","156300","156200","155600","155500","154500","154400","152400","152300","117","10","15","12","62","225","80","206","2","25","300","8","10","7","104","56","5","50","2000","100","754","2640","0","0","0","0","0","-157400","5","-100.00","29","0","299","0","0","","0","0","0","","",""
"080006","0000","0","157400","158400","158700","158800","158900","159300","159400","159500","159600","159800","157000","156500","156300","156200","155600","155500","154500","154400","152400","152300","117","10","15","12","62","225","80","206","2","25","311","8","10","7","104","56","5","50","2000","100","754","2651","0","0","0","0","0","-157400","5","-100.00","29","0","11","0","0","","0","0","0","","",""
"080006","0001","0","157400","158400","158700","158800","158900","159300","159400","159500","159600","159800","157000","156500","156300","156200","156000","155600","155500","154500","154400","152400","79","10","15","12","62","225","80","206","2","25","311","8","10","7","11","104","56","5","50","2000","716","2562","0","0","0","0","0","-157400","5","-100.00","67","-38","-89","0","0","","0","0","0","","",""
"080007","0000","0","157400","158400","158500","158700","158800","158900","159300","159400","159500","159600","157000","156500","156300","156200","156000","155600","155500","154500","154400","152400","79","10","10","15","12","62","225","80","294","2","311","8","10","7","11","104","56","5","50","2000","789","2562","0","0","0","0","0","-157400","5","-100.00","67","73","0","0","0","","0","0","0","","",""
"080008","0000","0","157400","158400","158500","158700","158800","158900","159300","159400","159500","159600","157000","156500","156300","156200","156000","155600","155500","154500","154400","153100","79","10","10","15","12","62","225","80","294","2","311","8","10","7","11","104","56","5","50","1","789","563","0","0","0","0","0","-157400","5","-100.00","67","0","-1999","0","0","","0","0","0","","",""
"080008","0001","0","157400","158400","158500","158700","158800","158900","159300","159400","159500","159600","157000","156500","156300","156200","156000","155600","155500","154500","154400","153100","79","10","10","15","12","62","225","80","294","2","311","10","10","7","11","104","56","5","50","1","789","565","0","0","0","0","0","-157400","5","-100.00","67","0","2","0","0","","0","0","0","","",""
"080008","0002","0","157400","158400","158500","158700","158800","158900","159300","159400","159500","159600","157000","156500","156300","156200","156000","155600","155500","154500","154400","153100","79","10","10","15","12","62","225","80","294","2","316","10","10","7","11","104","56","5","50","1","789","570","0","0","0","0","0","-157400","5","-100.00","67","0","5","0","0","","0","0","0","","",""
"080010","0000","0","158400","158500","158700","158800","158900","159300","159400","159500","159600","159800","157400","157000","156500","156300","156200","156000","155600","155500","154500","154400","10","10","15","12","62","225","80","294","2","25","10","316","10","10","7","11","104","56","5","50","735","579","0","0","0","0","0","-157400","5","-100.00","146","-54","9","0","0","","0","0","0","","",""
"080011","0000","0","158400","158500","158700","158800","158900","159300","159400","159500","159600","159800","157400","157000","156500","156300","156200","156000","155600","155500","154500","154400","10","10","15","12","62","225","80","294","2","25","60","316","10","10","7","11","104","56","5","50","735","629","0","0","0","0","0","-157400","5","-100.00","146","0","50","0","0","","0","0","0","","",""
"080011","0001","0","158400","158500","158600","158700","158800","158900","159300","159400","159500","159600","157400","157000","156500","156300","156200","156000","155600","155500","154500","154400","10","10","5","15","12","62","225","80","294","2","61","316","10","10","7","11","104","56","5","50","715","630","0","0","0","0","0","-157400","5","-100.00","146","-20","1","0","0","","0","0","0","","",""
"080011","0002","0","158400","158500","158600","158700","158800","158900","159300","159400","159500","159600","157400","157000","156500","156300","156200","156000","155600","155500","154500","154400","210","10","5","15","12","62","225","80","294","2","61","316","10","10","7","111","104","56","5","50","915","730","0","0","0","0","0","-157400","5","-100.00","146","200","100","0","0","","0","0","0","","",""
"080012","0000","0","158400","158500","158600","158700","158800","158900","159300","159400","159500","159600","157400","157000","156500","156300","156200","156000","155600","155500","154500","154400","210","10","5","15","12","62","225","80","294","2","66","316","10","10","7","111","104","56","5","50","915","735","0","0","0","0","0","-157400","5","-100.00","146","0","5","0","0","","0","0","0","","",""
"080012","0001","0","158400","158500","158600","158700","158800","158900","159300","159400","159500","159600","157400","157000","156500","156300","156200","156100","156000","155600","155500","155100","210","10","5","15","12","62","225","80","294","2","66","316","10","10","7","10","111","104","56","10","915","700","0","0","0","0","0","-157400","5","-100.00","146","0","-35","0","0","","0","0","0","","",""
"080013","0000","0","158400","158500","158600","158700","158800","158900","159300","159400","159500","159600","157400","157000","156500","156300","156200","156100","156000","155600","155500","155100","210","10","5","15","12","62","225","80","294","2","66","316","10","10","7","10","111","124","56","10","915","720","0","0","0","0","0","-157400","5","-100.00","146","0","20","0","0","","0","0","0","","",""
"080013","0001","0","158400","158500","158600","158700","158800","158900","159300","159400","159500","159600","157400","157000","156500","156300","156200","156100","156000","155600","155500","155100","210","10","5","15","13","62","225","80","294","2","66","316","10","10","7","10","111","124","56","10","916","720","0","0","0","0","0","-157400","5","-100.00","146","1","0","0","0","","0","0","0","","",""
"080015","0000","0","158400","158500","158600","158700","158800","158900","159300","159400","159500","159600","157400","157000","156500","156300","156200","156100","156000","155600","155500","155100","210","10","5","15","13","62","225","80","294","2","66","311","10","10","7","10","111","124","56","10","916","715","0","0","0","0","0","-157400","5","-100.00","146","0","-5","0","0","","0","0","0","","",""
"080015","0001","0","158400","158500","158600","158700","158800","158900","159300","159400","159500","159600","157800","157400","157000","156800","156500","156300","156200","156100","156000","155600","210","10","5","15","13","62","225","80","294","2","1","66","311","1","10","10","7","10","111","124","916","651","0","0","0","0","0","-157400","5","-100.00","146","0","-64","0","0","","0","0","0","","",""
"080016","0000","0","158400","158500","158600","158700","158800","158900","159300","159400","159500","159600","157800","157400","157000","156800","156500","156300","156200","156100","156000","155600","210","10","5","27","13","62","225","80","294","2","1","66","311","1","10","10","7","10","111","124","928","651","0","0","0","0","0","-157400","5","-100.00","146","12","0","0","0","","0","0","0","","",""
"080017","0000","0","158400","158500","158600","158700","158800","158900","159300","159400","159500","159600","157800","157400","157000","156800","156500","156300","156200","156100","156000","155600","190","10","5","27","13","62","225","80","294","2","1","66","311","1","10","10","7","10","111","124","908","651","0","0","0","0","0","-157400","5","-100.00","166","-20","0","0","0","","0","0","0","","",""
"080017","0001","0","158400","158500","158600","158700","158800","158900","159300","159400","159500","159600","157800","157400","157000","156800","156500","156300","156200","156100","156000","155600","191","10","5","27","13","92","225","80","294","2","1","66","311","1","10","10","7","10","111","124","939","651","0","0","0","0","0","-157400","5","-100.00","166","31","0","0","0","","0","0","0","","",""
"080017","0002","0","158400","158500","158600","158700","158800","158900","159300","159400","159500","159600","157800","157400","157000","156800","156500","156300","156200","156100","156000","155600","191","10","5","27","13","92","225","80","294","2","6","61","311","1","10","10","7","10","111","124","939","651","0","0","0","0","0","-157400","5","-100.00","166","0","0","0","0","","0","0","0","","",""
"080018","0000","0","158400","158500","158600","158700","158800","158900","159300","159400","159500","159600","157800","157400","157300","157000","156800","156500","156300","156200","156100","156000","191","10","5","27","13","92","225","80","294","2","6","61","3","311","1","10","10","7","10","111","939","530","0","0","0","0","0","-157400","5","-100.00","166","0","-121","0","0","","0","0","0","","",""
"080019","0000","0","158400","158500","158600","158700","158800","158900","159300","159400","159500","159600","157800","157400","157300","157000","156800","156500","156300","156200","156100","156000","191","10","5","27","13","92","225","80","294","2","6","62","3","311","1","10","10","7","10","111","939","531","0","0","0","0","0","-157400","5","-100.00","166","0","1","0","0","","0","0","0","","",""
"080020","0000","0","158400","158500","158600","158700","158800","158900","159200","159300","159400","159500","157800","157400","157300","157000","156800","156500","156300","156200","156100","156000","191","10","5","27","13","92","50","225","80","294","6","62","3","311","1","10","10","7","10","111","987","531","0","0","0","0","0","-157400","5","-100.00","166","48","0","0","0","","0","0","0","","",""
"080020","0001","0","158400","158500","158600","158700","158800","158900","159200","159300","159400","159500","157800","157400","157300","157000","156800","156500","156300","156200","156100","156000","191","10","5","27","13","92","50","225","80","294","6","62","3","311","1","10","10","7","110","111","987","631","0","0","0","0","0","-157400","5","-100.00","166","0","100","0","0","","0","0","0","","",""
"080020","0002","0","158400","158500","158600","158700","158800","158900","159200","159300","159400","159500","157800","157400","157300","157000","156800","156500","156300","156200","156100","156000","191","10","5","27","18","92","50","225","80","294","6","62","3","311","1","10","10","7","110","111","992","631","0","0","0","0","0","-157400","5","-100.00","166","5","0","0","0","","0","0","0","","",""
"080023","0000","0","158400","158500","158600","158700","158800","158900","159200","159300","159400","159500","157800","157400","157300","157000","156800","156500","156300","156200","156100","156000","191","10","5","27","21","92","50","225","80","294","6","62","3","311","1","10","10","7","110","111","995","631","0","0","0","0","0","-157400","5","-100.00","166","3","0","0","0","","0","0","0","","",""
"080024","0000","0","158400","158500","158600","158700","158800","158900","159200","159300","159400","159500","157800","157400","157300","157000","156800","156500","156300","156200","156100","156000","191","10","5","27","21","92","50","225","80","294","6","62","3","311","1","10","10","7","110","111","995","631","0","0","0","0","0","-157400","5","-100.00","166","0","0","0","0","","0","0","0","","",""
"080025","0000","0","158400","158500","158600","158700","158800","158900","159100","159200","159300","159400","157800","157400","157300","157000","156800","156500","156300","156200","156100","156000","191","10","5","27","21","100","15","50","225","80","6","62","3","311","1","10","10","7","110","111","724","631","0","0","0","0","0","-157400","5","-100.00","166","-271","0","0","0","","0","0","0","","",""
"080025","0001","0","158400","158500","158600","158700","158800","158900","159000","159100","159200","159300","157800","157400","157300","157000","156800","156500","156300","156200","156100","156000","191","10","5","27","21","100","1","15","50","225","6","62","3","311","1","10","10","7","110","111","645","631","0","0","0","0","0","-157400","5","-100.00","166","-79","0","0","0","","0","0","0","","",""
"080026","0000","0","158400","158500","158600","158700","158800","158900","159000","159100","159200","159300","157800","157400","157300","157000","156800","156500","156300","156200","156100","156000","191","10","5","27","21","100","1","15","50","225","6","63","3","311","1","10","10","7","130","111","645","652","0","0","0","0","0","-157400","5","-100.00","166","0","21","0","0","","0","0","0","","",""
"080026","0001","0","158400","158500","158600","158700","158800","158900","159000","159100","159200","159300","157800","157400","157300","157000","156800","156500","156300","156200","156100","156000","191","10","5","27","21","100","1","15","50","235","6","63","3","311","1","10","10","7","130","111","655","652","0","0","0","0","0","-157400","5","-100.00","166","10","0","0","0","","0","0","0","","",""
"080026","0002","0","158400","158500","158600","158700","158800","158900","159000","159100","159200","159300","157800","157500","157400","157300","157000","156800","156500","156300","156200","156100","191","10","5","27","21","100","1","15","50","235","6","5","63","3","311","1","10","10","7","130","655","546","0","0","0","0","0","-157400","5","-100.00","166","0","-106","0","0","","0","0","0","","",""
"080027","0000","0","158400","158500","158600","158700","158800","158900","159000","159100","159200","159300","157800","157500","157400","157300","157000","156800","156500","156300","156200","156100","192","10","5","27","21","100","1","15","50","235","6","5","63","3","311","1","10","10","7","130","656","546","0","0","0","0","0","-157400","5","-100.00","166","1","0","0","0","","0","0","0","","",""
"080027","0001","0","158400","158500","158600","158700","158800","158900","159000","159100","159200","159300","157800","157500","157400","157300","157000","156800","156500","156300","156200","156100","192","10","5","27","21","100","1","15","50","235","6","5","64","3","311","1","10","10","7","130","656","547","0","0","0","0","0","-157400","5","-100.00","166","0","1","0","0","","0","0","0","","",""
"080028","0000","0","158400","158500","158600","158700","158800","158900","159000","159100","159200","159300","157800","157500","157400","157300","157000","156800","156500","156300","156200","156100","204","10","5","27","21","100","1","15","50","235","6","9","64","3","311","1","10","10","7","130","668","551","0","0","0","0","0","-157400","5","-100.00","166","12","4","0","0","","0","0","0","","",""
"080028","0001","0","158400","158500","158600","158700","158800","158900","159000","159100","159200","159300","157800","157500","157400","157300","157000","156800","156500","156300","156200","156100","204","10","5","27","31","100","1","15","50","235","6","9","64","3","311","1","10","10","7","130","678","551","0","0","0","0","0","-157400","5","-100.00","166","10","0","0","0","","0","0","0","","",""
"080029","0000","0","158400","158500","158600","158700","158800","158900","159000","159100","159200","159300","157800","157500","157400","157300","157000","156800","156500","156300","156200","156100","214","10","5","27","31","100","1","15","50","235","6","9","64","3","311","1","10","10","7","130","688","551","0","0","0","0","0","-157400","5","-100.00","166","10","0","0","0","","0","0","0","","",""
"080029","0001","0","157800","158400","158500","158600","158700","158800","158900","159000","159100","159200","157500","157400","157300","157000","156800","156500","156300","156200","156100","156000","6","202","10","5","27","31","100","8","15","50","9","59","3","311","1","10","10","7","130","111","454","651","0","0","0","0","0","-157400","5","-100.00","172","-234","100","0","0","","0","0","0","","",""
"080030","0000","0","157800","158400","158500","158600","158700","158800","158900","159000","159100","159200","157500","157400","157300","157000","156800","156500","156300","156200","156100","156000","6","202","182","5","27","31","100","8","15","50","9","59","3","311","1","10","10","7","130","111","626","651","0","0","0","0","0","-157400","5","-100.00","172","172","0","0","0","","0","0","0","","",""
"080031","0000","0","158400","158500","158600","158700","158800","158900","159000","159100","159200","159300","157500","157400","157300","157000","156800","156500","156300","156200","156100","156000","202","182","5","27","31","100","8","15","50","235","3","59","3","311","1","10","10","7","130","111","855","645","0","0","0","0","0","-157400","5","-100.00","178","229","-6","0","0","","0","0","0","","",""
"080032","0000","0","158400","158500","158600","158700","158800","158900","159000","159100","159200","159300","157500","157400","157300","157100","157000","156800","156500","156300","156200","156100","212","182","5","27","31","100","8","15","50","235","3","59","3","1","311","1","10","10","7","130","865","535","0","0","0","0","0","-157400","5","-100.00","178","10","-110","0","0","","0","0","0","","",""
"080033","0000","0","158400","158500","158600","158700","158800","158900","159000","159100","159200","159300","157500","157400","157300","157100","157000","156800","156500","156300","156200","156100","212","182","5","28","31","100","8","15","50","235","3","59","3","1","311","1","10","10","7","130","866","535","0","0","0","0","0","-157400","5","-100.00","178","1","0","0","0","","0","0","0","","",""
"080033","0001","0","158200","158400","158500","158600","158700","158800","158900","159000","159100","159200","157500","157400","157300","157100","157000","156800","156500","156300","156200","156100","7","212","182","5","28","31","100","8","15","50","3","59","3","1","311","1","10","10","7","130","638","535","0","0","0","0","0","-157400","5","-100.00","178","-228","0","0","0","","0","0","0","","",""
"080033","0002","0","158200","158400","158500","158600","158700","158800","158900","159000","159100","159200","157500","157400","157300","157100","157000","156800","156500","156300","156200","156100","7","212","182","5","28","31","100","8","115","50","3","59","3","1","311","1","10","10","7","130","738","535","0","0","0","0","0","-157400","5","-100.00","178","100","0","0","0","","0","0","0","","",""
"080034","0000","0","158200","158400","158500","158600","158700","158800","158900","159000","159100","159200","157600","157400","157300","157100","157000","156800","156500","156300","156200","156100","7","212","182","5","28","31","100","8","120","50","1","54","3","1","311","1","10","10","7","130","743","528","0","0","0","0","0","-157400","5","-100.00","192","5","-7","0","0","","0","0","0","","",""
"080036","0000","0","158200","158400","158500","158600","158700","158800","158900","159000","159100","159200","157600","157400","157300","157100","157000","156800","156500","156300","156200","156100","7","212","182","5","28","31","100","8","120","50","1","64","3","1","311","1","10","10","7","130","743","538","0","0","0","0","0","-157400","5","-100.00","192","0","10","0","0","","0","0","0","","",""
"080036","0001","0","158400","158500","158600","158700","158800","158900","159000","159100","159200","159300","157600","157400","157300","157100","157000","156800","156500","156300","156200","156100","209","182","5","28","31","100","8","120","50","235","1","64","3","1","311","1","10","10","7","130","968","538","0","0","0","0","0","-157400","5","-100.00","202","225","0","0","0","","0","0","0","","",""
"080038","0000","0","158400","158500","158600","158700","158800","158900","159000","159100","159200","159300","157600","157400","157300","157100","157000","156800","156500","156300","156200","156100","209","182","5","28","32","100","8","120","50","235","1","64","3","1","311","1","10","10","7","130","969","538","0","0","0","0","0","-157400","5","-100.00","202","1","0","0","0","","0","0","0","","",""
"080038","0001","0","158400","158500","158600","158700","158800","158900","159000","159100","159200","159300","157600","157400","157300","157100","157000","156800","156500","156300","156200","156100","209","182","5","28","32","100","8","120","50","235","1","64","3","1","311","1","10","17","7","130","969","545","0","0","0","0","0","-157400","5","-100.00","202","0","7","0","0","","0","0","0","","",""
"080038","0002","0","158400","158500","158600","158700","158800","158900","159000","159100","159200","159300","157600","157400","157300","157100","157000","156800","156500","156300","156200","156100","209","182","5","28","32","100","8","120","50","235","1","64","3","1","311","1","10","17","7","130","969","545","0","0","0","0","0","-157400","5","-100.00","203","0","0","0","0","","0","0","0","","",""
"080039","0000","0","158400","158500","158600","158700","158800","158900","159000","159100","159200","159300","157600","157400","157300","157100","157000","156800","156500","156300","156200","156100","215","182","5","28","32","100","8","120","50","235","1","64","3","1","311","1","10","17","7","130","975","545","0","0","0","0","0","-157400","5","-100.00","203","6","0","0","0","","0","0","0","","",""
"080039","0001","0","158100","158400","158500","158600","158700","158800","158900","159000","159100","159200","157600","157400","157300","157100","157000","156800","156500","156300","156200","156100","13","255","182","5","28","32","100","8","120","50","1","64","3","1","311","1","10","17","7","130","793","545","0","0","0","0","0","-157400","5","-100.00","203","-182","0","0","0","","0","0","0","","",""
"080040","0000","0","158100","158400","158500","158600","158700","158800","158900","159000","159100","159200","157400","157300","157100","157000","156800","156500","156300","156200","156100","156000","13","255","182","5","28","32","100","8","120","50","64","3","1","311","1","10","17","7","130","111","793","655","0","0","0","0","0","-157400","5","-100.00","204","0","110","0","0","","0","0","0","","",""
"080040","0001","0","158100","158400","158500","158600","158700","158800","158900","159000","159100","159200","157500","157400","157300","157100","157000","156800","156500","156300","156200","156100","13","255","182","5","28","32","100","8","120","50","8","64","3","1","311","1","10","17","7","130","793","552","0","0","0","0","0","-157400","5","-100.00","204","0","-103","0","0","","0","0","0","","",""
"080040","0002","0","158100","158300","158400","158500","158600","158700","158800","158900","159000","159100","157500","157400","157300","157100","157000","156800","156500","156300","156200","156100","13","27","260","182","5","28","32","100","8","120","19","64","3","1","311","1","10","17","7","130","775","563","0","0","0","0","0","-157400","5","-100.00","204","-18","11","0","0","","0","0","0","","",""
"080040","0003","0","158100","158300","158400","158500","158600","158700","158800","158900","159000","159100","157500","157400","157300","157100","157000","156800","156500","156300","156200","156100","13","27","260","182","5","28","32","100","38","120","19","64","3","1","311","1","10","17","7","130","805","563","0","0","0","0","0","-157400","5","-100.00","204","30","0","0","0","","0","0","0","","",""
"080041","0000","0","158100","158300","158400","158500","158600","158700","158800","158900","159000","159100","157500","157400","157300","157100","157000","156800","156500","156300","156200","156100","13","27","260","182","5","28","32","100","38","120","19","64","3","1","311","1","110","17","7","130","805","663","0","0","0","0","0","-157400","5","-100.00","204","0","100","0","0","","0","0","0","","",""
"080041","0001","0","158100","158300","158400","158500","158600","158700","158800","158900","159000","159100","157500","157400","157300","157100","157000","156800","156500","156300","156200","156100","13","27","260","182","5","28","32","114","38","120","19","64","3","1","311","1","110","17","7","130","819","663","0","0","0","0","0","-157400","5","-100.00","204","14","0","0","0","","0","0","0","","",""
"080042","0000","0","158100","158300","158400","158500","158600","158700","158800","158900","159000","159100","157500","157400","157300","157100","157000","156800","156500","156300","156200","156100","13","27","260","182","5","28","32","114","38","120","19","64","3","201","311","1","110","17","7","130","819","863","0","0","0","0","0","-157400","5","-100.00","204","0","200","0","0","","0","0","0","","",""
"080043","0000","0","157600","158100","158300","158400","158500","158600","158700","158800","158900","159000","157500","157400","157300","157100","157000","156800","156500","156300","156200","156100","10","13","27","280","182","5","28","32","114","38","21","64","3","201","311","1","110","17","7","130","729","865","0","0","0","0","0","-157400","5","-100.00","204","-90","2","0","0","","0","0","0","","",""
"080044","0000","0","157600","158100","158300","158400","158500","158600","158700","158800","158900","159000","157500","157400","157300","157100","157000","156800","156500","156300","156200","156100","10","13","27","280","182","5","28","32","114","38","27","64","3","201","311","1","110","17","7","130","729","871","0","0","0","0","0","-157400","5","-100.00","204","0","6","0","0","","0","0","0","","",""
"080044","0001","0","157500","157600","158100","158300","158400","158500","158600","158700","158800","158900","157400","157300","157100","157000","156800","156500","156300","156200","156100","156000","3","10","13","27","280","182","5","28","32","114","64","3","201","311","1","110","17","7","130","111","694","955","0","0","0","0","0","-157400","5","-100.00","231","-35","84","0","0","","0","0","0","","",""
"080045","0000","0","157500","157600","158100","158300","158400","158500","158600","158700","158800","158900","157400","157300","157100","157000","156800","156500","156300","156200","156100","156000","3","10","13","27","280","182","5","28","62","114","64","3","275","311","1","110","17","7","130","111","724","1029","0","0","0","0","0","-157400","5","-100.00","231","30","74","0","0","","0","0","0","","",""
"080046","0000","0","157500","157600","158100","158300","158400","158500","158600","158700","158800","158900","157400","157300","157100","157000","156800","156500","156300","156200","156100","156000","3","10","13","27","280","182","5","28","62","114","84","3","275","311","1","110","17","7","130","111","724","1049","0","0","0","0","0","-157400","5","-100.00","231","0","20","0","0","","0","0","0","","",""
"080046","0001","0","157600","158100","158300","158400","158500","158600","158700","158800","158900","159000","157400","157300","157100","157000","156800","156500","156300","156200","156100","156000","12","13","27","280","182","5","28","62","114","38","84","3","275","311","1","110","17","7","130","111","761","1049","0","0","0","0","0","-157400","5","-100.00","234","37","0","0","0","","0","0","0","","",""
"080046","0002","0","158100","158300","158400","158500","158600","158700","158800","158900","159000","159100","157800","157600","157400","157300","157100","157000","156800","156500","156300","156200","13","27","280","182","5","28","62","114","38","120","38","5","34","3","275","311","1","110","17","7","869","801","0","0","0","0","0","-157400","5","-100.00","246","108","-248","0","0","","0","0","0","","",""
"080047","0000","0","158100","158300","158400","158500","158600","158700","158800","158900","159000","159100","157800","157600","157500","157400","157300","157100","157000","156800","156500","156300","13","27","280","182","5","28","62","114","38","120","38","5","2","34","3","275","312","1","110","17","869","797","0","0","0","0","0","-157400","5","-100.00","246","0","-4","0","0","","0","0","0","","",""
"080047","0001","0","158100","158300","158400","158500","158600","158700","158800","158900","159000","159100","157800","157600","157500","157400","157300","157100","157000","156800","156500","156300","13","67","240","182","5","28","62","114","38","120","38","5","2","34","3","275","312","1","110","17","869","797","0","0","0","0","0","-157400","5","-100.00","246","0","0","0","0","","0","0","0","","",""
"080048","0000","0","158100","158300","158400","158500","158600","158700","158800","158900","159000","159100","157800","157600","157500","157400","157300","157100","157000","156800","156500","156300","13","77","240","182","5","28","62","114","38","120","38","5","5","34","3","275","312","1","110","17","879","800","0","0","0","0","0","-157400","5","-100.00","246","10","3","0","0","","0","0","0","","",""
"080048","0001","0","158100","158300","158400","158500","158600","158700","158800","158900","159000","159100","157800","157600","157500","157400","157300","157100","157000","156800","156500","156300","13","77","240","182","5","28","62","114","38","120","21","5","10","34","3","275","312","1","110","17","879","788","0","0","0","0","0","-157400","5","-100.00","263","0","-12","0","0","","0","0","0","","",""
"080049","0000","0","158100","158300","158400","158500","158600","158700","158800","158900","159000","159100","157800","157600","157500","157400","157300","157100","157000","156800","156500","156300","13","77","240","182","5","28","62","114","38","120","21","15","10","34","3","275","312","1","110","17","879","798","0","0","0","0","0","-157400","5","-100.00","263","0","10","0","0","","0","0","0","","",""
"080050","0000","0","158100","158300","158400","158500","158600","158700","158800","158900","159000","159100","157800","157600","157500","157400","157300","157100","157000","156800","156500","156300","13","77","240","182","5","28","62","114","38","120","21","343","10","34","3","275","312","1","110","17","879","1126","0","0","0","0","0","-157400","5","-100.00","263","0","328","0","0","","0","0","0","","",""
"080050","0001","0","158100","158300","158400","158500","158600","158700","158800","158900","159000","159100","157800","157600","157500","157400","157300","157100","157000","156800","156500","156300","13","77","240","182","5","28","62","114","38","120","21","343","11","34","3","275","312","1","110","17","879","1127","0","0","0","0","0","-157400","5","-100.00","263","0","1","0","0","","0","0","0","","",""
"080051","0000","0","158100","158300","158400","158500","158600","158700","158800","158900","159000","159100","157800","157600","157500","157400","157300","157100","157000","156800","156500","156300","13","77","240","182","5","28","62","114","38","120","21","343","11","37","3","275","312","1","110","17","879","1130","0","0","0","0","0","-157400","5","-100.00","263","0","3","0","0","","0","0","0","","",""
"080052","0000","0","158100","158300","158400","158500","158600","158700","158800","158900","159000","159100","157800","157600","157500","157400","157300","157100","157000","156800","156500","156300","13","77","240","182","5","28","62","114","38","120","21","343","12","37","3","275","312","1","110","17","879","1131","0","0","0","0","0","-157400","5","-100.00","263","0","1","0","0","","0","0","0","","",""
"080053","0000","0","158100","158300","158400","158500","158600","158700","158800","158900","159000","159100","157800","157600","157500","157400","157300","157100","157000","156800","156500","156300","13","77","240","182","5","28","62","114","53","120","21","343","12","37","3","275","312","1","110","17","894","1131","0","0","0","0","0","-157400","5","-100.00","263","15","0","0","0","","0","0","0","","",""
"080053","0001","0","158100","158300","158400","158500","158600","158700","158800","158900","159000","159100","157800","157700","157600","157500","157400","157300","157100","157000","156800","156500","13","77","240","182","5","28","62","114","53","120","21","4","343","12","37","3","275","312","1","110","894","1118","0","0","0","0","0","-157400","5","-100.00","263","0","-13","0","0","","0","0","0","","",""
"080054","0000","0","158100","158300","158400","158500","158600","158700","158800","158900","159000","159100","157800","157700","157600","157500","157400","157300","157100","157000","156800","156500","13","77","240","182","5","28","62","114","53","120","26","4","343","12","37","3","275","312","1","110","894","1123","0","0","0","0","0","-157400","5","-100.00","263","0","5","0","0","","0","0","0","","",""
"080055","0000","0","158100","158300","158400","158500","158600","158700","158800","158900","159000","159100","157800","157700","157600","157500","157400","157300","157100","157000","156800","156500","13","77","240","182","5","28","62","114","53","120","26","4","15","12","37","3","275","312","1","110","894","795","0","0","0","0","0","-157400","5","-100.00","263","0","-328","0","0","","0","0","0","","",""
"080055","0001","0","158100","158300","158400","158500","158600","158700","158800","158900","159000","159100","157800","157700","157600","157500","157400","157300","157100","157000","156800","156500","13","77","240","182","5","28","62","114","53","120","71","4","15","12","37","3","275","312","1","110","894","840","0","0","0","0","0","-157400","5","-100.00","263","0","45","0","0","","0","0","0","","",""
"080056","0000","0","158100","158300","158400","158500","158600","158700","158800","158900","159000","159100","157800","157700","157600","157500","157400","157300","157100","157000","156800","156500","13","77","240","182","5","28","62","114","53","120","171","4","15","12","37","3","275","312","1","110","894","940","0","0","0","0","0","-157400","5","-100.00","263","0","100","0","0","","0","0","0","","",""
"080056","0001","0","158100","158200","158300","158400","158500","158600","158700","158800","158900","159000","157800","157700","157600","157500","157400","157300","157100","157000","156800","156500","13","35","77","260","182","5","28","62","114","53","171","4","15","12","37","3","275","312","1","110","829","940","0","0","0","0","0","-157400","5","-100.00","263","-65","0","0","0","","0","0","0","","",""
"080056","0002","0","158100","158200","158300","158400","158500","158600","158700","158800","158900","159000","157800","157700","157600","157500","157400","157300","157100","157000","156800","156500","13","35","107","260","182","5","28","62","115","53","173","4","15","21","99","3","275","312","1","110","860","1013","0","0","0","0","0","-157400","5","-100.00","263","31","73","0","0","","0","0","0","","",""
"080057","0000","0","158100","158200","158300","158400","158500","158600","158700","158800","158900","159000","157800","157700","157600","157500","157400","157300","157100","157000","156800","156500","13","35","233","260","182","5","28","62","115","53","173","4","15","21","99","3","275","312","1","110","986","1013","0","0","0","0","0","-157400","5","-100.00","263","126","0","0","0","","0","0","0","","",""
"080058","0000","0","158100","158200","158300","158400","158500","158600","158700","158800","158900","159000","157800","157700","157600","157500","157400","157300","157100","157000","156800","156500","13","35","233","260","182","5","28","62","115","53","174","4","15","21","99","3","275","312","1","110","986","1014","0","0","0","0","0","-157400","5","-100.00","263","0","1","0","0","","0","0","0","","",""
"080058","0001","0","158100","158200","158300","158400","158500","158600","158700","158800","158900","159000","157800","157700","157600","157500","157400","157300","157100","157000","156800","156500","13","35","233","260","183","5","28","62","115","53","174","4","15","21","99","3","275","312","1","110","987","1014","0","0","0","0","0","-157400","5","-100.00","263","1","0","0","0","","0","0","0","","",""
"080058","0002","0","158100","158200","158300","158400","158500","158600","158700","158800","158900","159000","157800","157700","157600","157500","157400","157300","157100","157000","156800","156500","13","35","233","260","183","5","28","62","115","53","174","4","16","21","98","3","275","312","1","110","987","1014","0","0","0","0","0","-157400","5","-100.00","263","0","0","0","0","","0","0","0","","",""
"080059","0000","0","158100","158200","158300","158400","158500","158600","158700","158800","158900","159000","157800","157700","157600","157500","157400","157300","157100","157000","156800","156500","13","35","233","260","183","5","28","62","115","53","174","9","16","21","98","3","275","312","1","110","987","1019","0","0","0","0","0","-157400","5","-100.00","263","0","5","0","0","","0","0","0","","",""
"080059","0001","0","158100","158200","158300","158400","158500","158600","158700","158800","158900","159000","157800","157700","157600","157500","157400","157300","157100","157000","156800","156500","13","35","233","280","183","5","28","62","115","53","174","9","16","21","98","3","275","312","1","110","1007","1019","0","0","0","0","0","-157400","5","-100.00","263","20","0","0","0","","0","0","0","","",""
"080059","0002","0","158100","158200","158300","158400","158500","158600","158700","158800","158900","159000","157800","157700","157600","157500","157400","157300","157100","157000","156800","156500","13","35","233","280","183","5","28","62","115","53","174","9","16","21","98","3","275","312","1","111","1007","1020","0","0","0","0","0","-157400","5","-100.00","263","0","1","0","0","","0","0","0","","",""
"080100","0000","0","158100","158200","158300","158400","158500","158600","158700","158800","158900","159000","157800","157700","157600","157500","157400","157300","157100","157000","156800","156500","13","35","233","280","183","5","28","62","115","53","175","9","16","21","98","3","275","312","1","111","1007","1021","0","0","0","0","0","-157400","5","-100.00","263","0","1","0","0","","0","0","0","","",""
"080101","0000","0","158100","158200","158300","158400","158500","158600","158700","158800","158900","159000","157800","157700","157600","157500","157400","157300","157100","157000","156800","156500","13","35","233","280","183","5","28","62","115","53","175","9","16","21","98","3","275","343","1","111","1007","1052","0","0","0","0","0","-157400","5","-100.00","263","0","31","0","0","","0","0","0","","",""
"080101","0001","0","158100","158200","158300","158400","158500","158600","158700","158800","158900","159000","157800","157700","157600","157500","157400","157300","157100","157000","156800","156500","13","35","233","280","208","5","28","62","115","53","175","9","16","21","98","3","275","343","1","111","1032","1052","0","0","0","0","0","-157400","5","-100.00","263","25","0","0","0","","0","0","0","","",""
"080102","0000","0","158100","158200","158300","158400","158500","158600","158700","158800","158900","159000","157800","157700","157600","157500","157400","157300","157100","157000","156800","156500","13","35","233","280","208","5","29","62","115","53","135","9","16","21","98","3","275","343","1","111","1033","1012","0","0","0","0","0","-157400","5","-100.00","303","1","-40","0","0","","0","0","0","","",""
"080102","0001","0","158100","158200","158300","158400","158500","158600","158700","158800","158900","159000","157800","157700","157600","157500","157400","157300","157100","157000","156800","156500","13","35","233","280","208","5","29","62","115","53","135","9","26","21","98","3","275","343","1","111","1033","1022","0","0","0","0","0","-157400","5","-100.00","303","0","10","0","0","","0","0","0","","",""
"080103","0000","0","158100","158200","158300","158400","158500","158600","158700","158800","158900","159000","157800","157700","157600","157500","157400","157300","157100","157000","156800","156500","13","35","233","280","208","5","29","62","115","53","135","9","26","21","108","5","275","343","1","111","1033","1034","0","0","0","0","0","-157400","5","-100.00","303","0","12","0","0","","0","0","0","","",""
"080103","0001","0","158100","158200","158300","158400","158500","158600","158700","158800","158900","159000","157800","157700","157600","157500","157400","157300","157100","157000","156800","156500","13","35","233","280","208","5","29","62","115","53","135","9","46","21","88","5","275","343","1","111","1033","1034","0","0","0","0","0","-157400","5","-100.00","303","0","0","0","0","","0","0","0","","",""
"080103","0002","0","158100","158200","158300","158400","158500","158600","158700","158800","158900","159000","157900","157800","157700","157600","157500","157400","157300","157100","157000","156800","13","35","233","280","208","5","29","62","115","53","10","135","9","46","21","88","5","275","343","1","1033","933","0","0","0","0","0","-157400","5","-100.00","303","0","-101","0","0","","0","0","0","","",""
"080104","0000","0","158100","158200","158300","158400","158500","158600","158700","158800","158900","159000","157900","157800","157700","157600","157500","157400","157300","157100","157000","156800","13","35","233","280","208","5","29","62","115","53","10","135","9","51","21","88","5","275","343","1","1033","938","0","0","0","0","0","-157400","5","-100.00","303","0","5","0","0","","0","0","0","","",""
"080104","0001","0","158100","158200","158300","158400","158500","158600","158700","158800","158900","159000","157900","157800","157700","157600","157500","157400","157300","157100","157000","156800","13","35","233","280","208","5","29","62","115","53","10","135","9","51","21","88","5","275","353","1","1033","948","0","0","0","0","0","-157400","5","-100.00","303","0","10","0","0","","0","0","0","","",""
"080105","0000","0","158100","158200","158300","158400","158500","158600","158700","158800","158900","159000","157900","157800","157700","157600","157500","157400","157300","157100","157000","156800","13","35","234","280","208","5","29","62","115","53","11","135","9","51","21","88","5","275","353","1","1034","949","0","0","0","0","0","-157400","5","-100.00","303","1","1","0","0","","0","0","0","","",""
"080106","0000","0","158100","158200","158300","158400","158500","158600","158700","158800","158900","159000","157900","157800","157700","157600","157500","157400","157300","157100","157000","156800","18","35","234","280","208","5","29","62","115","53","11","135","9","51","21","88","5","275","353","1","1039","949","0","0","0","0","0","-157400","5","-100.00","303","5","0","0","0","","0","0","0","","",""
"080106","0001","0","158100","158200","158300","158400","158500","158600","158700","158800","158900","159000","157900","157800","157700","157600","157500","157400","157300","157100","157000","156800","18","35","234","280","208","5","29","62","115","53","11","145","9","51","21","88","5","275","353","1","1039","959","0","0","0","0","0","-157400","5","-100.00","303","0","10","0","0","","0","0","0","","",""
"080106","0002","0","158100","158200","158300","158400","158500","158600","158700","158800","158900","159000","157900","157800","157700","157600","157500","157400","157300","157100","157000","156800","18","35","234","280","208","5","29","62","115","53","11","245","9","51","21","88","5","275","353","1","1039","1059","0","0","0","0","0","-157400","5","-100.00","303","0","100","0","0","","0","0","0","","",""
"080107","0000","0","158100","158200","158300","158400","158500","158600","158700","158800","158900","159000","157900","157800","157700","157600","157500","157400","157300","157100","157000","156800","28","35","234","280","208","5","29","62","115","53","11","245","9","51","21","88","5","275","353","1","1049","1059","0","0","0","0","0","-157400","5","-100.00","303","10","0","0","0","","0","0","0","","",""
"080108","0000","0","158100","158200","158300","158400","158500","158600","158700","158800","158900","159000","157900","157800","157700","157600","157500","157400","157300","157100","157000","156800","28","35","234","280","208","5","29","62","115","53","11","264","9","51","21","88","5","275","353","1","1049","1078","0","0","0","0","0","-157400","5","-100.00","303","0","19","0","0","","0","0","0","","",""
"080109","0000","0","158100","158200","158300","158400","158500","158600","158700","158800","158900","159000","158000","157900","157800","157700","157600","157500","157400","157300","157100","157000","28","35","234","280","208","5","29","62","115","53","1","11","264","9","51","21","88","5","275","353","1049","1078","0","0","0","0","0","-157400","5","-100.00","303","0","0","0","0","","0","0","0","","",""
"080110","0000","0","158100","158200","158300","158400","158500","158600","158700","158800","158900","159000","157900","157800","157700","157600","157500","157400","157300","157100","157000","156800","28","35","224","260","208","5","29","62","115","53","2","264","9","51","21","88","5","275","353","1","1019","1069","0","0","0","0","0","-157400","5","-100.00","313","-30","-9","0","0","","0","0","0","","",""
"080110","0001","0","158000","158100","158200","158300","158400","158500","158600","158700","158800","158900","157900","157800","157700","157600","157500","157400","157300","157100","157000","156800","5","28","35","224","260","208","5","29","62","115","2","264","9","51","21","88","5","275","353","1","971","1069","0","0","0","0","0","-157400","5","-100.00","313","-48","0","0","0","","0","0","0","","",""
"080110","0002","0","158000","158100","158200","158300","158400","158500","158600","158700","158800","158900","157900","157800","157700","157600","157500","157400","157300","157100","157000","156800","6","28","35","224","260","208","5","29","62","115","2","264","9","51","21","88","5","275","353","1","972","1069","0","0","0","0","0","-157400","5","-100.00","313","1","0","0","0","","0","0","0","","",""
"080110","0003","0","158000","158100","158200","158300","158400","158500","158600","158700","158800","158900","157900","157800","157700","157600","157500","157400","157300","157100","157000","156800","6","28","36","224","260","208","5","29","62","115","2","264","9","51","21","88","5","275","353","1","973","1069","0","0","0","0","0","-157400","5","-100.00","313","1","0","0","0","","0","0","0","","",""
"080111","0000","0","158000","158100","158200","158300","158400","158500","158600","158700","158800","158900","157900","157800","157700","157600","157500","157400","157300","157100","157000","156800","6","28","36","224","260","208","5","29","62","115","2","265","9","51","21","88","5","275","353","1","973","1070","0","0","0","0","0","-157400","5","-100.00","313","0","1","0","0","","0","0","0","","",""
"080111","0001","0","158000","158100","158200","158300","158400","158500","158600","158700","158800","158900","157900","157800","157700","157600","157500","157400","157300","157100","157000","156800","6","28","36","224","260","208","5","29","62","115","2","266","9","51","21","88","5","275","353","1","973","1071","0","0","0","0","0","-157400","5","-100.00","313","0","1","0","0","","0","0","0","","",""
"080112","0000","0","158000","158100","158200","158300","158400","158500","158600","158700","158800","158900","157900","157800","157700","157600","157500","157400","157300","157100","157000","156800","6","28","36","224","260","208","5","29","62","115","2","566","9","51","21","88","5","275","353","1","973","1371","0","0","0","0","0","-157400","5","-100.00","313","0","300","0","0","","0","0","0","","",""
"080113","0000","0","158000","158100","158200","158300","158400","158500","158600","158700","158800","158900","157900","157800","157700","157600","157500","157400","157300","157100","157000","156800","6","28","36","224","260","208","6","29","62","115","2","566","9","51","21","88","5","275","353","1","974","1371","0","0","0","0","0","-157400","5","-100.00","313","1","0","0","0","","0","0","0","","",""
"080113","0001","0","158000","158100","158200","158300","158400","158500","158600","158700","158800","158900","157900","157800","157700","157600","157500","157400","157300","157100","157000","156800","6","28","36","224","260","208","6","29","62","115","2","646","9","51","21","88","5","275","353","1","974","1451","0","0","0","0","0","-157400","5","-100.00","313","0","80","0","0","","0","0","0","","",""
"080114","0000","0","158000","158100","158200","158300","158400","158500","158600","158700","158800","158900","157900","157800","157700","157600","157500","157400","157300","157100","157000","156800","6","28","36","224","260","208","6","29","63","115","2","646","9","51","21","88","5","275","353","1","975","1451","0","0","0","0","0","-157400","5","-100.00","313","1","0","0","0","","0","0","0","","",""
"080114","0001","0","158000","158100","158200","158300","158400","158500","158600","158700","158800","158900","157900","157800","157700","157600","157500","157400","157300","157100","157000","156800","56","28","36","224","260","208","6","29","63","115","2","646","9","51","21","88","5","275","353","1","1025","1451","0","0","0","0","0","-157400","5","-100.00","313","50","0","0","0","","0","0","0","","",""
"080115","0000","0","158000","158100","158200","158300","158400","158500","158600","158700","158800","158900","157900","157800","157700","157600","157500","157400","157300","157100","157000","156800","56","28","36","224","260","208","6","29","63","115","2","646","9","51","31","88","5","275","353","1","1025","1461","0","0","0","0","0","-157400","5","-100.00","313","0","10","0","0","","0","0","0","","",""
"080115","0001","0","158000","158100","158200","158300","158400","158500","158600","158700","158800","158900","157900","157800","157700","157600","157500","157400","157300","157100","157000","156800","56","28","36","224","260","208","6","29","63","115","3","646","9","51","31","88","5","275","353","1","1025","1462","0","0","0","0","0","-157400","5","-100.00","313","0","1","0","0","","0","0","0","","",""
"080116","0000","0","158000","158100","158200","158300","158400","158500","158600","158700","158800","158900","157900","157800","157700","157600","157500","157400","157300","157100","157000","156800","56","28","36","224","240","208","6","29","63","115","11","646","9","51","31","88","5","275","353","1","1005","1470","0","0","0","0","0","-157400","5","-100.00","313","-20","8","0","0","","0","0","0","","",""
"080116","0001","0","158000","158100","158200","158300","158400","158500","158600","158700","158800","158900","157900","157800","157700","157600","157500","157400","157300","157100","157000","156800","56","28","36","224","240","208","6","29","63","115","11","646","9","51","31","88","5","275","353","2","1005","1471","0","0","0","0","0","-157400","5","-100.00","313","0","1","0","0","","0","0","0","","",""
"080117","0000","0","158000","158100","158200","158300","158400","158500","158600","158700","158800","158900","157900","157800","157700","157600","157500","157400","157300","157100","157000","156800","56","28","96","224","240","208","6","29","63","115","11","646","9","51","31","88","5","275","353","2","1065","1471","0","0","0","0","0","-157400","5","-100.00","313","60","0","0","0","","0","0","0","","",""
"080117","0001","0","158000","158100","158200","158300","158400","158500","158600","158700","158800","158900","157900","157800","157700","157600","157500","157400","157300","157100","157000","156800","56","28","96","224","240","208","6","29","63","115","11","651","9","51","31","88","5","275","353","2","1065","1476","0","0","0","0","0","-157400","5","-100.00","313","0","5","0","0","","0","0","0","","",""
"080118","0000","0","158000","158100","158200","158300","158400","158500","158600","158700","158800","158900","157900","157800","157700","157600","157500","157400","157300","157100","157000","156800","55","28","96","224","240","208","6","29","63","115","11","651","9","51","31","88","5","275","353","2","1064","1476","0","0","0","0","0","-157400","5","-100.00","314","-1","0","0","0","","0","0","0","","",""
"080118","0001","0","158000","158100","158200","158300","158400","158500","158600","158700","158800","158900","157900","157800","157700","157600","157500","157400","157300","157100","157000","156800","55","28","96","224","240","208","6","29","63","120","11","651","9","51","31","88","5","275","353","2","1069","1476","0","0","0","0","0","-157400","5","-100.00","314","5","0","0","0","","0","0","0","","",""
"080119","0000","0","158000","158100","158200","158300","158400","158500","158600","158700","158800","158900","157900","157800","157700","157600","157500","157400","157300","157100","157000","156800","55","33","96","224","240","208","6","29","63","120","11","651","9","51","31","88","5","275","353","2","1074","1476","0","0","0","0","0","-157400","5","-100.00","314","5","0","0","0","","0","0","0","","",""
"080119","0001","0","158000","158100","158200","158300","158400","158500","158600","158700","158800","158900","157900","157800","157700","157600","157500","157400","157300","157100","157000","156900","55","33","96","224","240","208","6","42","63","120","11","651","9","51","31","88","5","275","353","1","1087","1475","0","0","0","0","0","-157400","5","-100.00","314","13","-1","0","0","","0","0","0","","",""
"080120","0000","0","158000","158100","158200","158300","158400","158500","158600","158700","158800","158900","157900","157800","157700","157600","157500","157400","157300","157100","157000","156900","55","33","96","224","240","208","6","42","63","120","11","651","9","51","31","88","5","275","353","1","1087","1475","0","0","0","0","0","-157400","5","-100.00","314","0","0","0","0","","0","0","0","","",""
"080120","0001","0","158000","158100","158200","158300","158400","158500","158600","158700","158800","158900","157900","157800","157700","157600","157500","157400","157300","157100","157000","156900","55","33","96","224","240","208","6","42","63","120","11","651","9","101","31","88","5","275","353","1","1087","1525","0","0","0","0","0","-157400","5","-100.00","314","0","50","0","0","","0","0","0","","",""
"080120","0002","0","157900","158000","158100","158200","158300","158400","158500","158600","158700","158800","157800","157700","157600","157500","157400","157300","157100","157000","156900","156800","29","55","33","96","184","242","208","6","42","63","651","9","101","31","88","105","275","353","1","2","958","1616","0","0","0","0","0","-157400","5","-100.00","325","-129","91","0","0","","0","0","0","","",""
"080121","0000","0","157900","158000","158100","158200","158300","158400","158500","158600","158700","158800","157800","157700","157600","157500","157400","157300","157100","157000","156900","156800","40","65","33","96","184","242","208","6","42","63","656","9","101","31","88","105","275","353","1","2","979","1621","0","0","0","0","0","-157400","5","-100.00","325","21","5","0","0","","0","0","0","","",""
"080121","0001","0","157900","158000","158100","158200","158300","158400","158500","158600","158700","158800","157800","157700","157600","157500","157400","157300","157100","157000","156900","156800","40","66","33","98","184","242","208","6","42","63","656","9","101","31","88","105","275","353","1","2","982","1621","0","0","0","0","0","-157400","5","-100.00","325","3","0","0","0","","0","0","0","","",""
"080122","0000","0","157900","158000","158100","158200","158300","158400","158500","158600","158700","158800","157800","157700","157600","157500","157400","157300","157100","157000","156900","156800","40","66","33","98","184","242","208","6","43","63","656","9","101","31","88","105","275","353","1","2","983","1621","0","0","0","0","0","-157400","5","-100.00","325","1","0","0","0","","0","0","0","","",""
"080122","0001","0","157900","158000","158100","158200","158300","158400","158500","158600","158700","158800","157800","157700","157600","157500","157400","157300","157100","157000","156900","156800","39","66","33","98","184","242","208","6","44","63","656","9","101","31","88","105","275","353","1","2","983","1621","0","0","0","0","0","-157400","5","-100.00","326","0","0","0","0","","0","0","0","","",""
"080122","0002","0","157900","158000","158100","158200","158300","158400","158500","158600","158700","158800","157800","157700","157600","157500","157400","157300","157100","157000","156900","156800","39","66","33","98","184","242","208","6","44","63","656","9","101","31","88","105","275","354","1","2","983","1622","0","0","0","0","0","-157400","5","-100.00","326","0","1","0","0","","0","0","0","","",""
"080123","0000","0","157900","158000","158100","158200","158300","158400","158500","158600","158700","158800","157800","157700","157600","157500","157400","157300","157100","157000","156900","156800","39","66","35","98","184","242","208","6","44","63","656","9","101","31","88","105","275","354","1","2","985","1622","0","0","0","0","0","-157400","5","-100.00","326","2","0","0","0","","0","0","0","","",""
"080124","0000","0","157900","158000","158100","158200","158300","158400","158500","158600","158700","158800","157800","157700","157600","157500","157400","157300","157100","157000","156900","156800","39","66","35","98","184","242","208","6","44","63","696","9","101","31","88","105","275","354","1","2","985","1662","0","0","0","0","0","-157400","5","-100.00","326","0","40","0","0","","0","0","0","","",""
"080125","0000","0","157900","158000","158100","158200","158300","158400","158500","158600","158700","158800","157800","157700","157600","157500","157400","157300","157100","157000","156900","156800","39","66","35","98","184","242","208","6","44","63","696","9","101","31","88","105","276","354","1","2","985","1663","0","0","0","0","0","-157400","5","-100.00","326","0","1","0","0","","0","0","0","","",""
"080125","0001","0","158000","158100","158200","158300","158400","158500","158600","158700","158800","158900","157800","157700","157600","157500","157400","157300","157100","157000","156900","156800","66","35","98","184","242","208","6","44","63","124","696","9","101","31","88","105","276","354","1","2","1070","1663","0","0","0","0","0","-157400","5","-100.00","365","85","0","0","0","","0","0","0","","",""
"080125","0002","0","158000","158100","158200","158300","158400","158500","158600","158700","158800","158900","157800","157700","157600","157500","157400","157300","157100","157000","156900","156800","3","35","98","184","242","208","6","44","63","124","696","9","101","31","88","105","276","354","1","2","1007","1663","0","0","0","0","0","-157400","5","-100.00","428","-63","0","0","0","","0","0","0","","",""
"080126","0000","0","158000","158100","158200","158300","158400","158500","158600","158700","158800","158900","157800","157700","157600","157500","157400","157300","157100","157000","156900","156800","3","35","98","184","242","208","6","44","63","124","716","9","81","31","88","105","276","354","1","2","1007","1663","0","0","0","0","0","-157400","5","-100.00","428","0","0","0","0","","0","0","0","","",""
"080127","0000","0","158000","158100","158200","158300","158400","158500","158600","158700","158800","158900","157800","157700","157600","157500","157400","157300","157100","157000","156900","156800","3","55","98","184","242","208","6","44","63","124","716","9","81","31","88","105","276","354","1","2","1027","1663","0","0","0","0","0","-157400","5","-100.00","428","20","0","0","0","","0","0","0","","",""
"080127","0001","0","158000","158100","158200","158300","158400","158500","158600","158700","158800","158900","157900","157800","157700","157600","157500","157400","157300","157100","157000","156900","3","55","123","184","242","183","6","44","63","124","1","715","9","81","31","88","105","276","354","1","1027","1661","0","0","0","0","0","-157400","5","-100.00","428","0","-2","0","0","","0","0","0","","",""
"080128","0000","0","158000","158100","158200","158300","158400","158500","158600","158700","158800","158900","157900","157800","157700","157600","157500","157400","157300","157200","157100","157000","3","55","123","184","242","183","6","44","63","124","1","715","9","81","31","88","105","1","276","354","1027","1661","0","0","0","0","0","-157400","5","-100.00","428","0","0","0","0","","0","0","0","","",""
"080128","0001","0","158000","158100","158200","158300","158400","158500","158600","158700","158800","158900","157900","157800","157700","157600","157500","157400","157300","157200","157100","157000","3","55","123","184","242","183","6","44","63","124","1","715","9","81","31","88","105","1","202","354","1027","1587","0","0","0","0","0","-157400","5","-100.00","428","0","-74","0","0","","0","0","0","","",""
"080129","0000","0","158000","158100","158200","158300","158400","158500","158600","158700","158800","158900","157900","157800","157700","157600","157500","157400","157300","157200","157100","157000","3","55","123","184","242","183","6","44","63","124","1","715","9","81","36","88","105","1","202","354","1027","1592","0","0","0","0","0","-157400","5","-100.00","428","0","5","0","0","","0","0","0","","",""
"080129","0001","0","158000","158100","158200","158300","158400","158500","158600","158700","158800","158900","157900","157800","157700","157600","157500","157400","157300","157200","157100","157000","3","55","123","184","242","183","6","44","63","127","1","715","9","81","36","88","105","1","202","354","1030","1592","0","0","0","0","0","-157400","5","-100.00","428","3","0","0","0","","0","0","0","","",""
"080130","0000","0","158000","158100","158200","158300","158400","158500","158600","158700","158800","158900","157900","157800","157700","157600","157500","157400","157300","157200","157100","157000","3","55","123","184","242","183","7","44","63","127","1","715","9","81","36","88","105","1","202","354","1031","1592","0","0","0","0","0","-157400","5","-100.00","428","1","0","0","0","","0","0","0","","",""
"080130","0001","0","158000","158100","158200","158300","158400","158500","158600","158700","158800","158900","157900","157800","157700","157600","157500","157400","157300","157200","157100","157000","3","55","123","184","242","183","7","44","64","127","1","715","9","81","36","88","105","1","202","354","1032","1592","0","0","0","0","0","-157400","5","-100.00","428","1","0","0","0","","0","0","0","","",""
"080131","0000","0","158000","158100","158200","158300","158400","158500","158600","158700","158800","158900","157900","157800","157700","157600","157500","157400","157300","157200","157100","157000","3","55","123","184","242","183","7","44","65","127","1","715","9","81","36","88","105","1","202","354","1033","1592","0","0","0","0","0","-157400","5","-100.00","428","1","0","0","0","","0","0","0","","",""
"080131","0001","0","158000","158100","158200","158300","158400","158500","158600","158700","158800","158900","157900","157800","157700","157600","157500","157400","157300","157200","157100","157000","3","55","123","184","242","183","7","44","65","127","1","715","9","81","86","88","105","1","202","354","1033","1642","0","0","0","0","0","-157400","5","-100.00","428","0","50","0","0","","0","0","0","","",""
"080131","0002","0","158000","158100","158200","158300","158400","158500","158600","158700","158800","158900","157900","157800","157700","157600","157500","157400","157300","157200","157100","157000","3","55","123","184","242","183","7","44","65","127","1","715","9","81","86","88","106","1","202","354","1033","1643","0","0","0","0","0","-157400","5","-100.00","428","0","1","0","0","","0","0","0","","",""
"080132","0000","0","158000","158100","158200","158300","158400","158500","158600","158700","158800","158900","157900","157800","157700","157600","157500","157400","157300","157200","157100","157000","3","55","123","184","242","183","7","44","65","128","1","715","9","81","86","88","106","1","202","354","1034","1643","0","0","0","0","0","-157400","5","-100.00","428","1","0","0","0","","0","0","0","","",""
"080132","0001","0","158000","158100","158200","158300","158400","158500","158600","158700","158800","158900","157900","157800","157700","157600","157500","157400","157300","157200","157100","157000","3","55","123","184","242","183","7","44","65","128","1","715","9","81","86","89","106","1","202","354","1034","1644","0","0","0","0","0","-157400","5","-100.00","428","0","1","0","0","","0","0","0","","",""
"080132","0002","0","158000","158100","158200","158300","158400","158500","158600","158700","158800","158900","157900","157800","157700","157600","157500","157400","157300","157200","157100","157000","8","55","123","184","242","183","7","44","65","128","1","715","9","81","86","89","106","1","202","354","1039","1644","0","0","0","0","0","-157400","5","-100.00","428","5","0","0","0","","0","0","0","","",""
"080132","0003","0","158000","158100","158200","158300","158400","158500","158600","158700","158800","158900","157900","157800","157700","157600","157500","157400","157300","157200","157100","157000","8","55","123","184","237","183","7","44","65","128","1","715","9","81","86","89","106","1","202","354","1034","1644","0","0","0","0","0","-157400","5","-100.00","428","-5","0","0","0","","0","0","0","","",""
"080134","0000","0","158000","158100","158200","158300","158400","158500","158600","158700","158800","158900","157900","157800","157700","157600","157500","157400","157300","157200","157100","157000","8","55","123","184","237","183","8","44","65","128","1","715","9","81","86","89","106","1","202","354","1035","1644","0","0","0","0","0","-157400","5","-100.00","428","1","0","0","0","","0","0","0","","",""
"080134","0001","0","158000","158100","158200","158300","158400","158500","158600","158700","158800","158900","157900","157800","157700","157600","157500","157400","157300","157200","157100","157000","8","55","123","184","237","183","8","44","65","128","1","715","9","81","86","90","106","1","202","354","1035","1645","0","0","0","0","0","-157400","5","-100.00","428","0","1","0","0","","0","0","0","","",""
"080135","0000","0","158000","158100","158200","158300","158400","158500","158600","158700","158800","158900","157900","157800","157700","157600","157500","157400","157300","157200","157100","157000","8","55","123","184","237","183","8","44","65","128","1","715","9","81","86","90","106","1","202","354","1035","1645","0","0","0","0","0","-157400","5","-100.00","428","0","0","0","0","","0","0","0","","",""
"080135","0001","0","158000","158100","158200","158300","158400","158500","158600","158700","158800","158900","157900","157800","157700","157600","157500","157400","157300","157200","157100","157000","8","55","123","184","237","183","8","44","65","128","1","715","9","181","86","90","106","1","202","354","1035","1745","0","0","0","0","0","-157400","5","-100.00","428","0","100","0","0","","0","0","0","","",""
"080136","0000","0","158000","158100","158200","158300","158400","158500","158600","158700","158800","158900","157900","157800","157700","157600","157500","157400","157300","157200","157100","157000","8","55","123","184","237","183","8","44","65","128","1","705","9","181","86","95","106","1","202","354","1035","1740","0","0","0","0","0","-157400","5","-100.00","428","0","-5","0","0","","0","0","0","","",""
"080137","0000","0","158000","158100","158200","158300","158400","158500","158600","158700","158800","158900","157900","157800","157700","157600","157500","157400","157300","157200","157100","157000","31","55","123","184","237","183","8","44","65","128","1","705","9","181","86","95","106","1","202","354","1058","1740","0","0","0","0","0","-157400","5","-100.00","428","23","0","0","0","","0","0","0","","",""
"080137","0001","0","158000","158100","158200","158300","158400","158500","158600","158700","158800","158900","157900","157800","157700","157600","157500","157400","157300","157200","157100","157000","31","55","123","184","237","183","8","44","165","128","1","705","9","181","87","95","106","1","202","354","1158","1741","0","0","0","0","0","-157400","5","-100.00","428","100","1","0","0","","0","0","0","","",""
"080137","0002","0","158000","158100","158200","158300","158400","158500","158600","158700","158800","158900","157800","157700","157600","157500","157400","157300","157200","157100","157000","156900","31","55","123","184","237","183","8","44","165","128","705","9","171","87","95","106","1","202","354","1","1158","1731","0","0","0","0","0","-157400","5","-100.00","430","0","-10","0","0","","0","0","0","","",""
"080138","0000","0","158000","158100","158200","158300","158400","158500","158600","158700","158800","158900","157800","157700","157600","157500","157400","157300","157200","157100","157000","156900","51","55","123","184","237","183","8","44","165","128","705","9","171","87","95","106","1","202","354","1","1178","1731","0","0","0","0","0","-157400","5","-100.00","430","20","0","0","0","","0","0","0","","",""
"080139","0000","0","158000","158100","158200","158300","158400","158500","158600","158700","158800","158900","157800","157700","157600","157500","157400","157300","157200","157100","157000","156900","51","55","123","184","237","183","8","46","165","128","705","9","171","87","95","106","1","202","354","1","1180","1731","0","0","0","0","0","-157400","5","-100.00","430","2","0","0","0","","0","0","0","","",""
"080139","0001","0","157900","158000","158100","158200","158300","158400","158500","158600","158700","158800","157800","157700","157600","157500","157400","157300","157200","157100","157000","156900","2","51","55","123","184","237","183","8","46","165","705","9","171","87","95","106","1","202","354","1","1054","1731","0","0","0","0","0","-157400","5","-100.00","430","-126","0","0","0","","0","0","0","","",""
"080139","0002","0","158100","158200","158300","158400","158500","158600","158700","158800","158900","159000","158000","157800","157700","157600","157500","157400","157300","157200","157100","157000","55","123","184","237","183","8","46","165","129","154","47","625","9","171","87","95","106","1","202","354","1284","1697","0","0","0","0","0","-157400","5","-100.00","483","230","-34","0","0","","0","0","0","","",""
"080139","0003","0","158100","158200","158300","158400","158500","158600","158700","158800","158900","159000","158000","157800","157700","157600","157500","157400","157300","157200","157100","157000","55","123","184","237","183","8","46","165","129","154","26","625","9","172","87","95","106","1","202","354","1284","1677","0","0","0","0","0","-157400","5","-100.00","513","0","-20","0","0","","0","0","0","","",""
"080140","0000","0","158100","158200","158300","158400","158500","158600","158700","158800","158900","159000","158000","157800","157700","157600","157500","157400","157300","157200","157100","157000","55","123","184","237","183","8","46","167","129","155","26","625","9","172","87","95","106","1","202","354","1287","1677","0","0","0","0","0","-157400","5","-100.00","513","3","0","0","0","","0","0","0","","",""
"080141","0000","0","158100","158200","158300","158400","158500","158600","158700","158800","158900","159000","158000","157900","157800","157700","157600","157500","157400","157300","157200","157100","55","123","184","237","183","8","46","167","129","155","26","1","625","9","172","87","95","106","1","202","1287","1324","0","0","0","0","0","-157400","5","-100.00","513","0","-353","0","0","","0","0","0","","",""
"080142","0000","0","158100","158200","158300","158400","158500","158600","158700","158800","158900","159000","158000","157900","157800","157700","157600","157500","157400","157300","157200","157100","53","123","184","237","183","8","46","167","129","155","26","1","625","10","172","87","95","106","1","202","1285","1325","0","0","0","0","0","-157400","5","-100.00","515","-2","1","0","0","","0","0","0","","",""
"080142","0001","0","158100","158200","158300","158400","158500","158600","158700","158800","158900","159000","158000","157900","157800","157700","157600","157500","157400","157300","157200","157100","53","123","184","237","183","8","46","167","129","155","26","1","625","10","172","87","95","111","1","202","1285","1330","0","0","0","0","0","-157400","5","-100.00","515","0","5","0","0","","0","0","0","","",""
"080143","0000","0","158100","158200","158300","158400","158500","158600","158700","158800","158900","159000","158000","157900","157800","157700","157600","157500","157400","157300","157200","157100","59","123","184","237","183","8","46","167","129","155","21","1","625","10","172","87","95","111","1","202","1291","1325","0","0","0","0","0","-157400","5","-100.00","520","6","-5","0","0","","0","0","0","","",""
"080143","0001","0","158100","158200","158300","158400","158500","158600","158700","158800","158900","159000","158000","157900","157800","157700","157600","157500","157400","157300","157200","157100","59","123","184","237","183","8","46","167","129","255","21","1","625","10","172","87","95","111","1","202","1391","1325","0","0","0","0","0","-157400","5","-100.00","520","100","0","0","0","","0","0","0","","",""
"080143","0002","0","158100","158200","158300","158400","158500","158600","158700","158800","158900","159000","158000","157900","157800","157700","157600","157500","157400","157300","157200","157100","59","123","184","237","183","8","46","167","129","255","21","1","625","10","172","87","95","111","4","202","1391","1328","0","0","0","0","0","-157400","5","-100.00","520","0","3","0","0","","0","0","0","","",""
"080144","0000","0","158100","158200","158300","158400","158500","158600","158700","158800","158900","159000","158000","157900","157800","157700","157600","157500","157400","157300","157200","157100","59","123","214","237","183","8","46","167","129","255","21","4","625","10","172","87","95","114","4","202","1421","1334","0","0","0","0","0","-157400","5","-100.00","520","30","6","0","0","","0","0","0","","",""
"080145","0000","0","158100","158200","158300","158400","158500","158600","158700","158800","158900","159000","158000","157900","157800","157700","157600","157500","157400","157300","157200","157100","59","123","214","237","183","8","46","167","129","255","21","4","626","10","172","87","95","114","4","202","1421","1335","0","0","0","0","0","-157400","5","-100.00","520","0","1","0","0","","0","0","0","","",""
"080145","0001","0","158100","158200","158300","158400","158500","158600","158700","158800","158900","159000","158000","157900","157800","157700","157600","157500","157400","157300","157200","157100","59","123","214","257","183","8","46","167","129","255","21","4","726","10","172","87","95","114","4","202","1441","1435","0","0","0","0","0","-157400","5","-100.00","520","20","100","0","0","","0","0","0","","",""
"080147","0000","0","158100","158200","158300","158400","158500","158600","158700","158800","158900","159000","158000","157900","157800","157700","157600","157500","157400","157300","157200","157100","59","123","214","257","183","8","46","167","129","255","16","4","726","10","172","87","95","114","4","202","1441","1430","0","0","0","0","0","-157400","5","-100.00","525","0","-5","0","0","","0","0","0","","",""
"080147","0001","0","158100","158200","158300","158400","158500","158600","158700","158800","158900","159000","158000","157900","157800","157700","157600","157500","157400","157300","157200","157100","59","123","214","256","183","8","46","167","129","255","16","4","726","10","172","87","95","114","4","202","1440","1430","0","0","0","0","0","-157400","5","-100.00","525","-1","0","0","0","","0","0","0","","",""
"080147","0002","0","158100","158200","158300","158400","158500","158600","158700","158800","158900","159000","158000","157900","157800","157700","157600","157500","157400","157300","157200","157100","59","123","214","256","183","38","46","167","129","255","19","9","726","10","172","84","95","114","4","202","1470","1435","0","0","0","0","0","-157400","5","-100.00","525","30","5","0","0","","0","0","0","","",""
"080148","0000","0","158100","158200","158300","158400","158500","158600","158700","158800","158900","159000","158000","157900","157800","157700","157600","157500","157400","157300","157200","157100","59","123","214","256","183","38","46","167","129","255","17","9","726","10","172","84","95","114","9","202","1470","1438","0","0","0","0","0","-157400","5","-100.00","527","0","3","0","0","","0","0","0","","",""
"080148","0001","0","158100","158200","158300","158400","158500","158600","158700","158800","158900","159000","158000","157900","157800","157700","157600","157500","157400","157300","157200","157100","59","123","214","256","183","38","46","167","129","255","37","9","726","10","172","84","95","114","9","202","1470","1458","0","0","0","0","0","-157400","5","-100.00","527","0","20","0","0","","0","0","0","","",""
"080149","0000","0","158100","158200","158300","158400","158500","158600","158700","158800","158900","159000","158000","157900","157800","157700","157600","157500","157400","157300","157200","157100","59","123","214","256","183","38","46","167","129","255","37","9","726","10","172","84","95","114","9","202","1470","1458","0","0","0","0","0","-157400","5","-100.00","527","0","0","0","0","","0","0","0","","",""
"080150","0000","0","158100","158200","158300","158400","158500","158600","158700","158800","158900","159000","158000","157900","157800","157700","157600","157500","157400","157300","157200","157100","59","123","214","256","183","38","46","167","129","255","20","9","726","10","172","84","95","114","9","202","1470","1441","0","0","0","0","0","-157400","5","-100.00","544","0","-17","0","0","","0","0","0","","",""
"080150","0001","0","158100","158200","158300","158400","158500","158600","158700","158800","158900","159000","158000","157900","157800","157700","157600","157500","157400","157300","157200","157100","59","123","214","256","183","38","46","167","129","255","41","9","726","10","172","84","95","114","9","202","1470","1462","0","0","0","0","0","-157400","5","-100.00","544","0","21","0","0","","0","0","0","","",""
"080150","0002","0","158100","158200","158300","158400","158500","158600","158700","158800","158900","159000","158000","157900","157800","157700","157600","157500","157400","157300","157200","157100","59","123","214","256","183","38","46","167","129","255","105","9","726","10","172","83","95","114","9","202","1470","1525","0","0","0","0","0","-157400","5","-100.00","544","0","63","0","0","","0","0","0","","",""
"080151","0000","0","158100","158200","158300","158400","158500","158600","158700","158800","158900","159000","158000","157900","157800","157700","157600","157500","157400","157300","157200","157100","59","123","214","256","183","38","46","167","129","255","90","12","726","10","172","83","95","114","9","202","1470","1513","0","0","0","0","0","-157400","5","-100.00","559","0","-12","0","0","","0","0","0","","",""
"080153","0000","0","158100","158200","158300","158400","158500","158600","158700","158800","158900","159000","158000","157900","157800","157700","157600","157500","157400","157300","157200","157100","59","123","214","256","183","38","46","167","129","265","90","12","726","10","172","83","95","114","9","202","1480","1513","0","0","0","0","0","-157400","5","-100.00","559","10","0","0","0","","0","0","0","","",""
"080154","0000","0","158100","158200","158300","158400","158500","158600","158700","158800","158900","159000","158000","157900","157800","157700","157600","157500","157400","157300","157200","157100","59","123","214","256","183","38","46","167","129","265","90","12","726","10","172","83","95","114","9","207","1480","1518","0","0","0","0","0","-157400","5","-100.00","559","0","5","0","0","","0","0","0","","",""
"080154","0001","0","158100","158200","158300","158400","158500","158600","158700","158800","158900","159000","158000","157900","157800","157700","157600","157500","157400","157300","157200","157100","60","123","214","256","183","38","46","167","129","265","90","12","726","10","172","83","95","114","9","207","1481","1518","0","0","0","0","0","-157400","5","-100.00","559","1","0","0","0","","0","0","0","","",""
"080154","0002","0","158100","158200","158300","158400","158500","158600","158700","158800","158900","159000","158000","157900","157800","157700","157600","157500","157400","157300","157200","157100","60","123","214","256","183","38","46","167","129","265","90","12","626","10","172","83","95","114","9","207","1481","1418","0","0","0","0","0","-157400","5","-100.00","559","0","-100","0","0","","0","0","0","","",""
"080154","0003","0","158100","158200","158300","158400","158500","158600","158700","158800","158900","159000","158000","157900","157800","157700","157600","157500","157400","157300","157200","157100","60","123","214","256","183","38","46","167","129","265","85","12","626","10","172","83","95","114","9","207","1481","1413","0","0","0","0","0","-157400","5","-100.00","564","0","-5","0","0","","0","0","0","","",""
"080156","0000","0","158100","158200","158300","158400","158500","158600","158700","158800","158900","159000","158000","157900","157800","157700","157600","157500","157400","157300","157200","157100","60","123","219","256","183","38","46","167","139","265","85","12","626","10","172","83","95","114","9","207","1496","1413","0","0","0","0","0","-157400","5","-100.00","564","15","0","0","0","","0","0","0","","",""
"080158","0000","0","158100","158200","158300","158400","158500","158600","158700","158800","158900","159000","158000","157900","157800","157700","157600","157500","157400","157300","157200","157100","60","123","219","256","183","38","46","167","139","265","85","12","626","60","172","83","95","114","9","207","1496","1463","0","0","0","0","0","-157400","5","-100.00","564","0","50","0","0","","0","0","0","","",""
"080158","0001","0","158100","158200","158300","158400","158500","158600","158700","158800","158900","159000","158000","157900","157800","157700","157600","157500","157400","157300","157200","157100","60","123","219","256","183","38","46","167","139","265","86","12","626","60","172","83","95","114","9","207","1496","1464","0","0","0","0","0","-157400","5","-100.00","564","0","1","0","0","","0","0","0","","",""
"080159","0000","0","158100","158200","158300","158400","158500","158600","158700","158800","158900","159000","158000","157900","157800","157700","157600","157500","157400","157300","157200","157100","60","123","219","256","183","38","46","167","139","265","88","12","626","60","172","83","95","114","9","207","1496","1466","0","0","0","0","0","-157400","5","-100.00","564","0","2","0","0","","0","0","0","","",""
"080159","0001","0","158100","158200","158300","158400","158500","158600","158700","158800","158900","159000","158000","157900","157800","157700","157600","157500","157400","157300","157200","157100","60","123","219","256","183","38","46","167","139","265","87","12","626","60","172","83","95","114","14","207","1496","1470","0","0","0","0","0","-157400","5","-100.00","565","0","4","0","0","","0","0","0","","",""
"080200","0000","0","158100","158200","158300","158400","158500","158600","158700","158800","158900","159000","158000","157900","157800","157700","157600","157500","157400","157300","157200","157100","60","123","219","256","183","38","46","167","139","265","24","12","626","60","172","83","95","114","14","207","1496","1407","0","0","0","0","0","-157400","5","-100.00","628","0","-63","0","0","","0","0","0","","",""
"080200","0001","0","158000","158100","158200","158300","158400","158500","158600","158700","158800","158900","157900","157800","157700","157600","157500","157400","157300","157200","157100","157000","6","60","123","219","256","183","38","46","167","139","12","626","60","172","83","95","114","14","207","364","1237","1747","0","0","0","0","0","-157400","5","-100.00","652","-259","340","0","0","","0","0","0","","",""
"080200","0002","0","158000","158100","158200","158300","158400","158500","158600","158700","158800","158900","157900","157800","157700","157600","157500","157400","157300","157200","157100","157000","4","60","123","219","256","183","38","46","167","139","12","626","60","172","83","95","114","14","207","364","1235","1747","0","0","0","0","0","-157400","5","-100.00","654","-2","0","0","0","","0","0","0","","",""
"080203","0000","0","157900","158000","158100","158200","158300","158400","158500","158600","158700","158800","157800","157700","157600","157500","157400","157300","157200","157100","157000","156900","317","9","60","123","219","256","183","38","46","167","627","60","172","83","95","114","14","207","364","2","1418","1738","0","0","0","0","0","-157400","5","-100.00","666","183","-9","0","0","","0","0","0","","",""
"080204","0000","0","157900","158000","158100","158200","158300","158400","158500","158600","158700","158800","157800","157700","157600","157500","157400","157300","157200","157100","157000","156900","316","9","60","123","219","256","183","38","46","167","627","60","172","83","95","114","14","207","364","2","1417","1738","0","0","0","0","0","-157400","5","-100.00","667","-1","0","0","0","","0","0","0","","",""
"080204","0001","0","157900","158000","158100","158200","158300","158400","158500","158600","158700","158800","157800","157700","157600","157500","157400","157300","157200","157100","157000","156900","296","9","60","123","219","256","183","38","46","167","607","60","172","83","95","114","14","207","364","2","1397","1718","0","0","0","0","0","-157400","5","-100.00","687","-20","-20","0","0","","0","0","0","","",""
"080204","0002","0","157900","158000","158100","158200","158300","158400","158500","158600","158700","158800","157800","157700","157600","157500","157400","157300","157200","157100","157000","156900","296","18","60","123","219","256","183","38","46","167","607","60","172","83","95","114","14","207","364","2","1406","1718","0","0","0","0","0","-157400","5","-100.00","687","9","0","0","0","","0","0","0","","",""
"080204","0003","0","157900","158000","158100","158200","158300","158400","158500","158600","158700","158800","157800","157700","157600","157500","157400","157300","157200","157100","157000","156900","296","18","60","123","219","256","183","38","46","167","607","60","222","83","95","114","14","207","364","2","1406","1768","0","0","0","0","0","-157400","5","-100.00","687","0","50","0","0","","0","0","0","","",""
"080205","0000","0","157900","158000","158100","158200","158300","158400","158500","158600","158700","158800","157800","157700","157600","157500","157400","157300","157200","157100","157000","156900","296","58","60","123","219","256","183","38","46","167","607","60","222","83","95","114","14","207","364","2","1446","1768","0","0","0","0","0","-157400","5","-100.00","687","40","0","0","0","","0","0","0","","",""
"080206","0000","0","157900","158000","158100","158200","158300","158400","158500","158600","158700","158800","157800","157700","157600","157500","157400","157300","157200","157100","157000","156900","306","58","60","123","219","256","183","38","46","167","607","60","222","83","95","114","14","237","364","2","1456","1798","0","0","0","0","0","-157400","5","-100.00","687","10","30","0","0","","0","0","0","","",""
"080206","0001","0","157900","158000","158100","158200","158300","158400","158500","158600","158700","158800","157800","157700","157600","157500","157400","157300","157200","157100","157000","156900","306","58","60","123","214","256","183","38","46","167","607","60","222","83","95","114","14","237","364","2","1451","1798","0","0","0","0","0","-157400","5","-100.00","687","-5","0","0","0","","0","0","0","","",""
"080207","0000","0","157900","158000","158100","158200","158300","158400","158500","158600","158700","158800","157800","157700","157600","157500","157400","157300","157200","157100","157000","156900","306","58","60","123","214","256","183","38","46","167","607","60","222","83","95","114","9","237","369","2","1451","1798","0","0","0","0","0","-157400","5","-100.00","687","0","0","0","0","","0","0","0","","",""
"080208","0000","0","157900","158000","158100","158200","158300","158400","158500","158600","158700","158800","157800","157700","157600","157500","157400","157300","157200","157100","157000","156900","306","58","60","123","214","256","183","38","46","167","608","60","222","83","95","114","9","237","369","2","1451","1799","0","0","0","0","0","-157400","5","-100.00","687","0","1","0","0","","0","0","0","","",""
"080209","0000","0","157900","158000","158100","158200","158300","158400","158500","158600","158700","158800","157800","157700","157600","157500","157400","157300","157200","157100","157000","156900","306","58","60","123","214","256","183","38","549","167","608","60","222","83","95","114","9","237","369","2","1954","1799","0","0","0","0","0","-157400","5","-100.00","687","503","0","0","0","","0","0","0","","",""
"080209","0001","0","157900","158000","158100","158200","158300","158400","158500","158600","158700","158800","157800","157700","157600","157500","157400","157300","157200","157100","157000","156900","300","58","60","123","214","256","183","38","549","167","598","60","222","83","95","114","9","237","369","2","1948","1789","0","0","0","0","0","-157400","5","-100.00","703","-6","-10","0","0","","0","0","0","","",""
"080209","0002","0","157900","158000","158100","158200","158300","158400","158500","158600","158700","158800","157800","157700","157600","157500","157400","157300","157200","157100","157000","156900","300","58","60","123","214","256","183","38","549","172","598","60","222","83","95","114","9","237","369","2","1953","1789","0","0","0","0","0","-157400","5","-100.00","703","5","0","0","0","","0","0","0","","",""
"080210","0000","0","157900","158000","158100","158200","158300","158400","158500","158600","158700","158800","157800","157700","157600","157500","157400","157300","157200","157100","157000","156900","300","58","60","123","214","256","183","38","549","172","558","60","222","84","95","114","9","237","369","2","1953","1750","0","0","0","0","0","-157400","5","-100.00","743","0","-39","0","0","","0","0","0","","",""
"080210","0001","0","157900","158000","158100","158200","158300","158400","158500","158600","158700","158800","157800","157700","157600","157500","157400","157300","157200","157100","157000","156900","293","58","60","123","214","256","183","38","549","172","558","60","222","84","95","114","9","237","369","2","1946","1750","0","0","0","0","0","-157400","5","-100.00","750","-7","0","0","0","","0","0","0","","",""
"080211","0000","0","157900","158000","158100","158200","158300","158400","158500","158600","158700","158800","157800","157700","157600","157500","157400","157300","157200","157100","157000","156900","293","58","60","123","214","256","183","38","549","172","558","60","222","184","95","114","9","237","369","2","1946","1850","0","0","0","0","0","-157400","5","-100.00","750","0","100","0","0","","0","0","0","","",""
"080211","0001","0","157900","158000","158100","158200","158300","158400","158500","158600","158700","158800","157800","157700","157600","157500","157400","157300","157200","157100","157000","156900","293","58","60","123","214","256","183","38","549","172","558","60","222","184","95","114","9","237","369","32","1946","1880","0","0","0","0","0","-157400","5","-100.00","750","0","30","0","0","","0","0","0","","",""
"080212","0000","0","157900","158000","158100","158200","158300","158400","158500","158600","158700","158800","157800","157700","157600","157500","157400","157300","157200","157100","157000","156900","293","58","60","123","214","256","183","38","549","172","552","60","222","184","95","114","9","237","369","32","1946","1874","0","0","0","0","0","-157400","5","-100.00","756","0","-6","0","0","","0","0","0","","",""
"080213","0000","0","157900","158000","158100","158200","158300","158400","158500","158600","158700","158800","157800","157700","157600","157500","157400","157300","157200","157100","157000","156900","293","49","60","123","214","256","183","38","549","172","552","60","222","184","95","114","9","237","369","32","1937","1874","0","0","0","0","0","-157400","5","-100.00","756","-9","0","0","0","","0","0","0","","",""
"080213","0001","0","157900","158000","158100","158200","158300","158400","158500","158600","158700","158800","157800","157700","157600","157500","157400","157300","157200","157100","157000","156900","293","49","60","358","214","256","183","38","549","172","552","60","222","184","95","114","9","237","369","32","2172","1874","0","0","0","0","0","-157400","5","-100.00","756","235","0","0","0","","0","0","0","","",""
"080214","0000","0","157900","158000","158100","158200","158300","158400","158500","158600","158700","158800","157800","157700","157600","157500","157400","157300","157200","157100","157000","156900","293","49","60","358","214","272","183","38","549","172","552","60","222","184","105","114","9","237","369","32","2188","1884","0","0","0","0","0","-157400","5","-100.00","756","16","10","0","0","","0","0","0","","",""
"080215","0000","0","157900","158000","158100","158200","158300","158400","158500","158600","158700","158800","157800","157700","157600","157500","157400","157300","157200","157100","157000","156900","293","49","60","358","214","272","183","38","549","172","552","60","222","194","95","114","9","237","369","32","2188","1884","0","0","0","0","0","-157400","5","-100.00","756","0","0","0","0","","0","0","0","","",""
"080215","0001","0","157900","158000","158100","158200","158300","158400","158500","158600","158700","158800","157800","157700","157600","157500","157400","157300","157200","157100","157000","156900","293","49","60","358","214","272","188","38","549","172","544","60","222","194","95","114","9","237","369","32","2193","1876","0","0","0","0","0","-157400","5","-100.00","764","5","-8","0","0","","0","0","0","","",""
"080217","0000","0","157900","158000","158100","158200","158300","158400","158500","158600","158700","158800","157800","157700","157600","157500","157400","157300","157200","157100","157000","156900","293","49","60","358","214","282","188","38","549","172","544","60","222","194","95","114","9","237","369","32","2203","1876","0","0","0","0","0","-157400","5","-100.00","764","10","0","0","0","","0","0","0","","",""
"080217","0001","0","157900","158000","158100","158200","158300","158400","158500","158600","158700","158800","157800","157700","157600","157500","157400","157300","157200","157100","157000","156900","293","149","60","358","214","282","188","38","549","172","544","60","222","194","95","114","9","237","369","32","2303","1876","0","0","0","0","0","-157400","5","-100.00","764","100","0","0","0","","0","0","0","","",""
"080218","0000","0","157900","158000","158100","158200","158300","158400","158500","158600","158700","158800","157800","157700","157600","157500","157400","157300","157200","157100","157000","156900","333","149","60","358","214","282","188","48","549","172","544","60","222","194","95","114","9","237","359","32","2353","1866","0","0","0","0","0","-157400","5","-100.00","764","50","-10","0","0","","0","0","0","","",""
"080218","0001","0","157900","158000","158100","158200","158300","158400","158500","158600","158700","158800","157800","157700","157600","157500","157400","157300","157200","157100","157000","156900","333","149","60","358","214","282","188","48","549","172","518","60","222","194","95","114","9","237","359","32","2353","1840","0","0","0","0","0","-157400","5","-100.00","790","0","-26","0","0","","0","0","0","","",""
"080218","0002","0","157900","158000","158100","158200","158300","158400","158500","158600","158700","158800","157800","157700","157600","157500","157400","157300","157200","157100","157000","156900","333","149","60","358","214","282","188","48","549","172","521","110","222","194","94","114","9","237","359","32","2353","1892","0","0","0","0","0","-157400","5","-100.00","790","0","52","0","0","","0","0","0","","",""
"080223","0000","0","157900","158000","158100","158200","158300","158400","158500","158600","158700","158800","157800","157700","157600","157500","157400","157300","157200","157100","157000","156900","313","149","60","358","214","282","188","48","549","172","515","110","222","194","94","114","9","237","359","32","2333","1886","0","0","0","0","0","-157400","5","-100.00","810","-20","-6","0","0","","0","0","0","","",""
"080224","0000","0","157900","158000","158100","158200","158300","158400","158500","158600","158700","158800","157800","157700","157600","157500","157400","157300","157200","157100","157000","156900","313","149","60","358","214","282","188","48","549","172","515","113","222","194","94","114","9","237","359","32","2333","1889","0","0","0","0","0","-157400","5","-100.00","810","0","3","0","0","","0","0","0","","",""
