"time","millisec","HOUR_CLS_CODE","ASKP1","ASKP2","ASKP3","ASKP4","ASKP5","ASKP6","ASKP7","ASKP8","ASKP9","ASKP10","BIDP1","BIDP2","BIDP3","BIDP4","BIDP5","BIDP6","BIDP7","BIDP8","BIDP9","BIDP10","ASKP_RSQN1","ASKP_RSQN2","ASKP_RSQN3","ASKP_RSQN4","ASKP_RSQN5","ASKP_RSQN6","ASKP_RSQN7","ASKP_RSQN8","ASKP_RSQN9","ASKP_RSQN10","BIDP_RSQN1","BIDP_RSQN2","BIDP_RSQN3","BIDP_RSQN4","BIDP_RSQN5","BIDP_RSQN6","BIDP_RSQN7","BIDP_RSQN8","BIDP_RSQN9","BIDP_RSQN10","TOTAL_ASKP_RSQN","TOTAL_BIDP_RSQN","OVTM_TOTAL_ASKP_RSQN","OVTM_TOTAL_BIDP_RSQN","ANTC_CNPR","ANTC_CNQN","ANTC_VOL","ANTC_CNTG_VRSS","ANTC_CNTG_VRSS_SIGN","ANTC_CNTG_PRDY_CTRT","ACML_VOL","TOTAL_ASKP_RSQN_ICDC","TOTAL_BIDP_RSQN_ICDC","OVTM_TOTAL_ASKP_ICDC","OVTM_TOTAL_BIDP_ICDC","STCK_DEAL_CLS_CODE","KMID_PRC","KMID_TOTAL_RSQN","KMID_CLS_CODE","NMID_PRC","NMID_TOTAL_RSQN","NMID_CLS_CODE"
"080000","0000","0","204000","0","0","0","0","0","0","0","0","0","0","0","0","0","0","0","0","0","0","0","10","0","0","0","0","0","0","0","0","0","0","0","0","0","0","0","0","0","0","0","10","0","0","0","0","0","0","-200000","5","-100.00","0","0","0","0","0","","0","0","0","","",""
"080000","0001","0","204000","205000","206000","207000","207500","208000","209000","210000","212000","214000","200500","199200","199100","196000","191000","190800","188000","183000","0","0","10","10","10","10","26","10","20","10","20","10","100","1","1","10","10","10","10","10","0","0","136","152","0","0","0","0","0","-200000","5","-100.00","0","126","152","0","0","","0","0","0","","",""
"080001","0000","0","204000","204500","205000","206000","207000","207500","208000","209000","210000","212000","200500","199200","199100","199000","196200","196000","191000","190800","188000","183000","34","24","10","10","10","26","10","20","120","21","100","1","1","1","20","10","10","10","10","10","285","173","0","0","0","0","0","-200000","5","-100.00","0","149","21","0","0","","0","0","0","","",""
"080001","0001","0","204000","204500","205000","206000","207000","207500","208000","209000","210000","212000","200500","199200","199100","199000","196200","196000","191000","190800","188000","183000","34","24","10","10","10","26","10","20","120","21","100","1","1","1","20","10","12","10","10","10","285","175","0","0","0","0","0","-200000","5","-100.00","0","0","2","0","0","","0","0","0","","",""
"080002","0000","0","204000","204500","205000","206000","207000","207500","208000","209000","210000","212000","200500","199200","199100","199000","198200","198000","197900","197000","196200","196000","34","24","12","17","12","126","12","20","120","22","100","1","1","2","20","1","7","1","20","11","399","164","0","0","0","0","0","-200000","5","-100.00","0","114","-11","0","0","","0","0","0","","",""
"080002","0001","0","204000","204500","205000","206000","207000","207500","208000","209000","210000","211000","200500","199200","199100","199000","198200","198000","197900","197000","196200","196000","34","24","12","17","12","126","12","20","120","4","100","1","1","2","20","1","7","1","20","11","381","164","0","0","0","0","0","-200000","5","-100.00","0","-18","0","0","0","","0","0","0","","",""
"080002","0002","0","203500","204000","204500","205000","206000","207000","207500","208000","209000","210000","201000","199100","198200","198000","197900","197000","196200","196000","195900","195000","196","34","24","12","17","12","126","12","20","120","2","9","20","1","7","1","20","11","10","1","573","82","0","0","0","0","0","-200000","5","-100.00","300","192","-82","0","0","","0","0","0","","",""
"080003","0000","0","203500","204000","204500","205000","206000","207000","207500","208000","209000","210000","201000","199100","198200","198000","197900","197000","196200","196000","195900","195000","196","34","24","12","19","12","126","12","20","120","2","9","20","1","7","1","20","11","10","1","575","82","0","0","0","0","0","-200000","5","-100.00","300","2","0","0","0","","0","0","0","","",""
"080004","0000","0","201000","203500","204000","204500","205000","206000","207000","207500","208000","209000","199100","198200","198000","197900","197000","196200","196000","195900","195000","194200","28","196","34","24","12","19","12","126","12","20","9","20","1","7","1","20","11","10","1","3","483","83","0","0","0","0","0","-200000","5","-100.00","302","-92","1","0","0","","0","0","0","","",""
"080004","0001","0","201000","203500","204000","204500","205000","205500","206000","207000","207500","208000","199200","199100","199000","198200","198000","197900","197000","196200","196000","195900","28","196","34","24","12","2","19","12","126","12","1","9","20","20","1","7","1","20","11","10","465","100","0","0","0","0","0","-200000","5","-100.00","302","-18","17","0","0","","0","0","0","","",""
"080005","0000","0","201000","203500","204000","204500","205000","205500","206000","207000","207500","208000","199300","199200","199100","199000","198200","198000","197900","197000","196200","196000","28","196","34","24","12","47","19","12","126","12","1","1","9","20","20","1","7","1","20","11","510","91","0","0","0","0","0","-200000","5","-100.00","302","45","-9","0","0","","0","0","0","","",""
"080005","0001","0","201000","203500","204000","204500","205000","205500","206000","207000","207500","208000","199300","199200","199100","199000","198200","198000","197900","197000","196200","196000","16","196","34","24","12","47","19","12","126","12","1","1","9","20","20","1","7","1","20","11","498","91","0","0","0","0","0","-200000","5","-100.00","314","-12","0","0","0","","0","0","0","","",""
"080006","0000","0","201000","203500","204000","204500","205000","205500","206000","207000","207500","208000","199300","199200","199100","199000","198200","198000","197900","197000","196400","196200","16","196","34","24","12","47","19","12","126","12","1","1","9","20","20","1","7","1","50","20","498","130","0","0","0","0","0","-200000","5","-100.00","314","0","39","0","0","","0","0","0","","",""
"080007","0000","0","201000","203500","204000","204500","205000","205500","206000","207000","207500","208000","199300","199200","199100","199000","198200","198000","197900","197000","196400","196200","16","196","35","24","12","47","19","12","126","12","1","1","9","20","20","1","7","1","50","20","499","130","0","0","0","0","0","-200000","5","-100.00","314","1","0","0","0","","0","0","0","","",""
"080007","0001","0","201000","203500","204000","204500","205000","205500","206000","207000","207500","208000","199300","199200","199100","199000","198200","198000","197900","197000","196400","196200","16","196","35","24","12","47","19","12","126","13","1","1","9","20","20","1","7","1","50","20","500","130","0","0","0","0","0","-200000","5","-100.00","314","1","0","0","0","","0","0","0","","",""
"080008","0000","0","201000","203500","204000","204500","205000","205500","206000","207000","207500","208000","199300","199200","199100","199000","198200","198000","197900","197000","196400","196200","16","196","35","24","12","47","29","12","126","13","1","1","9","20","20","1","7","1","50","20","510","130","0","0","0","0","0","-200000","5","-100.00","314","10","0","0","0","","0","0","0","","",""
"080008","0001","0","201000","203500","204000","204500","205000","205500","206000","207000","207500","208000","200000","199300","199200","199100","199000","198200","198000","197900","197000","196400","16","196","35","24","12","47","29","12","126","13","1","1","1","9","20","20","1","7","1","50","510","111","0","0","0","0","0","-200000","5","-100.00","314","0","-19","0","0","","0","0","0","","",""
"080009","0000","0","201000","203500","204000","204500","205000","205500","206000","207000","207500","208000","200000","199300","199200","199100","199000","198200","198000","197900","197000","196400","15","196","35","24","12","47","29","12","126","13","1","1","1","9","20","20","1","7","1","50","509","111","0","0","0","0","0","-200000","5","-100.00","315","-1","0","0","0","","0","0","0","","",""
"080009","0001","0","201000","203500","204000","204500","205000","205500","206000","207000","207500","208000","200000","199300","199200","199100","199000","198200","198000","197900","197000","196400","15","196","35","24","12","47","29","12","126","13","26","1","1","9","20","20","1","7","1","50","509","136","0","0","0","0","0","-200000","5","-100.00","315","0","25","0","0","","0","0","0","","",""
"080009","0002","0","201000","203500","204000","204500","205000","205500","206000","207000","207500","208000","200000","199300","199200","199100","199000","198200","198000","197900","197000","196400","15","196","35","24","12","47","29","12","126","13","26","1","1","15","20","20","1","7","1","50","509","142","0","0","0","0","0","-200000","5","-100.00","315","0","6","0","0","","0","0","0","","",""
"080010","0000","0","201000","203500","204000","204500","205000","205500","206000","207000","207500","208000","200000","199300","199200","199100","199000","198200","198000","197900","197000","196400","15","196","35","24","12","47","29","12","126","13","26","1","1","15","20","20","1","7","11","50","509","152","0","0","0","0","0","-200000","5","-100.00","315","0","10","0","0","","0","0","0","","",""
"080010","0001","0","201000","203500","204000","204500","205000","205500","206000","207000","207500","208000","200000","199300","199200","199100","199000","198200","198000","197900","197000","196400","15","196","35","24","14","47","29","13","126","13","26","1","1","15","20","20","1","7","11","50","512","152","0","0","0","0","0","-200000","5","-100.00","315","3","0","0","0","","0","0","0","","",""
"080011","0000","0","201000","203500","204000","204500","205000","205500","206000","207000","207500","208000","200000","199300","199200","199100","199000","198200","198000","197900","197000","196400","15","196","35","24","14","48","29","13","126","13","26","1","1","65","20","20","1","7","11","50","513","202","0","0","0","0","0","-200000","5","-100.00","315","1","50","0","0","","0","0","0","","",""
"080011","0001","0","201000","203000","203500","204000","204500","205000","205500","206000","207000","207500","200000","199300","199200","199100","199000","198200","198000","197900","197000","196400","15","18","196","35","24","14","48","29","13","126","26","1","1","65","25","20","1","7","11","50","518","207","0","0","0","0","0","-200000","5","-100.00","315","5","5","0","0","","0","0","0","","",""
"080012","0000","0","201000","203000","203500","204000","204500","205000","205500","206000","207000","207500","200000","199900","199300","199200","199100","199000","198200","198000","197900","197000","15","18","196","35","24","14","48","29","13","126","26","1","1","1","65","25","20","1","7","11","518","158","0","0","0","0","0","-200000","5","-100.00","315","0","-49","0","0","","0","0","0","","",""
"080012","0001","0","201000","203000","203500","204000","204500","205000","205500","206000","207000","207500","200000","199900","199300","199200","199100","199000","198200","198000","197900","197000","15","18","196","235","24","14","48","29","13","126","26","1","1","1","65","25","20","1","7","11","718","158","0","0","0","0","0","-200000","5","-100.00","315","200","0","0","0","","0","0","0","","",""
"080013","0000","0","201000","203000","203500","204000","204500","205000","205500","206000","207000","207500","200000","199900","199300","199200","199100","199000","198200","198000","197900","197000","15","18","196","235","24","14","48","30","13","126","26","1","1","1","65","25","20","1","7","11","719","158","0","0","0","0","0","-200000","5","-100.00","315","1","0","0","0","","0","0","0","","",""
"080013","0001","0","201000","203000","203500","204000","204500","205000","205500","206000","207000","207500","200000","199900","199200","199100","199000","198200","198000","197900","197000","196400","15","27","196","235","24","14","48","30","13","126","26","1","1","65","25","20","1","7","31","50","728","227","0","0","0","0","0","-200000","5","-100.00","315","0","20","0","0","","0","0","0","","",""
"080014","0000","0","201000","203000","203500","204000","204500","205000","205500","206000","207000","207500","200000","199900","199200","199100","199000","198200","198000","197900","197000","196400","15","27","196","235","24","14","48","30","13","126","26","1","1","65","25","20","26","7","31","50","728","252","0","0","0","0","0","-200000","5","-100.00","315","0","25","0","0","","0","0","0","","",""
"080015","0000","0","201000","203000","203500","204000","204500","205000","205500","206000","207000","207500","200000","199900","199200","199100","199000","198200","198000","197900","197000","196400","15","27","196","235","24","14","48","30","14","126","26","1","1","65","25","20","26","7","31","50","729","252","0","0","0","0","0","-200000","5","-100.00","315","1","0","0","0","","0","0","0","","",""
"080015","0001","0","201000","203000","203500","204000","204500","205000","205500","206000","207000","207500","200000","199900","199200","199100","199000","198200","198000","197900","197000","196400","13","27","196","235","24","14","48","30","15","126","26","1","1","65","25","20","26","7","31","50","728","252","0","0","0","0","0","-200000","5","-100.00","317","1","0","0","0","","0","0","0","","",""
"080016","0000","0","201000","203000","203500","204000","204500","205000","205500","206000","207000","207500","200000","199900","199200","199100","199000","198200","198000","197900","197000","196400","13","27","196","235","24","14","48","30","15","126","29","1","1","70","25","20","26","7","31","50","728","260","0","0","0","0","0","-200000","5","-100.00","317","0","8","0","0","","0","0","0","","",""
"080017","0000","0","201000","203000","203500","204000","204500","205000","205500","206000","207000","207500","200000","199900","199200","199100","199000","198200","198000","197900","197000","196400","12","27","196","235","24","14","48","30","15","126","29","1","1","70","25","20","26","7","31","50","727","260","0","0","0","0","0","-200000","5","-100.00","318","-1","0","0","0","","0","0","0","","",""
"080017","0001","0","202000","202500","203000","203500","204000","204500","205000","205500","206000","207000","200000","199900","199200","199100","199000","198200","198000","197900","197000","196400","6","36","27","196","235","24","14","48","30","15","29","1","1","70","25","20","26","7","31","50","631","260","0","0","0","0","0","-200000","5","-100.00","338","-96","0","0","0","","0","0","0","","",""
"080018","0000","0","202000","202500","203000","203500","204000","204500","205000","205500","206000","207000","200000","199900","199200","199100","199000","198200","198000","197900","197000","196400","6","36","27","196","235","24","14","48","30","15","29","1","1","70","25","20","26","7","31","50","631","260","0","0","0","0","0","-200000","5","-100.00","348","0","0","0","0","","0","0","0","","",""
"080018","0001","0","200000","203000","203500","204000","204500","205000","205500","206000","207000","207500","199900","199200","199100","199000","198200","198000","197900","197000","196400","196200","63","27","196","235","24","14","48","30","15","126","1","1","70","25","20","26","7","31","50","20","778","251","0","0","0","0","0","-200000","5","-100.00","385","147","-9","0","0","","0","0","0","","",""
"080018","0002","0","200000","203000","203500","204000","204500","205000","205500","206000","207000","207500","199900","199200","199100","199000","198200","198000","197900","197000","196400","196200","63","27","196","235","24","14","48","30","15","126","1","1","64","25","20","26","7","31","50","20","778","245","0","0","0","0","0","-200000","5","-100.00","385","0","-6","0","0","","0","0","0","","",""
"080018","0003","0","200000","203000","203500","204000","204500","205000","205500","206000","207000","207500","199900","199200","199100","199000","198200","198000","197900","197000","196400","196200","43","27","196","235","24","14","48","30","15","126","1","1","64","25","20","26","7","31","50","20","758","245","0","0","0","0","0","-200000","5","-100.00","405","-20","0","0","0","","0","0","0","","",""
"080019","0000","0","200000","203000","203500","204000","204500","205000","205500","206000","207000","207500","199900","199200","199100","199000","198200","198000","197900","197000","196400","196200","43","27","196","235","24","14","48","30","15","126","3","1","64","25","20","26","7","31","50","20","758","247","0","0","0","0","0","-200000","5","-100.00","405","0","2","0","0","","0","0","0","","",""
"080019","0001","0","203000","203500","204000","204500","205000","205500","206000","207000","207500","208000","200500","199900","199200","199100","199000","198200","198000","197900","197000","196400","52","196","235","24","14","48","30","15","127","15","7","3","1","64","25","20","26","7","31","50","756","234","0","0","0","0","0","-200000","5","-100.00","448","-2","-13","0","0","","0","0","0","","",""
"080020","0000","0","201000","203000","203500","204000","204500","205000","205500","206000","207000","207500","200500","199900","199200","199100","199000","198200","198000","197900","197000","196400","7","52","196","235","24","14","48","30","15","127","7","4","1","64","25","20","26","7","31","50","748","235","0","0","0","0","0","-200000","5","-100.00","448","0","1","0","0","","0","0","0","","",""
"080021","0000","0","201000","203000","203500","204000","204500","205000","205500","206000","207000","207500","200500","200000","199900","199200","199100","199000","198200","198000","197900","197000","7","52","196","235","24","14","48","30","15","127","7","15","4","1","64","25","20","26","7","31","748","200","0","0","0","0","0","-200000","5","-100.00","448","0","-35","0","0","","0","0","0","","",""
"080021","0001","0","201000","203000","203500","204000","204500","205000","205500","206000","207000","207500","200500","200000","199900","199200","199100","199000","198200","198000","197900","197000","6","27","196","235","24","14","48","30","15","127","7","15","4","1","64","25","20","26","7","31","722","200","0","0","0","0","0","-200000","5","-100.00","449","-26","0","0","0","","0","0","0","","",""
"080021","0002","0","201000","202500","203000","203500","204000","204500","205000","205500","206000","207000","200500","200000","199900","199200","199100","199000","198200","198000","197900","197000","6","2","27","196","235","24","14","48","30","15","7","65","4","1","64","5","20","26","7","31","597","230","0","0","0","0","0","-200000","5","-100.00","449","0","50","0","0","","0","0","0","","",""
"080022","0000","0","201000","202500","203000","203500","204000","204500","205000","205500","206000","207000","200500","200000","199900","199200","199100","199000","198200","198000","197900","197000","6","2","27","196","435","24","14","48","30","15","7","65","4","1","64","5","20","26","7","31","797","230","0","0","0","0","0","-200000","5","-100.00","449","200","0","0","0","","0","0","0","","",""
"080022","0001","0","201000","202500","203000","203500","204000","204500","205000","205500","206000","207000","200500","200000","199900","199200","199100","199000","198200","198000","197900","197000","6","2","27","196","435","24","15","48","30","15","7","65","4","1","64","5","20","26","7","31","798","230","0","0","0","0","0","-200000","5","-100.00","449","1","0","0","0","","0","0","0","","",""
"080023","0000","0","200500","201000","202500","203000","203500","204000","204500","205000","205500","206000","200000","199900","199200","199100","199000","198200","198000","197900","197000","196400","88","6","2","27","196","435","24","15","48","30","65","4","1","69","5","20","26","7","31","50","871","278","0","0","0","0","0","-200000","5","-100.00","461","73","48","0","0","","0","0","0","","",""
"080023","0001","0","200500","201000","202500","203000","203500","204000","204500","205000","205500","206000","200000","199900","199200","199100","199000","198200","198000","197900","197000","196400","88","6","2","27","196","435","24","15","48","30","65","4","41","69","5","20","26","7","31","50","871","318","0","0","0","0","0","-200000","5","-100.00","461","0","40","0","0","","0","0","0","","",""
"080023","0002","0","200500","201000","202500","203000","203500","204000","204500","205000","205500","206000","200000","199900","199200","199100","199000","198200","198000","197900","197000","196400","88","6","2","27","196","435","24","15","48","30","66","4","41","69","5","20","26","7","31","50","871","319","0","0","0","0","0","-200000","5","-100.00","461","0","1","0","0","","0","0","0","","",""
"080024","0000","0","200500","201000","202500","203000","203500","204000","204500","205000","205500","206000","200000","199900","199500","199200","199100","199000","198200","198000","197900","197000","88","6","2","27","196","435","24","15","48","30","66","4","5","41","69","5","20","26","7","31","871","274","0","0","0","0","0","-200000","5","-100.00","461","0","-45","0","0","","0","0","0","","",""
"080025","0000","0","200500","201000","202500","203000","203500","204000","204500","205000","205500","206000","200000","199900","199500","199200","199100","199000","198200","198100","198000","197900","88","6","2","27","196","435","24","15","48","30","66","4","5","41","69","5","20","1","26","7","871","244","0","0","0","0","0","-200000","5","-100.00","461","0","-30","0","0","","0","0","0","","",""
"080025","0001","0","200500","201000","202500","203000","203500","204000","204500","205000","205500","206000","200000","199900","199500","199200","199100","199000","198200","198100","198000","197900","88","6","2","27","196","435","24","15","48","31","66","4","5","41","69","5","20","1","26","7","872","244","0","0","0","0","0","-200000","5","-100.00","461","1","0","0","0","","0","0","0","","",""
"080025","0002","0","200500","201000","202500","203000","203500","204000","204500","205000","205500","206000","200000","199900","199500","199200","199100","199000","198200","198100","198000","197900","88","6","2","27","196","435","24","15","49","31","66","4","5","41","69","5","20","1","26","7","873","244","0","0","0","0","0","-200000","5","-100.00","461","1","0","0","0","","0","0","0","","",""
"080026","0000","0","200500","201000","202500","203000","203500","204000","204500","205000","205500","206000","200000","199900","199500","199200","199100","199000","198200","198100","198000","197900","88","6","2","27","196","435","24","15","49","31","66","4","5","41","70","5","20","3","26","7","873","247","0","0","0","0","0","-200000","5","-100.00","461","0","3","0","0","","0","0","0","","",""
"080026","0001","0","200500","201000","202500","203000","203500","204000","204500","205000","205500","206000","200000","199900","199500","199200","199100","199000","198200","198100","198000","197900","88","6","2","29","196","435","24","15","49","31","66","4","5","41","70","6","20","3","26","7","875","248","0","0","0","0","0","-200000","5","-100.00","461","2","1","0","0","","0","0","0","","",""
"080026","0002","0","200500","201000","202500","203000","203500","204000","204500","205000","205500","206000","200000","199900","199500","199200","199100","199000","198200","198100","198000","197900","88","6","2","20","196","435","24","15","49","31","66","4","5","41","70","6","20","3","26","7","866","248","0","0","0","0","0","-200000","5","-100.00","461","-9","0","0","0","","0","0","0","","",""
"080026","0003","0","200500","201000","202500","203000","203500","204000","204500","205000","205500","206000","200000","199900","199500","199200","199100","199000","198800","198200","198100","198000","85","6","2","20","196","435","24","15","49","31","66","4","5","41","70","6","1","20","3","26","863","242","0","0","0","0","0","-200000","5","-100.00","464","-3","-6","0","0","","0","0","0","","",""
"080026","0004","0","200500","201000","202500","203000","203500","204000","204500","205000","205500","206000","200000","199900","199500","199200","199100","199000","198800","198200","198100","198000","85","6","2","20","196","435","24","15","49","31","69","4","5","41","70","6","1","20","3","26","863","245","0","0","0","0","0","-200000","5","-100.00","464","0","3","0","0","","0","0","0","","",""
"080026","0005","0","200500","201000","202500","203000","203500","204000","204500","205000","205500","206000","200000","199900","199500","199200","199100","199000","198800","198200","198100","198000","85","6","2","20","196","435","24","15","49","31","67","4","5","41","70","6","1","20","3","26","863","243","0","0","0","0","0","-200000","5","-100.00","466","0","-2","0","0","","0","0","0","","",""
"080027","0000","0","200500","201000","202500","203000","203500","204000","204500","205000","205500","206000","200000","199900","199500","199200","199100","199000","198800","198200","198100","198000","85","6","2","21","196","435","24","15","49","31","74","4","5","41","70","6","1","20","3","26","864","250","0","0","0","0","0","-200000","5","-100.00","466","1","7","0","0","","0","0","0","","",""
"080027","0001","0","200500","201000","202500","203000","203500","204000","204500","205000","205500","206000","200000","199900","199500","199200","199100","199000","198800","198200","198100","198000","85","6","2","21","196","435","24","15","49","32","74","4","5","41","70","6","1","20","3","26","865","250","0","0","0","0","0","-200000","5","-100.00","466","1","0","0","0","","0","0","0","","",""
"080028","0000","0","200500","201000","202500","203000","203500","204000","204500","205000","205500","206000","200000","199900","199500","199200","199100","199000","198800","198200","198100","198000","81","6","2","21","196","435","24","15","49","32","74","4","5","41","70","6","1","20","3","26","861","250","0","0","0","0","0","-200000","5","-100.00","470","-4","0","0","0","","0","0","0","","",""
"080029","0000","0","200500","201000","202500","203000","203500","204000","204500","205000","205500","206000","200000","199900","199500","199200","199100","199000","198800","198200","198100","198000","84","6","2","21","196","435","24","15","49","32","74","4","5","41","70","6","1","20","3","26","864","250","0","0","0","0","0","-200000","5","-100.00","470","3","0","0","0","","0","0","0","","",""
"080029","0001","0","200500","201000","202500","203000","203500","204000","204500","205000","205500","206000","200000","199900","199500","199200","199100","199000","198800","198200","198100","198000","84","6","2","21","196","435","24","15","49","32","76","4","5","41","70","6","1","20","3","26","864","252","0","0","0","0","0","-200000","5","-100.00","470","0","2","0","0","","0","0","0","","",""
"080029","0002","0","200500","201000","202500","203000","203500","204000","204500","205000","205500","206000","200000","199900","199500","199200","199100","199000","198800","198200","198100","198000","84","6","2","21","196","435","24","15","49","32","76","4","5","41","70","6","1","20","3","29","864","255","0","0","0","0","0","-200000","5","-100.00","470","0","3","0","0","","0","0","0","","",""
"080030","0000","0","200500","201000","202500","203000","203500","204000","204500","205000","205500","206000","200000","199900","199500","199200","199100","199000","198800","198300","198200","198100","84","6","2","21","196","435","24","15","49","32","76","4","5","41","70","6","1","3","20","3","864","229","0","0","0","0","0","-200000","5","-100.00","470","0","-26","0","0","","0","0","0","","",""
"080030","0001","0","200500","201000","202500","203000","203500","204000","204500","205000","205500","206000","200000","199900","199500","199200","199100","199000","198800","198300","198200","198100","84","6","2","21","196","435","24","15","49","32","76","4","5","41","70","11","1","3","20","3","864","234","0","0","0","0","0","-200000","5","-100.00","470","0","5","0","0","","0","0","0","","",""
"080030","0002","0","200000","200500","201000","202500","203000","203500","204000","204500","205000","205500","199500","199200","199100","199000","198800","198300","198200","198100","198000","197900","15","84","6","2","21","196","435","24","15","49","5","41","70","11","1","3","20","3","29","7","847","190","0","0","0","0","0","-200000","5","-100.00","559","-17","-44","0","0","","0","0","0","","",""
"080031","0000","0","200500","201000","202500","203000","203500","204000","204500","205000","205500","206000","200000","199500","199200","199100","199000","198800","198300","198200","198100","198000","84","6","2","21","196","435","24","15","49","32","35","5","41","70","11","1","3","20","3","29","864","218","0","0","0","0","0","-200000","5","-100.00","574","17","28","0","0","","0","0","0","","",""
"080031","0001","0","200500","201000","202500","203000","203500","204000","204500","205000","205500","206000","200000","199500","199200","199100","199000","198800","198300","198200","198100","198000","84","6","2","21","196","435","24","15","49","32","35","5","41","70","11","1","3","20","3","29","864","218","0","0","0","0","0","-200000","5","-100.00","574","0","0","0","0","","0","0","0","","",""
"080033","0000","0","200500","201000","202500","203000","203500","204000","204500","205000","205500","206000","200000","199500","199200","199100","199000","198800","198300","198200","198100","198000","84","11","2","21","196","435","24","15","49","32","35","5","41","70","11","1","3","20","3","29","869","218","0","0","0","0","0","-200000","5","-100.00","574","5","0","0","0","","0","0","0","","",""
"080033","0001","0","200500","201000","202500","203000","203500","204000","204500","205000","205500","206000","200000","199500","199200","199100","199000","198800","198300","198200","198100","198000","84","11","2","21","196","435","24","15","49","32","35","5","41","70","11","1","3","20","3","34","869","223","0","0","0","0","0","-200000","5","-100.00","574","0","5","0","0","","0","0","0","","",""
"080034","0000","0","200500","201000","202500","203000","203500","204000","204500","205000","205500","206000","200000","199500","199200","199100","199000","198800","198300","198200","198100","198000","30","11","2","21","196","435","24","15","49","32","35","5","41","70","11","1","3","20","3","34","815","223","0","0","0","0","0","-200000","5","-100.00","628","-54","0","0","0","","0","0","0","","",""
"080034","0001","0","200500","201000","202500","203000","203500","204000","204500","205000","205500","206000","200000","199500","199200","199100","199000","198800","198300","198200","198100","198000","20","11","2","21","196","435","24","15","49","32","35","5","41","70","11","1","3","20","3","34","805","223","0","0","0","0","0","-200000","5","-100.00","638","-10","0","0","0","","0","0","0","","",""
"080035","0000","0","201000","202500","203000","203500","204000","204500","205000","205500","206000","206500","200000","199500","199200","199100","199000","198800","198300","198200","198100","198000","11","2","21","196","435","24","15","49","32","1","35","5","41","70","11","1","3","20","3","34","786","223","0","0","0","0","0","-200000","5","-100.00","658","-19","0","0","0","","0","0","0","","",""
"080036","0000","0","201000","202500","203000","203500","204000","204500","205000","205500","206000","206500","200000","199500","199300","199200","199100","199000","198800","198300","198200","198100","11","2","21","196","435","24","15","49","32","1","35","5","10","41","70","11","1","3","20","3","786","199","0","0","0","0","0","-200000","5","-100.00","658","0","-24","0","0","","0","0","0","","",""
"080036","0001","0","201000","202500","203000","203500","204000","204500","205000","205500","206000","206500","200000","199500","199300","199200","199100","199000","198800","198300","198200","198100","11","2","21","196","435","24","15","49","32","1","38","5","10","41","70","11","1","3","20","3","786","202","0","0","0","0","0","-200000","5","-100.00","660","0","3","0","0","","0","0","0","","",""
"080037","0000","0","201000","202500","203000","203500","204000","204500","205000","205500","206000","206500","200000","199500","199300","199200","199100","199000","198800","198300","198200","198100","11","2","21","196","435","24","35","49","32","1","38","205","10","41","70","11","1","3","20","3","806","402","0","0","0","0","0","-200000","5","-100.00","660","20","200","0","0","","0","0","0","","",""
"080037","0001","0","200000","201000","202500","203000","203500","204000","204500","205000","205500","206000","199500","199300","199200","199100","199000","198800","198300","198200","198100","198000","58","11","2","21","196","435","24","35","49","32","205","10","41","70","11","1","3","20","3","34","863","398","0","0","0","0","0","-200000","5","-100.00","702","57","-4","0","0","","0","0","0","","",""
"080037","0002","0","200000","201000","202500","203000","203500","204000","204500","205000","205500","206000","199500","199300","199200","199100","199000","198800","198300","198200","198100","198000","58","44","2","21","196","435","24","35","49","32","205","10","41","70","11","1","3","20","3","34","896","398","0","0","0","0","0","-200000","5","-100.00","702","33","0","0","0","","0","0","0","","",""
"080038","0000","0","200000","201000","202500","203000","203500","204000","204500","205000","205500","206000","199500","199300","199200","199100","199000","198800","198300","198200","198100","198000","56","44","2","21","196","435","24","35","49","32","205","10","41","70","11","1","3","20","3","34","894","398","0","0","0","0","0","-200000","5","-100.00","704","-2","0","0","0","","0","0","0","","",""
"080039","0000","0","200000","201000","202500","203000","203500","204000","204500","205000","205500","206000","199700","199500","199300","199200","199100","199000","198800","198300","198200","198100","56","44","2","21","196","435","24","35","49","32","10","205","10","41","70","11","1","3","20","3","894","374","0","0","0","0","0","-200000","5","-100.00","704","0","-24","0","0","","0","0","0","","",""
"080039","0001","0","200000","201000","202500","203000","203500","204000","204500","205000","205500","206000","199700","199500","199300","199200","199100","199000","198800","198300","198200","198100","55","44","2","21","196","435","24","35","49","32","10","205","10","41","70","11","1","3","20","3","893","374","0","0","0","0","0","-200000","5","-100.00","705","-1","0","0","0","","0","0","0","","",""
"080040","0000","0","200000","201000","202500","203000","203500","204000","204500","205000","205500","206000","199700","199500","199300","199200","199100","199000","198800","198300","198200","198100","49","44","2","21","196","435","30","35","49","32","10","205","10","41","70","11","1","3","20","3","893","374","0","0","0","0","0","-200000","5","-100.00","711","5","0","0","0","","0","0","0","","",""
"080041","0000","0","200000","201000","202500","203000","203500","204000","204500","205000","205500","206000","199700","199500","199300","199200","199100","199000","198800","198300","198200","198100","49","44","2","21","196","435","30","35","49","32","50","205","10","1","70","11","1","3","20","3","893","374","0","0","0","0","0","-200000","5","-100.00","711","0","0","0","0","","0","0","0","","",""
"080041","0001","0","200000","201000","202500","203000","203500","204000","204500","205000","205500","206000","199700","199500","199300","199200","199100","199000","198800","198300","198200","198100","46","44","2","21","196","435","30","35","49","32","50","205","10","1","70","11","1","3","20","3","890","374","0","0","0","0","0","-200000","5","-100.00","714","-3","0","0","0","","0","0","0","","",""
"080042","0000","0","200000","200500","201000","202500","203000","203500","204000","204500","205000","205500","199700","199500","199300","199200","199100","199000","198800","198300","198200","198100","46","500","44","2","21","196","435","30","35","49","50","205","10","1","70","11","1","3","20","3","1358","374","0","0","0","0","0","-200000","5","-100.00","714","468","0","0","0","","0","0","0","","",""
"080042","0001","0","200000","200500","201000","202500","203000","203500","204000","204500","205000","205500","199700","199500","199300","199200","199100","199000","198800","198300","198200","198100","46","500","44","2","21","196","435","30","35","49","14","205","10","1","70","11","1","3","20","3","1358","338","0","0","0","0","0","-200000","5","-100.00","750","0","-36","0","0","","0","0","0","","",""
"080042","0002","0","200000","200500","201000","202500","203000","203500","204000","204500","205000","205500","199800","199700","199500","199300","199200","199100","199000","198800","198300","198200","46","500","44","2","21","196","435","30","35","49","50","14","205","10","1","70","11","1","3","20","1358","385","0","0","0","0","0","-200000","5","-100.00","750","0","47","0","0","","0","0","0","","",""
"080042","0003","0","200000","200500","201000","202500","203000","203500","204000","204500","205000","205500","199800","199700","199500","199300","199200","199100","199000","198800","198300","198200","46","500","44","2","21","196","435","30","35","49","50","14","205","10","201","70","11","1","3","20","1358","585","0","0","0","0","0","-200000","5","-100.00","750","0","200","0","0","","0","0","0","","",""
"080043","0000","0","200000","200500","201000","202500","203000","203500","204000","204500","205000","205500","199800","199700","199500","199300","199200","199100","199000","198800","198300","198200","45","500","44","2","21","196","435","30","35","49","50","14","205","10","201","70","11","1","3","20","1357","585","0","0","0","0","0","-200000","5","-100.00","751","-1","0","0","0","","0","0","0","","",""
"080043","0001","0","200000","200500","201000","202500","203000","203500","204000","204500","205000","205500","199800","199700","199500","199300","199200","199100","199000","198800","198300","198200","45","500","44","4","21","196","435","30","35","49","50","14","205","10","201","70","11","1","3","20","1359","585","0","0","0","0","0","-200000","5","-100.00","751","2","0","0","0","","0","0","0","","",""
"080044","0000","0","200000","200500","201000","202500","203000","203500","204000","204500","205000","205500","199800","199700","199500","199300","199200","199100","199000","198800","198300","198200","45","500","44","4","21","196","435","30","35","49","50","14","205","10","201","70","11","1","3","20","1359","585","0","0","0","0","0","-200000","5","-100.00","751","0","0","0","0","","0","0","0","","",""
"080046","0000","0","200000","200500","201000","202500","203000","203500","204000","204500","205000","205500","199800","199700","199500","199300","199200","199100","199000","198800","198300","198200","45","500","44","4","21","196","435","30","35","49","49","14","205","10","201","70","11","1","3","20","1359","584","0","0","0","0","0","-200000","5","-100.00","752","0","-1","0","0","","0","0","0","","",""
"080046","0001","0","200000","200500","201000","202500","203000","203500","204000","204500","205000","205500","199800","199700","199500","199300","199200","199100","199000","198800","198300","198200","45","500","44","4","21","196","435","30","35","49","48","14","205","10","201","70","11","1","3","20","1359","583","0","0","0","0","0","-200000","5","-100.00","753","0","-1","0","0","","0","0","0","","",""
"080046","0002","0","200000","200500","201000","202500","203000","203500","204000","204500","205000","205500","199800","199700","199500","199300","199200","199100","199000","198800","198300","198200","45","500","44","4","21","196","435","30","35","49","47","14","240","10","201","70","11","1","3","20","1359","617","0","0","0","0","0","-200000","5","-100.00","754","0","34","0","0","","0","0","0","","",""
"080047","0000","0","200000","200500","201000","202500","203000","203500","204000","204500","205000","205500","199900","199800","199700","199500","199300","199200","199100","199000","198800","198300","45","500","44","4","21","196","435","30","35","49","19","47","14","240","10","201","70","11","1","3","1359","616","0","0","0","0","0","-200000","5","-100.00","754","0","-1","0","0","","0","0","0","","",""
"080047","0001","0","200000","200500","201000","202500","203000","203500","204000","204500","205000","205500","199900","199800","199700","199500","199300","199200","199100","199000","198800","198300","45","500","44","4","21","196","435","30","35","49","19","47","14","240","10","201","70","211","1","3","1359","816","0","0","0","0","0","-200000","5","-100.00","754","0","200","0","0","","0","0","0","","",""
"080047","0002","0","200000","200500","201000","202500","203000","203500","204000","204500","205000","205500","199900","199800","199700","199500","199300","199200","199100","199000","198800","198300","50","500","44","4","21","196","435","30","35","49","18","47","14","240","10","201","70","211","1","3","1364","815","0","0","0","0","0","-200000","5","-100.00","755","5","-1","0","0","","0","0","0","","",""
"080047","0003","0","200000","200500","201000","202500","203000","203500","204000","204500","205000","205500","199900","199800","199700","199500","199300","199200","199100","199000","198800","198300","49","500","44","4","21","196","435","30","35","49","17","47","14","240","10","201","70","211","1","3","1363","814","0","0","0","0","0","-200000","5","-100.00","757","-1","-1","0","0","","0","0","0","","",""
"080047","0004","0","200000","200500","201000","202500","203000","203500","204000","204500","205000","205500","199900","199800","199700","199500","199300","199200","199100","199000","198800","198300","49","500","44","4","21","196","435","30","35","49","16","47","14","240","10","201","70","211","1","3","1363","813","0","0","0","0","0","-200000","5","-100.00","758","0","-1","0","0","","0","0","0","","",""
"080048","0000","0","200000","200500","201000","202500","203000","203500","204000","204500","205000","205500","199900","199800","199700","199500","199300","199200","199100","199000","198800","198300","49","500","44","4","21","196","435","30","35","49","16","47","14","240","10","201","70","211","1","3","1363","813","0","0","0","0","0","-200000","5","-100.00","758","0","0","0","0","","0","0","0","","",""
"080049","0000","0","200000","200500","201000","202500","203000","203500","204000","204500","205000","205500","199900","199800","199700","199500","199300","199200","199100","199000","198800","198300","48","500","44","4","21","196","435","30","35","49","16","47","14","240","10","201","70","211","1","3","1362","813","0","0","0","0","0","-200000","5","-100.00","759","-1","0","0","0","","0","0","0","","",""
"080049","0001","0","200000","200500","201000","202500","203000","203500","204000","204500","205000","205500","199900","199800","199700","199500","199300","199200","199100","199000","198800","198300","38","500","44","4","21","196","435","30","35","49","16","47","14","240","10","201","70","211","1","3","1352","813","0","0","0","0","0","-200000","5","-100.00","769","-10","0","0","0","","0","0","0","","",""
"080049","0002","0","200000","200500","201000","202500","203000","203500","204000","204500","205000","205500","199900","199800","199700","199500","199300","199200","199100","199000","198800","198300","38","500","44","4","21","196","435","30","35","49","15","47","14","240","10","201","70","211","1","3","1352","812","0","0","0","0","0","-200000","5","-100.00","770","0","-1","0","0","","0","0","0","","",""
"080050","0000","0","200000","200500","201000","202500","203000","203500","204000","204500","205000","205500","199900","199800","199700","199500","199300","199200","199100","199000","198800","198300","38","500","44","4","19","196","435","30","35","49","14","47","14","240","10","201","70","211","1","3","1350","811","0","0","0","0","0","-200000","5","-100.00","771","-2","-1","0","0","","0","0","0","","",""
"080050","0001","0","200000","200500","201000","202500","203000","203500","204000","204500","205000","205500","199900","199800","199700","199500","199300","199200","199100","199000","198800","198300","295","500","44","4","19","196","435","30","35","49","8","47","14","240","10","201","70","211","1","3","1607","805","0","0","0","0","0","-200000","5","-100.00","781","257","-6","0","0","","0","0","0","","",""
"080051","0000","0","200000","200500","201000","202500","203000","203500","204000","204500","205000","205500","199900","199800","199700","199500","199300","199200","199100","199000","198800","198300","295","500","44","4","19","196","435","30","35","49","8","48","24","245","28","201","70","211","1","3","1607","839","0","0","0","0","0","-200000","5","-100.00","781","0","6","0","0","","0","0","0","","",""
"080051","0001","0","200000","200500","201000","202500","203000","203500","204000","204500","205000","205500","199900","199800","199700","199500","199300","199200","199100","199000","198800","198300","295","500","44","4","19","196","435","30","35","49","8","48","26","245","28","201","70","212","1","3","1607","842","0","0","0","0","0","-200000","5","-100.00","781","0","3","0","0","","0","0","0","","",""
"080052","0000","0","200000","200500","201000","202500","203000","203500","204000","204500","205000","205500","199800","199700","199500","199300","199200","199100","199000","198800","198300","198200","295","500","44","4","19","196","435","30","35","49","48","26","245","28","201","70","212","1","3","20","1607","854","0","0","0","0","0","-200000","5","-100.00","791","0","12","0","0","","0","0","0","","",""
"080052","0001","0","200000","200500","201000","202500","203000","203500","204000","204500","205000","205500","199800","199700","199500","199300","199200","199100","199000","198800","198300","198200","295","500","44","4","19","196","435","30","35","49","248","26","245","28","201","70","212","1","3","20","1607","1054","0","0","0","0","0","-200000","5","-100.00","791","0","200","0","0","","0","0","0","","",""
"080052","0002","0","200000","200500","201000","202500","203000","203500","204000","204500","205000","205500","199800","199700","199500","199300","199200","199100","199000","198800","198300","198200","298","500","44","4","19","196","435","30","35","49","248","26","245","28","201","70","212","1","3","20","1610","1054","0","0","0","0","0","-200000","5","-100.00","791","3","0","0","0","","0","0","0","","",""
"080053","0000","0","200000","200500","201000","202500","203000","203500","204000","204500","205000","205500","199800","199700","199500","199300","199200","199100","199000","198800","198300","198200","298","500","44","4","22","196","435","30","35","49","248","26","245","28","201","70","212","1","3","20","1613","1054","0","0","0","0","0","-200000","5","-100.00","791","3","0","0","0","","0","0","0","","",""
"080053","0001","0","200000","200500","201000","202500","203000","203500","204000","204500","205000","205500","199800","199700","199500","199300","199200","199100","199000","198800","198300","198200","298","500","44","4","22","196","435","30","35","49","248","26","245","28","200","70","212","1","3","20","1613","1053","0","0","0","0","0","-200000","5","-100.00","791","0","-1","0","0","","0","0","0","","",""
"080053","0002","0","200000","200500","201000","202500","203000","203500","204000","204500","205000","205500","199800","199700","199500","199300","199200","199100","199000","198800","198300","198200","248","500","44","4","22","196","435","30","35","49","248","26","245","28","200","70","212","1","3","20","1563","1053","0","0","0","0","0","-200000","5","-100.00","841","-50","0","0","0","","0","0","0","","",""
"080053","0003","0","200000","200500","201000","202500","203000","203500","204000","204500","205000","205500","199800","199700","199500","199300","199200","199100","199000","198800","198300","198200","248","500","44","4","22","196","435","30","35","49","248","26","245","28","200","70","214","1","3","20","1563","1055","0","0","0","0","0","-200000","5","-100.00","841","0","2","0","0","","0","0","0","","",""
"080054","0000","0","200000","200500","201000","202500","203000","203500","204000","204500","205000","205500","199800","199700","199500","199300","199200","199100","199000","198800","198300","198200","248","500","44","4","22","196","435","31","35","49","248","26","245","28","200","70","214","1","3","20","1564","1055","0","0","0","0","0","-200000","5","-100.00","841","1","0","0","0","","0","0","0","","",""
"080055","0000","0","200000","200500","201000","202500","203000","203500","204000","204500","205000","205500","199900","199800","199700","199500","199300","199200","199100","199000","198800","198300","248","500","44","4","22","196","435","31","35","49","1","248","26","245","28","200","70","214","1","3","1564","1036","0","0","0","0","0","-200000","5","-100.00","841","0","-19","0","0","","0","0","0","","",""
"080056","0000","0","200000","200500","201000","202000","202500","203000","203500","204000","204500","205000","199900","199800","199700","199500","199300","199200","199100","199000","198800","198300","247","500","44","5","4","22","196","435","31","35","1","248","26","245","28","200","70","214","1","3","1519","1036","0","0","0","0","0","-200000","5","-100.00","842","-45","0","0","0","","0","0","0","","",""
"080056","0001","0","200000","200500","201000","202000","202500","203000","203500","204000","204500","205000","199900","199800","199700","199500","199300","199200","199100","199000","198800","198300","247","500","44","5","4","22","196","436","31","35","1","248","26","245","28","200","70","214","1","3","1520","1036","0","0","0","0","0","-200000","5","-100.00","842","1","0","0","0","","0","0","0","","",""
"080056","0002","0","200000","200500","201000","202000","202500","203000","203500","204000","204500","205000","199800","199700","199500","199300","199200","199100","199000","198800","198300","198200","747","500","44","5","4","22","196","436","31","35","248","26","245","28","200","70","214","1","3","20","2020","1055","0","0","0","0","0","-200000","5","-100.00","843","500","19","0","0","","0","0","0","","",""
"080058","0000","0","200000","200500","201000","202000","202500","203000","203500","204000","204500","205000","199800","199700","199500","199300","199200","199100","199000","198800","198300","198200","748","500","44","5","4","522","196","436","31","35","251","26","245","28","200","70","214","1","3","20","2521","1058","0","0","0","0","0","-200000","5","-100.00","843","501","0","0","0","","0","0","0","","",""
"080058","0001","0","200000","200500","201000","202000","202500","203000","203500","204000","204500","205000","199800","199700","199500","199300","199200","199100","199000","198800","198300","198200","748","505","44","5","4","522","198","436","31","35","251","26","245","28","200","70","214","1","3","20","2528","1058","0","0","0","0","0","-200000","5","-100.00","843","7","0","0","0","","0","0","0","","",""
"080059","0000","0","199900","200000","200500","201000","202000","202500","203000","203500","204000","204500","199800","199700","199500","199300","199200","199100","199000","198800","198300","198200","5","748","505","44","5","4","522","198","436","31","248","26","245","28","200","70","214","1","3","20","2498","1055","0","0","0","0","0","-200000","5","-100.00","846","-30","-3","0","0","","0","0","0","","",""
"080059","0001","0","199900","200000","200500","201000","202000","202500","203000","203500","204000","204500","199800","199700","199500","199300","199200","199100","199000","198800","198300","198200","5","793","505","44","5","4","522","198","436","31","248","26","245","28","200","70","214","1","3","20","2543","1055","0","0","0","0","0","-200000","5","-100.00","846","45","0","0","0","","0","0","0","","",""
"080059","0002","0","199900","200000","200500","201000","202000","202500","203000","203500","204000","204500","199800","199700","199500","199300","199200","199100","199000","198800","198300","198200","5","808","505","44","5","4","522","198","436","32","248","26","245","28","200","70","214","1","3","20","2559","1055","0","0","0","0","0","-200000","5","-100.00","846","16","0","0","0","","0","0","0","","",""
"080101","0000","0","199900","200000","200500","201000","202000","202500","203000","203500","204000","204500","199800","199700","199500","199300","199200","199100","199000","198800","198300","198200","5","808","505","44","5","4","522","198","436","32","249","26","245","28","200","70","214","1","3","20","2559","1056","0","0","0","0","0","-200000","5","-100.00","846","0","1","0","0","","0","0","0","","",""
"080102","0000","0","199900","200000","200500","201000","202000","202500","203000","203500","204000","204500","199800","199700","199500","199300","199200","199100","199000","198800","198300","198200","4","808","505","44","5","4","522","198","436","32","249","26","245","28","200","70","214","1","3","20","2558","1056","0","0","0","0","0","-200000","5","-100.00","847","-1","0","0","0","","0","0","0","","",""
"080102","0001","0","199900","200000","200500","201000","202000","202500","203000","203500","204000","204500","199800","199700","199500","199300","199200","199100","199000","198800","198300","198200","4","808","505","44","5","4","522","198","436","32","249","36","245","28","200","70","214","1","3","20","2558","1066","0","0","0","0","0","-200000","5","-100.00","847","0","10","0","0","","0","0","0","","",""
"080103","0000","0","199900","200000","200500","201000","202000","202500","203000","203500","204000","204500","199800","199700","199500","199300","199200","199100","199000","198800","198300","198200","3","808","505","44","5","4","522","198","436","32","249","36","245","28","200","70","214","1","3","20","2557","1066","0","0","0","0","0","-200000","5","-100.00","848","-1","0","0","0","","0","0","0","","",""
"080105","0000","0","200000","200500","201000","202000","202500","203000","203500","204000","204500","205000","199800","199700","199500","199300","199200","199100","199000","198800","198300","198200","808","505","44","5","4","522","198","436","32","535","249","36","245","28","200","72","214","1","3","20","3089","1068","0","0","0","0","0","-200000","5","-100.00","851","532","2","0","0","","0","0","0","","",""
"080106","0000","0","200000","200500","201000","202000","202500","203000","203500","204000","204500","205000","199900","199800","199700","199500","199300","199200","199100","199000","198800","198300","808","505","44","5","4","522","198","436","32","535","9","249","36","245","28","200","72","214","1","3","3089","1057","0","0","0","0","0","-200000","5","-100.00","851","0","-11","0","0","","0","0","0","","",""
"080106","0001","0","200000","200500","201000","202000","202500","203000","203500","204000","204500","205000","199900","199800","199700","199500","199300","199200","199100","199000","198800","198300","808","505","45","5","4","522","198","436","32","535","9","249","36","245","28","200","72","214","1","3","3090","1057","0","0","0","0","0","-200000","5","-100.00","851","1","0","0","0","","0","0","0","","",""
"080107","0000","0","200000","200500","201000","202000","202500","203000","203500","204000","204500","205000","199900","199800","199700","199500","199300","199200","199100","199000","198800","198300","773","505","45","5","4","522","198","436","32","535","9","249","36","245","28","200","72","214","1","3","3055","1057","0","0","0","0","0","-200000","5","-100.00","886","-35","0","0","0","","0","0","0","","",""
"080107","0001","0","200000","200500","201000","202000","202500","203000","203500","204000","204500","205000","199900","199800","199700","199500","199300","199200","199100","199000","198800","198300","773","505","45","5","4","522","198","436","32","535","10","249","36","245","28","200","72","214","1","3","3055","1058","0","0","0","0","0","-200000","5","-100.00","886","0","1","0","0","","0","0","0","","",""
"080108","0000","0","200000","200500","201000","202000","202500","203000","203500","204000","204500","205000","199900","199800","199700","199500","199300","199200","199100","199000","198800","198300","773","505","45","5","4","522","198","436","32","535","15","249","36","245","28","200","72","214","1","3","3055","1063","0","0","0","0","0","-200000","5","-100.00","886","0","5","0","0","","0","0","0","","",""
"080109","0000","0","200000","200500","201000","202000","202500","203000","203500","204000","204500","205000","199900","199800","199700","199500","199300","199200","199100","199000","198800","198300","768","505","45","5","4","522","198","436","32","535","16","249","36","245","28","200","72","214","1","3","3050","1064","0","0","0","0","0","-200000","5","-100.00","891","-5","1","0","0","","0","0","0","","",""
"080109","0001","0","200000","200500","201000","202000","202500","203000","203500","204000","204500","205000","199900","199800","199700","199500","199300","199200","199100","199000","198800","198300","768","505","45","5","4","522","198","436","32","535","14","249","36","245","28","200","72","214","1","3","3050","1062","0","0","0","0","0","-200000","5","-100.00","893","0","-2","0","0","","0","0","0","","",""
"080110","0000","0","200000","200500","201000","202000","202500","203000","203500","204000","204500","205000","199900","199800","199700","199500","199300","199200","199100","199000","198800","198300","768","505","45","5","4","522","198","436","32","535","49","249","36","210","28","200","72","214","1","3","3050","1062","0","0","0","0","0","-200000","5","-100.00","893","0","0","0","0","","0","0","0","","",""
"080110","0001","0","200000","200500","201000","202000","202500","203000","203500","204000","204500","205000","199900","199800","199700","199500","199300","199200","199100","199000","198800","198300","767","505","45","5","4","522","198","436","32","535","263","249","36","210","28","200","72","215","1","3","3049","1277","0","0","0","0","0","-200000","5","-100.00","894","-1","214","0","0","","0","0","0","","",""
"080110","0002","0","200000","200500","201000","202000","202500","203000","203500","204000","204500","205000","199900","199800","199700","199500","199300","199200","199100","199000","198800","198300","767","505","45","5","4","522","198","436","32","535","264","249","36","210","28","200","72","215","1","3","3049","1278","0","0","0","0","0","-200000","5","-100.00","894","0","1","0","0","","0","0","0","","",""
"080111","0000","0","200000","200500","201000","202000","202500","203000","203500","204000","204500","205000","199900","199800","199700","199500","199300","199200","199100","199000","198800","198300","767","505","45","5","4","522","198","436","32","535","265","249","36","210","28","200","72","215","1","3","3049","1279","0","0","0","0","0","-200000","5","-100.00","894","0","1","0","0","","0","0","0","","",""
"080111","0001","0","200000","200500","201000","202000","202500","203000","203500","204000","204500","205000","199900","199800","199700","199500","199300","199200","199100","199000","198800","198300","767","505","45","5","4","522","198","436","32","535","270","249","36","210","28","200","72","215","1","3","3049","1284","0","0","0","0","0","-200000","5","-100.00","894","0","5","0","0","","0","0","0","","",""
"080111","0002","0","200000","200500","201000","202000","202500","203000","203500","204000","204500","205000","199900","199800","199700","199500","199300","199200","199100","199000","198800","198300","767","505","45","5","4","522","198","436","32","535","275","249","36","210","28","200","72","215","1","3","3049","1289","0","0","0","0","0","-200000","5","-100.00","894","0","5","0","0","","0","0","0","","",""
"080112","0000","0","200000","200500","201000","202000","202500","203000","203500","204000","204500","205000","199900","199800","199700","199500","199400","199300","199200","199100","199000","198800","767","505","45","5","4","522","198","436","32","535","275","249","36","210","2","28","200","72","215","1","3049","1288","0","0","0","0","0","-200000","5","-100.00","894","0","-1","0","0","","0","0","0","","",""
"080112","0001","0","200000","200500","201000","202000","202500","203000","203500","204000","204500","205000","199900","199800","199700","199500","199400","199300","199200","199100","199000","198800","767","505","45","5","4","522","198","436","32","535","275","249","36","210","2","28","200","72","217","1","3049","1290","0","0","0","0","0","-200000","5","-100.00","894","0","2","0","0","","0","0","0","","",""
"080112","0002","0","200000","200500","201000","202000","202500","203000","203500","204000","204500","205000","199900","199800","199700","199500","199400","199300","199200","199100","199000","198800","767","505","45","5","4","522","198","436","32","535","280","249","36","210","2","28","200","72","212","1","3049","1290","0","0","0","0","0","-200000","5","-100.00","894","0","0","0","0","","0","0","0","","",""
"080112","0003","0","200000","200500","201000","202000","202500","203000","203500","204000","204500","205000","199900","199800","199700","199500","199400","199300","199200","199100","199000","198800","763","505","45","5","4","522","198","436","32","535","280","249","36","210","2","28","200","72","212","1","3045","1290","0","0","0","0","0","-200000","5","-100.00","898","-4","0","0","0","","0","0","0","","",""
"080113","0000","0","200000","200500","201000","202000","202500","203000","203500","204000","204500","205000","199900","199800","199700","199500","199400","199300","199200","199100","199000","198800","763","505","45","5","4","522","198","436","32","535","281","249","36","210","2","28","200","72","222","1","3045","1301","0","0","0","0","0","-200000","5","-100.00","898","0","11","0","0","","0","0","0","","",""
"080114","0000","0","200000","200500","201000","202000","202500","203000","203500","204000","204500","205000","199900","199800","199700","199500","199400","199300","199200","199100","199000","198800","763","505","45","5","4","522","198","436","32","535","301","249","36","210","2","28","200","72","222","1","3045","1321","0","0","0","0","0","-200000","5","-100.00","898","0","20","0","0","","0","0","0","","",""
"080114","0001","0","200000","200500","201000","202000","202500","203000","203500","204000","204500","205000","199900","199800","199700","199500","199400","199300","199200","199100","199000","198800","783","505","45","5","4","522","198","436","32","535","306","249","36","210","2","28","200","72","222","1","3065","1326","0","0","0","0","0","-200000","5","-100.00","898","20","0","0","0","","0","0","0","","",""
"080114","0002","0","200000","200500","201000","202000","202500","203000","203500","204000","204500","205000","199900","199800","199700","199500","199400","199300","199200","199100","199000","198800","779","505","45","5","4","522","198","436","32","535","306","249","36","210","2","28","200","72","222","1","3061","1326","0","0","0","0","0","-200000","5","-100.00","902","-4","0","0","0","","0","0","0","","",""
"080115","0000","0","200500","201000","202000","202500","203000","203500","204000","204500","205000","205500","200000","199900","199800","199700","199500","199400","199300","199200","199100","199000","472","45","5","4","522","198","436","32","535","49","20","306","249","36","210","2","28","200","72","222","2298","1345","0","0","0","0","0","-200000","5","-100.00","1714","-763","19","0","0","","0","0","0","","",""
"080115","0001","0","200500","201000","202000","202500","203000","203500","204000","204500","205000","205500","200000","199900","199800","199700","199500","199400","199300","199200","199100","199000","472","45","5","4","522","198","436","32","535","49","20","306","249","36","210","2","28","200","72","223","2298","1346","0","0","0","0","0","-200000","5","-100.00","1714","0","1","0","0","","0","0","0","","",""
"080115","0002","0","200500","201000","202000","202500","203000","203500","204000","204500","205000","205500","200000","199900","199800","199700","199500","199400","199300","199200","199100","199000","472","45","5","4","522","198","436","32","535","49","20","307","249","36","210","2","28","200","72","223","2298","1347","0","0","0","0","0","-200000","5","-100.00","1714","0","1","0","0","","0","0","0","","",""
"080116","0000","0","200500","201000","202000","202500","203000","203500","204000","204500","205000","205500","200000","199900","199800","199700","199500","199400","199300","199200","199100","199000","472","45","5","4","522","198","436","32","535","49","21","307","249","36","210","2","28","200","72","223","2298","1348","0","0","0","0","0","-200000","5","-100.00","1714","0","1","0","0","","0","0","0","","",""
"080118","0000","0","200500","201000","202000","202500","203000","203500","204000","204500","205000","205500","200000","199900","199800","199700","199500","199400","199300","199200","199100","199000","472","45","5","4","522","198","436","32","535","49","71","307","249","36","210","2","28","200","72","223","2298","1398","0","0","0","0","0","-200000","5","-100.00","1714","0","50","0","0","","0","0","0","","",""
"080118","0001","0","200500","201000","202000","202500","203000","203500","204000","204500","205000","205500","200000","199900","199800","199700","199500","199400","199300","199200","199100","199000","472","45","5","4","522","198","436","32","535","49","71","308","249","36","210","2","28","200","72","223","2298","1399","0","0","0","0","0","-200000","5","-100.00","1714","0","1","0","0","","0","0","0","","",""
"080119","0000","0","200500","201000","202000","202500","203000","203500","204000","204500","205000","205500","200000","199900","199800","199700","199500","199400","199300","199200","199100","199000","472","45","5","4","522","198","436","32","535","49","71","308","249","36","210","2","28","200","72","226","2298","1402","0","0","0","0","0","-200000","5","-100.00","1714","0","3","0","0","","0","0","0","","",""
"080119","0001","0","200500","201000","202000","202500","203000","203500","204000","204500","205000","205500","200000","199900","199800","199700","199500","199400","199300","199200","199100","199000","472","45","5","4","522","198","436","32","535","49","71","308","250","36","210","2","28","200","72","226","2298","1403","0","0","0","0","0","-200000","5","-100.00","1714","0","1","0","0","","0","0","0","","",""
"080119","0002","0","200500","201000","202000","202500","203000","203500","204000","204500","205000","205500","200000","199900","199800","199700","199500","199400","199300","199200","199100","199000","472","45","5","4","522","198","436","32","535","49","71","308","250","36","210","2","28","200","72","227","2298","1404","0","0","0","0","0","-200000","5","-100.00","1714","0","1","0","0","","0","0","0","","",""
"080120","0000","0","200500","201000","202000","202500","203000","203500","204000","204500","205000","205500","200000","199900","199800","199700","199500","199400","199300","199200","199100","199000","472","45","5","4","522","198","436","32","535","49","76","308","250","36","210","2","28","200","72","227","2298","1409","0","0","0","0","0","-200000","5","-100.00","1714","0","5","0","0","","0","0","0","","",""
"080120","0001","0","200500","201000","202000","202500","203000","203500","204000","204500","205000","205500","200000","199900","199800","199700","199500","199400","199300","199200","199100","199000","472","45","5","4","522","198","436","32","535","49","76","308","250","37","210","2","28","200","72","227","2298","1410","0","0","0","0","0","-200000","5","-100.00","1714","0","1","0","0","","0","0","0","","",""
"080121","0000","0","200500","201000","202000","202500","203000","203500","204000","204500","205000","205500","200000","199900","199800","199700","199500","199400","199300","199200","199100","199000","470","45","5","4","522","198","436","32","535","49","76","308","250","37","210","2","28","200","72","227","2296","1410","0","0","0","0","0","-200000","5","-100.00","1716","-2","0","0","0","","0","0","0","","",""
"080121","0001","0","200500","201000","202000","202500","203000","203500","204000","204500","205000","205500","200000","199900","199800","199700","199500","199400","199300","199200","199100","199000","470","45","5","4","522","198","436","32","535","49","104","308","250","37","210","2","28","200","72","227","2296","1438","0","0","0","0","0","-200000","5","-100.00","1716","0","28","0","0","","0","0","0","","",""
"080121","0002","0","200500","201000","202000","202500","203000","203500","204000","204500","205000","205500","200000","199900","199800","199700","199500","199400","199300","199200","199100","199000","468","45","5","4","522","198","436","32","535","49","104","308","250","37","210","2","28","200","72","227","2294","1438","0","0","0","0","0","-200000","5","-100.00","1718","-2","0","0","0","","0","0","0","","",""
"080122","0000","0","200500","201000","202000","202500","203000","203500","204000","204500","205000","205500","200000","199900","199800","199700","199500","199400","199300","199200","199100","199000","468","45","5","4","522","198","436","32","535","49","104","318","250","37","210","2","28","200","72","227","2294","1448","0","0","0","0","0","-200000","5","-100.00","1718","0","10","0","0","","0","0","0","","",""
"080123","0000","0","200500","201000","202000","202500","203000","203500","204000","204500","205000","205500","200000","199900","199800","199700","199500","199400","199300","199200","199100","199000","487","45","5","4","522","198","436","32","535","49","105","318","250","37","210","2","28","200","72","227","2313","1449","0","0","0","0","0","-200000","5","-100.00","1720","-2","0","0","0","","0","0","0","","",""
"080123","0001","0","200500","201000","202000","202500","203000","203500","204000","204500","205000","205500","200000","199900","199800","199700","199500","199400","199300","199200","199100","199000","487","45","5","4","522","198","436","32","535","49","267","318","250","37","210","2","28","200","72","227","2313","1611","0","0","0","0","0","-200000","5","-100.00","2510","0","162","0","0","","0","0","0","","",""
"080123","0002","0","200500","201000","202000","202500","203000","203500","204000","204500","205000","205500","200000","199900","199800","199700","199500","199400","199300","199200","199100","199000","487","45","5","4","522","198","436","32","535","49","267","319","250","37","210","2","28","200","72","227","2313","1612","0","0","0","0","0","-200000","5","-100.00","2510","0","1","0","0","","0","0","0","","",""
"080124","0000","0","200500","201000","202000","202500","203000","203500","204000","204500","205000","205500","200000","199900","199800","199700","199500","199400","199300","199200","199100","199000","487","45","5","4","522","198","436","32","535","49","267","319","250","37","210","2","28","200","73","227","2313","1613","0","0","0","0","0","-200000","5","-100.00","2510","0","1","0","0","","0","0","0","","",""
"080124","0001","0","200500","201000","202000","202500","203000","203500","204000","204500","205000","205500","200000","199900","199800","199700","199500","199400","199300","199200","199100","199000","235","45","5","4","522","213","436","32","535","49","267","319","250","37","210","2","28","200","73","227","2076","1613","0","0","0","0","0","-200000","5","-100.00","2762","-237","0","0","0","","0","0","0","","",""
"080125","0000","0","200500","201000","202000","202500","203000","203500","204000","204500","205000","205500","200000","199900","199800","199700","199500","199400","199300","199200","199100","199000","235","45","5","4","522","213","436","32","535","49","268","319","250","37","210","2","28","200","73","227","2076","1614","0","0","0","0","0","-200000","5","-100.00","2762","0","1","0","0","","0","0","0","","",""
"080126","0000","0","200500","201000","201500","202000","202500","203000","203500","204000","204500","205000","200000","199900","199800","199700","199500","199400","199300","199200","199100","199000","235","45","2","5","4","522","213","436","32","535","268","319","250","37","210","2","28","200","73","227","2029","1614","0","0","0","0","0","-200000","5","-100.00","2762","-47","0","0","0","","0","0","0","","",""
"080127","0000","0","200500","201000","201500","202000","202500","203000","203500","204000","204500","205000","200000","199900","199800","199700","199500","199400","199300","199200","199100","199000","235","45","2","5","4","522","213","436","32","535","283","319","250","37","210","2","28","200","73","227","2029","1629","0","0","0","0","0","-200000","5","-100.00","2762","0","15","0","0","","0","0","0","","",""
"080128","0000","0","200500","201000","201500","202000","202500","203000","203500","204000","204500","205000","200000","199900","199800","199700","199500","199400","199300","199200","199100","199000","235","45","2","5","4","522","213","436","32","535","273","319","250","37","210","2","28","200","73","227","2029","1619","0","0","0","0","0","-200000","5","-100.00","2772","0","-10","0","0","","0","0","0","","",""
"080129","0000","0","200500","201000","201500","202000","202500","203000","203500","204000","204500","205000","200000","199900","199800","199700","199500","199400","199300","199200","199100","199000","235","45","2","5","4","522","213","436","32","535","68","319","250","37","210","2","28","200","73","227","2029","1414","0","0","0","0","0","-200000","5","-100.00","2772","0","2","0","0","","0","0","0","","",""
"080129","0001","0","200500","201000","201500","202000","202500","203000","203500","204000","204500","205000","200000","199900","199800","199700","199500","199400","199300","199200","199100","199000","235","45","2","5","4","522","213","436","32","535","68","319","270","37","210","2","28","200","73","227","2029","1434","0","0","0","0","0","-200000","5","-100.00","2772","0","20","0","0","","0","0","0","","",""
"080130","0000","0","200500","201000","201500","202000","202500","203000","203500","204000","204500","205000","200000","199900","199800","199700","199500","199400","199300","199200","199100","199000","236","45","2","5","4","522","213","436","32","535","68","319","270","37","210","2","28","200","73","227","2030","1434","0","0","0","0","0","-200000","5","-100.00","2772","1","0","0","0","","0","0","0","","",""
"080130","0001","0","200500","201000","201500","202000","202500","203000","203500","204000","204500","205000","200000","199900","199800","199700","199500","199400","199300","199200","199100","199000","236","55","2","5","4","522","213","436","32","535","68","319","270","37","210","2","28","200","73","227","2040","1434","0","0","0","0","0","-200000","5","-100.00","2772","10","0","0","0","","0","0","0","","",""
"080130","0002","0","200500","201000","201500","202000","202500","203000","203500","204000","204500","205000","200000","199900","199800","199700","199500","199400","199300","199200","199100","199000","232","55","2","5","4","522","213","436","32","535","68","319","270","37","210","2","28","200","73","227","2036","1434","0","0","0","0","0","-200000","5","-100.00","2776","-4","0","0","0","","0","0","0","","",""
"080131","0000","0","200500","201000","201500","202000","202500","203000","203500","204000","204500","205000","200000","199900","199800","199700","199500","199400","199300","199200","199100","199000","232","55","2","5","4","522","213","436","32","535","78","319","270","37","210","2","28","200","73","227","2036","1444","0","0","0","0","0","-200000","5","-100.00","2776","0","10","0","0","","0","0","0","","",""
"080131","0001","0","200500","201000","201500","202000","202500","203000","203500","204000","204500","205000","200000","199900","199800","199700","199500","199400","199300","199200","199100","199000","232","55","2","5","4","522","213","436","32","535","78","321","270","37","210","2","28","200","73","227","2036","1446","0","0","0","0","0","-200000","5","-100.00","2776","0","2","0","0","","0","0","0","","",""
"080131","0002","0","200500","201000","201500","202000","202500","203000","203500","204000","204500","205000","200000","199900","199800","199700","199500","199400","199300","199200","199100","199000","231","55","2","5","4","522","213","436","32","535","91","341","270","37","210","2","28","200","73","227","2035","1479","0","0","0","0","0","-200000","5","-100.00","2777","-1","33","0","0","","0","0","0","","",""
"080132","0000","0","200500","201000","201500","202000","202500","203000","203500","204000","204500","205000","200000","199900","199800","199700","199500","199400","199300","199200","199100","199000","231","55","2","5","4","522","213","436","32","535","105","341","270","23","210","2","28","200","73","227","2035","1479","0","0","0","0","0","-200000","5","-100.00","2777","0","0","0","0","","0","0","0","","",""
"080132","0001","0","200500","201000","201500","202000","202500","203000","203500","204000","204500","205000","200000","199900","199800","199700","199500","199400","199300","199200","199100","199000","231","55","2","5","4","522","213","436","32","535","105","341","281","23","210","2","28","200","73","227","2035","1490","0","0","0","0","0","-200000","5","-100.00","2777","0","11","0","0","","0","0","0","","",""
"080133","0000","0","200500","201000","201500","202000","202500","203000","203500","204000","204500","205000","200000","199900","199800","199700","199500","199400","199300","199200","199100","199000","231","55","2","5","4","522","213","436","32","535","120","341","281","23","210","2","28","200","73","227","2035","1505","0","0","0","0","0","-200000","5","-100.00","2777","0","4","0","0","","0","0","0","","",""
"080133","0001","0","200500","201000","201500","202000","202500","203000","203500","204000","204500","205000","200000","199900","199800","199700","199500","199400","199300","199200","199100","199000","221","55","2","5","4","522","213","436","32","535","120","341","281","214","210","2","28","200","73","227","2025","1696","0","0","0","0","0","-200000","5","-100.00","2787","-10","191","0","0","","0","0","0","","",""
"080133","0002","0","200500","201000","201500","202000","202500","203000","203500","204000","204500","205000","200000","199900","199800","199700","199500","199400","199300","199200","199100","199000","121","55","2","5","4","522","213","436","32","535","120","341","281","214","210","2","28","200","73","227","1925","1696","0","0","0","0","0","-200000","5","-100.00","2887","-100","0","0","0","","0","0","0","","",""
"080134","0000","0","200500","201000","201500","202000","202500","203000","203500","204000","204500","205000","200000","199900","199800","199700","199500","199400","199300","199200","199100","199000","121","55","2","5","4","522","213","436","32","535","118","341","281","214","210","2","28","200","73","227","1925","1694","0","0","0","0","0","-200000","5","-100.00","2889","0","-2","0","0","","0","0","0","","",""
"080134","0001","0","200500","201000","201500","202000","202500","203000","203500","204000","204500","205000","200000","199900","199800","199700","199500","199400","199300","199200","199100","199000","121","55","2","5","4","522","213","436","32","535","116","341","281","214","210","2","28","200","73","227","1925","1692","0","0","0","0","0","-200000","5","-100.00","2891","0","-2","0","0","","0","0","0","","",""
"080135","0000","0","200500","201000","201500","202000","202500","203000","203500","204000","204500","205000","200000","199900","199800","199700","199500","199400","199300","199200","199100","199000","121","55","2","5","4","522","213","436","32","535","118","341","281","214","210","2","28","200","73","227","1925","1694","0","0","0","0","0","-200000","5","-100.00","2891","0","2","0","0","","0","0","0","","",""
"080135","0001","0","200500","201000","201500","202000","202500","203000","203500","204000","204500","205000","200000","199900","199800","199700","199500","199400","199300","199200","199100","199000","121","55","2","5","4","522","213","436","32","535","120","341","281","214","210","2","28","200","73","227","1925","1696","0","0","0","0","0","-200000","5","-100.00","2891","0","2","0","0","","0","0","0","","",""
"080137","0000","0","200500","201000","201500","202000","202500","203000","203500","204000","204500","205000","200000","199900","199800","199700","199500","199400","199300","199200","199100","199000","141","55","2","5","4","522","213","436","32","535","130","341","281","214","210","2","28","200","73","227","1945","1706","0","0","0","0","0","-200000","5","-100.00","2891","20","0","0","0","","0","0","0","","",""
"080137","0001","0","200500","201000","201500","202000","202500","203000","203500","204000","204500","205000","200000","199900","199800","199700","199500","199400","199300","199200","199100","199000","141","55","2","5","4","522","213","436","32","535","130","341","281","215","210","2","28","200","73","227","1945","1707","0","0","0","0","0","-200000","5","-100.00","2891","0","1","0","0","","0","0","0","","",""
"080137","0002","0","200500","201000","201500","202000","202500","203000","203500","204000","204500","205000","200000","199900","199800","199700","199500","199400","199300","199200","199100","199000","141","55","2","5","4","522","213","436","34","535","130","341","281","215","210","2","28","200","73","227","1947","1707","0","0","0","0","0","-200000","5","-100.00","2891","2","0","0","0","","0","0","0","","",""
"080138","0000","0","200500","201000","201500","202000","202500","203000","203500","204000","204500","205000","200000","199900","199800","199700","199500","199400","199300","199200","199100","199000","141","55","2","5","4","522","213","436","34","535","130","341","281","215","210","2","28","200","73","237","1947","1717","0","0","0","0","0","-200000","5","-100.00","2891","0","10","0","0","","0","0","0","","",""
"080138","0001","0","200500","201000","201500","202000","202500","203000","203500","204000","204500","205000","200000","199900","199800","199700","199500","199400","199300","199200","199100","199000","141","55","2","5","4","522","213","436","34","535","131","341","281","215","210","2","28","200","73","237","1947","1718","0","0","0","0","0","-200000","5","-100.00","2891","0","1","0","0","","0","0","0","","",""
"080139","0000","0","200500","201000","201500","202000","202500","203000","203500","204000","204500","205000","200000","199900","199800","199700","199500","199400","199300","199200","199100","199000","141","55","2","5","4","522","213","436","34","535","136","341","281","215","210","2","28","200","73","237","1947","1723","0","0","0","0","0","-200000","5","-100.00","2891","0","5","0","0","","0","0","0","","",""
"080139","0001","0","200500","201000","201500","202000","202500","203000","203500","204000","204500","205000","200000","199900","199800","199700","199500","199400","199300","199200","199100","199000","141","55","2","5","4","522","213","436","34","535","156","341","281","215","210","2","28","200","73","237","1947","1743","0","0","0","0","0","-200000","5","-100.00","2891","0","20","0","0","","0","0","0","","",""
"080140","0000","0","200500","201000","201500","202000","202500","203000","203500","204000","204500","205000","200000","199900","199800","199700","199500","199400","199300","199200","199100","199000","146","55","2","5","4","522","213","436","34","535","156","342","281","215","210","2","28","200","73","237","1952","1744","0","0","0","0","0","-200000","5","-100.00","2891","5","1","0","0","","0","0","0","","",""
"080141","0000","0","200500","201000","201500","202000","202500","203000","203500","204000","204500","205000","200000","199900","199800","199700","199500","199400","199300","199200","199100","199000","146","55","2","5","4","522","213","436","34","535","157","342","281","215","210","2","28","200","73","237","1952","1745","0","0","0","0","0","-200000","5","-100.00","2891","0","1","0","0","","0","0","0","","",""
"080141","0001","0","200500","201000","201500","202000","202500","203000","203500","204000","204500","205000","200000","199900","199800","199700","199500","199400","199300","199200","199100","199000","146","55","2","5","4","522","213","436","34","535","167","342","281","215","210","2","28","200","73","237","1952","1755","0","0","0","0","0","-200000","5","-100.00","2891","0","10","0","0","","0","0","0","","",""
"080141","0002","0","200500","201000","201500","202000","202500","203000","203500","204000","204500","205000","200000","199900","199800","199700","199500","199400","199300","199200","199100","199000","146","55","2","5","4","522","213","436","34","535","168","342","281","215","210","2","28","200","73","237","1952","1756","0","0","0","0","0","-200000","5","-100.00","2891","0","1","0","0","","0","0","0","","",""
"080141","0003","0","200500","201000","201500","202000","202500","203000","203500","204000","204500","205000","200000","199900","199800","199700","199500","199400","199300","199200","199100","199000","146","55","2","5","4","522","213","436","34","535","168","342","281","215","211","2","28","200","73","237","1952","1757","0","0","0","0","0","-200000","5","-100.00","2891","0","1","0","0","","0","0","0","","",""
"080142","0000","0","200500","201000","201500","202000","202500","203000","203500","204000","204500","205000","200000","199900","199800","199700","199500","199400","199300","199200","199100","199000","141","55","2","5","4","522","213","436","34","535","168","342","281","215","211","2","28","200","73","237","1947","1757","0","0","0","0","0","-200000","5","-100.00","2891","-5","0","0","0","","0","0","0","","",""
"080142","0001","0","200500","201000","201500","202000","202500","203000","203500","204000","204500","205000","200000","199900","199800","199700","199500","199400","199300","199200","199100","199000","141","55","2","5","4","522","213","436","34","535","168","342","282","215","211","2","28","200","73","237","1947","1758","0","0","0","0","0","-200000","5","-100.00","2891","0","1","0","0","","0","0","0","","",""
"080142","0002","0","200500","201000","201500","202000","202500","203000","203500","204000","204500","205000","200000","199900","199800","199700","199500","199400","199300","199200","199100","199000","141","55","2","5","4","522","213","436","34","535","169","342","282","215","211","2","28","200","73","237","1947","1759","0","0","0","0","0","-200000","5","-100.00","2891","0","1","0","0","","0","0","0","","",""
"080143","0000","0","200500","201000","201500","202000","202500","203000","203500","204000","204500","205000","200000","199900","199800","199700","199500","199400","199300","199200","199100","199000","131","55","2","5","4","522","213","436","34","535","169","342","282","215","211","2","28","200","73","237","1937","1759","0","0","0","0","0","-200000","5","-100.00","2901","-10","0","0","0","","0","0","0","","",""
"080143","0001","0","200500","201000","201500","202000","202500","203000","203500","204000","204500","205000","200000","199900","199800","199700","199500","199400","199300","199200","199100","199000","131","55","2","5","4","522","213","436","34","535","190","342","285","215","211","2","28","200","73","242","1937","1788","0","0","0","0","0","-200000","5","-100.00","2901","0","24","0","0","","0","0","0","","",""
"080143","0002","0","200500","201000","201500","202000","202500","203000","203500","204000","204500","205000","200000","199900","199800","199700","199500","199400","199300","199200","199100","199000","131","55","2","5","4","522","213","436","34","535","220","342","285","215","211","2","28","200","73","242","1937","1818","0","0","0","0","0","-200000","5","-100.00","2901","0","30","0","0","","0","0","0","","",""
"080144","0000","0","200500","201000","201500","202000","202500","203000","203500","204000","204500","205000","200000","199900","199800","199700","199500","199400","199300","199200","199100","199000","131","55","2","5","4","522","213","436","34","535","221","342","285","215","211","2","28","200","73","242","1937","1819","0","0","0","0","0","-200000","5","-100.00","2901","0","1","0","0","","0","0","0","","",""
"080144","0001","0","200500","201000","201500","202000","202500","203000","203500","204000","204500","205000","200000","199900","199800","199700","199500","199400","199300","199200","199100","199000","131","55","2","5","4","522","213","436","34","535","215","342","285","215","211","2","28","200","73","242","1937","1813","0","0","0","0","0","-200000","5","-100.00","2907","0","-6","0","0","","0","0","0","","",""
"080144","0002","0","200500","201000","201500","202000","202500","203000","203500","204000","204500","205000","200000","199900","199800","199700","199500","199400","199300","199200","199100","199000","121","55","2","5","4","522","213","436","34","535","215","342","285","215","211","2","28","200","73","242","1927","1813","0","0","0","0","0","-200000","5","-100.00","2917","-10","0","0","0","","0","0","0","","",""
"080144","0003","0","200500","201000","201500","202000","202500","203000","203500","204000","204500","205000","200000","199900","199800","199700","199500","199400","199300","199200","199100","199000","121","55","2","5","4","522","213","436","34","535","215","342","285","215","211","2","32","200","73","242","1927","1817","0","0","0","0","0","-200000","5","-100.00","2917","0","4","0","0","","0","0","0","","",""
"080146","0000","0","200500","201000","201500","202000","202500","203000","203500","204000","204500","205000","200000","199900","199800","199700","199500","199400","199300","199200","199100","199000","120","55","2","5","4","522","213","436","34","535","214","342","285","215","211","2","32","200","73","242","1926","1816","0","0","0","0","0","-200000","5","-100.00","2918","-1","-1","0","0","","0","0","0","","",""
"080146","0001","0","200500","201000","201500","202000","202500","203000","203500","204000","204500","205000","200000","199900","199800","199700","199500","199400","199300","199200","199100","199000","120","55","2","5","4","522","213","436","34","535","214","342","285","215","211","2","32","200","73","243","1926","1817","0","0","0","0","0","-200000","5","-100.00","2918","0","1","0","0","","0","0","0","","",""
"080146","0002","0","200500","201000","201500","202000","202500","203000","203500","204000","204500","205000","200000","199900","199800","199700","199500","199400","199300","199200","199100","199000","120","55","2","5","4","522","213","436","36","535","214","342","285","215","211","2","32","200","73","243","1928","1817","0","0","0","0","0","-200000","5","-100.00","2918","2","0","0","0","","0","0","0","","",""
"080147","0000","0","200500","201000","201500","202000","202500","203000","203500","204000","204500","205000","200000","199900","199800","199700","199500","199400","199300","199200","199100","199000","90","55","2","5","4","522","213","436","36","535","216","342","285","215","211","2","32","200","73","243","1898","1819","0","0","0","0","0","-200000","5","-100.00","2948","-30","2","0","0","","0","0","0","","",""
"080147","0001","0","200500","201000","201500","202000","202500","203000","203500","204000","204500","205000","200000","199900","199800","199700","199500","199400","199300","199200","199100","199000","90","55","2","5","4","522","213","436","36","535","236","342","285","215","211","3","32","200","73","243","1898","1840","0","0","0","0","0","-200000","5","-100.00","2948","0","21","0","0","","0","0","0","","",""
"080147","0002","0","200500","201000","201500","202000","202500","203000","203500","204000","204500","205000","200000","199900","199800","199700","199500","199400","199300","199200","199100","199000","90","55","2","5","4","522","213","436","36","535","236","342","285","215","211","3","32","200","73","245","1898","1842","0","0","0","0","0","-200000","5","-100.00","2948","0","2","0","0","","0","0","0","","",""
"080148","0000","0","200500","201000","201500","202000","202500","203000","203500","204000","204500","205000","200000","199900","199800","199700","199500","199400","199300","199200","199100","199000","90","55","2","5","14","522","213","436","36","535","236","342","285","215","211","3","32","200","73","245","1908","1842","0","0","0","0","0","-200000","5","-100.00","2948","10","0","0","0","","0","0","0","","",""
"080148","0001","0","200500","201000","201500","202000","202500","203000","203500","204000","204500","205000","200000","199900","199800","199700","199500","199400","199300","199200","199100","199000","95","55","2","5","14","522","213","436","36","535","241","342","285","215","211","3","32","200","73","245","1913","1847","0","0","0","0","0","-200000","5","-100.00","2948","5","5","0","0","","0","0","0","","",""
"080148","0002","0","200500","201000","201500","202000","202500","203000","203500","204000","204500","205000","200000","199900","199800","199700","199500","199400","199300","199200","199100","199000","94","55","2","5","14","522","213","436","36","535","243","342","285","215","211","3","32","200","74","245","1912","1850","0","0","0","0","0","-200000","5","-100.00","2949","0","2","0","0","","0","0","0","","",""
"080149","0000","0","200500","201000","201500","202000","202500","203000","203500","204000","204500","205000","200000","199900","199800","199700","199500","199400","199300","199200","199100","199000","94","55","2","5","14","522","213","436","36","535","243","347","285","215","211","3","32","200","74","245","1912","1855","0","0","0","0","0","-200000","5","-100.00","2949","0","5","0","0","","0","0","0","","",""
"080149","0001","0","200500","201000","201500","202000","202500","203000","203500","204000","204500","205000","200000","199900","199800","199700","199500","199400","199300","199200","199100","199000","94","55","2","5","14","522","213","436","36","535","243","347","285","215","211","3","32","200","74","265","1912","1875","0","0","0","0","0","-200000","5","-100.00","2949","0","20","0","0","","0","0","0","","",""
"080149","0002","0","200500","201000","201500","202000","202500","203000","203500","204000","204500","205000","200000","199900","199800","199700","199500","199400","199300","199200","199100","199000","64","55","2","5","14","522","213","436","36","535","243","347","285","215","211","3","32","200","74","265","1882","1875","0","0","0","0","0","-200000","5","-100.00","2979","-30","0","0","0","","0","0","0","","",""
"080150","0000","0","200500","201000","201500","202000","202500","203000","203500","204000","204500","205000","200000","199900","199800","199700","199500","199400","199300","199200","199100","199000","64","55","2","5","14","522","213","436","36","537","243","347","285","215","211","3","32","200","74","265","1884","1875","0","0","0","0","0","-200000","5","-100.00","2979","2","0","0","0","","0","0","0","","",""
"080150","0001","0","200500","201000","201500","202000","202500","203000","203500","204000","204500","205000","200000","199900","199800","199700","199500","199400","199300","199200","199100","199000","64","55","2","5","14","522","213","436","36","537","163","347","285","215","211","3","32","200","74","265","1884","1795","0","0","0","0","0","-200000","5","-100.00","3059","0","-80","0","0","","0","0","0","","",""
"080150","0002","0","200500","201000","201500","202000","202500","203000","203500","204000","204500","205000","200000","199900","199800","199700","199500","199400","199300","199200","199100","199000","64","55","2","5","14","522","213","436","36","537","203","347","285","215","211","3","32","200","74","265","1884","1835","0","0","0","0","0","-200000","5","-100.00","3059","0","40","0","0","","0","0","0","","",""
"080151","0000","0","200500","201000","201500","202000","202500","203000","203500","204000","204500","205000","200000","199900","199800","199700","199500","199400","199300","199200","199100","199000","64","55","2","5","14","522","213","436","36","537","203","347","286","215","211","3","32","200","74","265","1884","1836","0","0","0","0","0","-200000","5","-100.00","3059","0","1","0","0","","0","0","0","","",""
"080151","0001","0","200500","201000","201500","202000","202500","203000","203500","204000","204500","205000","200000","199900","199800","199700","199500","199400","199300","199200","199100","199000","64","55","2","5","14","522","213","436","36","537","204","347","286","215","211","3","32","200","74","265","1884","1837","0","0","0","0","0","-200000","5","-100.00","3059","0","1","0","0","","0","0","0","","",""
"080151","0002","0","200500","201000","201500","202000","202500","203000","203500","204000","204500","205000","200000","199900","199800","199700","199500","199400","199300","199200","199100","199000","64","55","2","5","14","522","213","436","36","537","204","347","286","215","211","3","32","200","74","270","1884","1842","0","0","0","0","0","-200000","5","-100.00","3059","0","5","0","0","","0","0","0","","",""
"080152","0000","0","200500","201000","201500","202000","202500","203000","203500","204000","204500","205000","200000","199900","199800","199700","199500","199400","199300","199200","199100","199000","64","55","2","5","14","522","213","436","36","537","204","347","286","215","211","3","33","200","74","270","1884","1843","0","0","0","0","0","-200000","5","-100.00","3059","0","1","0","0","","0","0","0","","",""
"080152","0001","0","200500","201000","201500","202000","202500","203000","203500","204000","204500","205000","200000","199900","199800","199700","199500","199400","199300","199200","199100","199000","64","55","2","5","14","522","213","436","36","537","206","347","286","215","211","3","33","200","74","270","1884","1845","0","0","0","0","0","-200000","5","-100.00","3059","0","2","0","0","","0","0","0","","",""
"080153","0000","0","200500","201000","201500","202000","202500","203000","203500","204000","204500","205000","200000","199900","199800","199700","199500","199400","199300","199200","199100","199000","64","55","2","5","14","522","213","436","36","537","206","347","286","215","211","3","33","200","79","270","1884","1850","0","0","0","0","0","-200000","5","-100.00","3059","0","5","0","0","","0","0","0","","",""
"080154","0000","0","200500","201000","201500","202000","202500","203000","203500","204000","204500","205000","200000","199900","199800","199700","199500","199400","199300","199200","199100","199000","64","55","2","5","14","522","213","436","36","537","205","348","286","215","211","3","33","200","79","270","1884","1850","0","0","0","0","0","-200000","5","-100.00","3059","0","-1","0","0","","0","0","0","","",""
"080155","0000","0","200500","201000","201500","202000","202500","203000","203500","204000","204500","205000","200000","199900","199800","199700","199500","199400","199300","199200","199100","199000","59","55","2","5","14","522","213","436","36","537","207","347","286","215","211","3","33","200","79","270","1879","1851","0","0","0","0","0","-200000","5","-100.00","3064","-5","1","0","0","","0","0","0","","",""
"080155","0001","0","200500","201000","201500","202000","202500","203000","203500","204000","204500","205000","200000","199900","199800","199700","199500","199400","199300","199200","199100","199000","59","55","2","5","14","522","213","436","36","537","207","348","286","215","211","3","33","200","79","270","1879","1852","0","0","0","0","0","-200000","5","-100.00","3064","0","1","0","0","","0","0","0","","",""
"080156","0000","0","200500","201000","201500","202000","202500","203000","203500","204000","204500","205000","200000","199900","199800","199700","199500","199400","199300","199200","199100","199000","59","55","2","5","14","522","213","436","36","537","207","348","286","215","211","3","33","200","79","770","1879","2352","0","0","0","0","0","-200000","5","-100.00","3064","0","500","0","0","","0","0","0","","",""
"080156","0001","0","201000","201500","202000","202500","203000","203500","204000","204500","205000","205500","200500","200000","199900","199800","199700","199500","199400","199300","199200","199100","55","2","5","14","522","213","436","36","537","53","125","207","348","286","215","211","8","33","200","79","1873","1712","0","0","0","0","0","-200000","5","-100.00","3123","-6","-640","0","0","","0","0","0","","",""
"080157","0000","0","201000","201500","202000","202500","203000","203500","204000","204500","205000","205500","200500","200000","199900","199800","199700","199500","199400","199300","199200","199100","55","2","5","14","522","213","436","36","537","53","125","207","348","286","215","211","8","33","201","79","1873","1713","0","0","0","0","0","-200000","5","-100.00","3123","0","1","0","0","","0","0","0","","",""
"080157","0001","0","201000","201500","202000","202500","203000","203500","204000","204500","205000","205500","200500","200000","199900","199800","199700","199500","199400","199300","199200","199100","55","2","5","14","522","213","436","36","537","53","125","208","348","286","215","211","8","33","201","79","1873","1714","0","0","0","0","0","-200000","5","-100.00","3123","0","1","0","0","","0","0","0","","",""
