"time","millisec","HOUR_CLS_CODE","ASKP1","ASKP2","ASKP3","ASKP4","ASKP5","ASKP6","ASKP7","ASKP8","ASKP9","ASKP10","BIDP1","BIDP2","BIDP3","BIDP4","BIDP5","BIDP6","BIDP7","BIDP8","BIDP9","BIDP10","ASKP_RSQN1","ASKP_RSQN2","ASKP_RSQN3","ASKP_RSQN4","ASKP_RSQN5","ASKP_RSQN6","ASKP_RSQN7","ASKP_RSQN8","ASKP_RSQN9","ASKP_RSQN10","BIDP_RSQN1","BIDP_RSQN2","BIDP_RSQN3","BIDP_RSQN4","BIDP_RSQN5","BIDP_RSQN6","BIDP_RSQN7","BIDP_RSQN8","BIDP_RSQN9","BIDP_RSQN10","TOTAL_ASKP_RSQN","TOTAL_BIDP_RSQN","OVTM_TOTAL_ASKP_RSQN","OVTM_TOTAL_BIDP_RSQN","ANTC_CNPR","ANTC_CNQN","ANTC_VOL","ANTC_CNTG_VRSS","ANTC_CNTG_VRSS_SIGN","ANTC_CNTG_PRDY_CTRT","ACML_VOL","TOTAL_ASKP_RSQN_ICDC","TOTAL_BIDP_RSQN_ICDC","OVTM_TOTAL_ASKP_ICDC","OVTM_TOTAL_BIDP_ICDC","STCK_DEAL_CLS_CODE","KMID_PRC","KMID_TOTAL_RSQN","KMID_CLS_CODE","NMID_PRC","NMID_TOTAL_RSQN","NMID_CLS_CODE"
"080000","0000","0","380000","390000","412000","437000","449500","454500","0","0","0","0","355500","335000","0","0","0","0","0","0","0","0","2","2","79","162","1","1","0","0","0","0","50","200","0","0","0","0","0","0","0","0","247","250","0","0","0","0","0","-369000","5","-100.00","0","0","0","0","0","","0","0","0","","",""
"080000","0001","0","375000","378500","380000","386500","390000","395000","396500","398000","399500","400000","369500","361500","360000","356000","355500","350000","335000","0","0","0","93","49","12","10","52","50","5","22","50","10","40","274","10","10","50","10","200","0","0","0","353","594","0","0","0","0","0","-369000","5","-100.00","0","106","344","0","0","","0","0","0","","",""
"080001","0000","0","372000","372500","375000","378500","379500","380000","380500","386500","389000","390000","369500","365000","364000","361500","360000","359000","356000","355500","355000","350500","3","50","93","49","300","92","120","10","1","102","40","200","10","274","10","13","10","50","6","9","820","622","0","0","0","0","0","-369000","5","-100.00","0","467","28","0","0","","0","0","0","","",""
"080001","0001","0","372000","372500","373000","375000","376000","378500","379500","380000","380500","381000","370000","369500","365500","365000","364000","363500","361500","361000","360000","359000","3","50","1","196","10805","49","300","92","120","2","2","40","10","200","10","9","274","2","110","13","11618","670","0","0","0","0","0","-369000","5","-100.00","0","10798","48","0","0","","0","0","0","","",""
"080002","0000","0","372000","372500","373000","375000","376000","378500","379000","379500","380000","380500","370000","369500","369000","366000","365500","365000","364500","364000","363500","361500","3","50","1","196","10805","49","246","301","92","122","2","40","5","10","12","200","10","10","9","274","11865","572","0","0","0","0","0","-369000","5","-100.00","0","247","-98","0","0","","0","0","0","","",""
"080002","0001","0","372000","372500","373000","373500","375000","376000","378500","379000","379500","380000","370000","369500","369000","366000","365500","365000","364500","364000","363500","361500","3","50","1","1","226","10818","49","251","301","92","2","60","5","11","12","300","10","10","9","274","11792","693","0","0","0","0","0","-369000","5","-100.00","0","-73","121","0","0","","0","0","0","","",""
"080002","0002","0","372000","372500","373000","373500","375000","376000","378500","379000","379500","380000","369500","369000","366000","365500","365000","364500","364000","363500","361500","361000","3","50","1","1","226","10818","49","251","301","92","60","5","11","12","313","10","10","9","274","2","11792","706","0","0","0","0","0","-369000","5","-100.00","0","0","13","0","0","","0","0","0","","",""
"080003","0000","0","372000","372500","373000","373500","374000","375000","376000","378500","379000","379500","369500","369000","366000","365500","365000","364500","364000","363500","361500","361000","9","50","1","1","1","226","10818","49","251","301","60","5","11","12","313","10","10","9","274","2","11707","706","0","0","0","0","0","-369000","5","-100.00","0","-85","0","0","0","","0","0","0","","",""
"080003","0001","0","372000","372500","373000","373500","374000","375000","376000","378500","379000","379500","369500","369000","366000","365500","365000","364500","364000","363500","361500","361000","9","50","1","1","2","226","10818","49","251","301","60","5","11","12","313","10","10","9","274","2","11708","706","0","0","0","0","0","-369000","5","-100.00","0","1","0","0","0","","0","0","0","","",""
"080004","0000","0","372000","372500","373000","373500","374000","375000","376000","378500","379000","379500","369500","369000","367000","366000","365500","365000","364500","364000","363500","361500","6","50","1","1","2","226","10818","49","251","301","60","5","1","11","12","313","10","10","9","274","11705","705","0","0","0","0","0","-369000","5","-100.00","3","-3","-1","0","0","","0","0","0","","",""
"080004","0001","0","371000","372000","372500","373000","373500","374000","375000","376000","378500","379000","369500","369000","367000","366000","365500","365000","364500","364000","363500","361500","9","6","50","1","1","2","226","10818","49","251","60","15","1","11","12","313","10","10","9","274","11413","715","0","0","0","0","0","-369000","5","-100.00","3","-292","10","0","0","","0","0","0","","",""
"080005","0000","0","371000","372000","372500","373000","373500","374000","375000","376000","378500","379000","369500","369000","367000","366000","365500","365000","364500","364000","363500","361500","9","6","50","1","1","2","226","10818","49","251","5","15","1","11","12","313","10","10","9","274","11413","660","0","0","0","0","0","-369000","5","-100.00","58","0","-55","0","0","","0","0","0","","",""
"080005","0001","0","371000","372000","372500","373000","373500","374000","375000","376000","378500","379000","369500","369000","367000","366000","365500","365000","364500","364000","363500","361500","9","6","50","1","1","2","226","10818","49","251","65","15","1","11","12","313","10","10","9","274","11413","720","0","0","0","0","0","-369000","5","-100.00","58","0","60","0","0","","0","0","0","","",""
"080005","0002","0","371000","372000","372500","373000","373500","374000","375000","376000","378500","379000","369500","369000","367000","366000","365500","365000","364500","364000","363500","361500","9","6","50","1","2","2","227","10818","49","251","65","15","1","11","12","313","10","10","9","274","11415","720","0","0","0","0","0","-369000","5","-100.00","58","2","0","0","0","","0","0","0","","",""
"080006","0000","0","371000","372000","372500","373000","373500","374000","375000","376000","378500","379000","369500","369000","367000","366000","365500","365000","364500","364000","363500","361500","9","6","50","1","2","2","227","10818","49","251","75","15","1","11","12","313","10","10","9","274","11415","730","0","0","0","0","0","-369000","5","-100.00","58","0","10","0","0","","0","0","0","","",""
"080006","0001","0","371000","372000","372500","373000","373500","374000","375000","376000","378500","379000","369500","369000","367000","366000","365500","365000","364500","364000","363500","361500","9","6","50","1","2","2","227","10818","49","252","75","15","1","11","12","314","10","10","9","274","11416","731","0","0","0","0","0","-369000","5","-100.00","58","1","1","0","0","","0","0","0","","",""
"080006","0002","0","371000","372000","372500","373000","373500","374000","375000","376000","378500","379000","369500","369000","367000","366000","365500","365000","364500","364000","363500","361500","9","6","50","1","2","3","227","10818","49","252","75","15","1","11","12","314","10","11","9","274","11417","732","0","0","0","0","0","-369000","5","-100.00","58","1","1","0","0","","0","0","0","","",""
"080007","0000","0","371000","372000","372500","373000","373500","374000","374500","375000","376000","378500","369500","369000","367000","366000","365500","365000","364500","364000","363500","361500","9","6","50","1","2","3","2","227","10818","49","75","15","1","11","12","314","10","11","9","274","11167","732","0","0","0","0","0","-369000","5","-100.00","58","-250","0","0","0","","0","0","0","","",""
"080007","0001","0","371000","372000","372500","373000","373500","374000","374500","375000","376000","378500","369500","369000","367000","366000","365500","365000","364500","364000","363500","361500","9","6","50","1","2","3","2","227","10818","49","75","16","1","11","12","314","10","11","9","274","11167","733","0","0","0","0","0","-369000","5","-100.00","58","0","1","0","0","","0","0","0","","",""
"080007","0002","0","371000","372000","372500","373000","373500","374000","374500","375000","376000","378500","369500","369000","367000","366000","365500","365000","364500","364000","363500","361500","9","6","50","1","2","3","2","302","10818","49","75","16","1","11","12","314","10","11","9","274","11242","733","0","0","0","0","0","-369000","5","-100.00","58","75","0","0","0","","0","0","0","","",""
"080007","0003","0","371000","372000","372500","373000","373500","374000","374500","375000","376000","378500","369500","369000","367000","366000","365500","365000","364500","364000","363500","361500","9","6","50","1","2","3","2","302","10818","49","76","16","1","11","12","314","10","11","9","274","11242","734","0","0","0","0","0","-369000","5","-100.00","58","0","1","0","0","","0","0","0","","",""
"080007","0004","0","371000","372000","372500","373000","373500","374000","374500","375000","376000","378500","369500","369000","367000","366000","365500","365000","364500","364000","363500","361500","9","6","50","1","2","3","2","302","10819","49","76","16","1","11","12","314","10","11","9","274","11243","734","0","0","0","0","0","-369000","5","-100.00","58","1","0","0","0","","0","0","0","","",""
"080008","0000","0","370000","371000","372000","372500","373000","373500","374000","374500","375000","376000","369500","369000","367000","366000","365500","365000","364500","364000","363500","361500","84","9","6","50","1","2","3","2","303","10819","76","26","1","11","12","314","10","11","9","274","11279","744","0","0","0","0","0","-369000","5","-100.00","58","36","10","0","0","","0","0","0","","",""
"080009","0000","0","370000","371000","372000","372500","373000","373500","374000","374500","375000","376000","369500","369000","367000","366000","365500","365000","364500","364000","363500","361500","84","9","6","50","1","2","3","3","303","10819","76","26","1","11","12","316","10","11","9","274","11280","746","0","0","0","0","0","-369000","5","-100.00","58","1","2","0","0","","0","0","0","","",""
"080009","0001","0","370000","371000","372000","372500","373000","373500","374000","374500","375000","376000","369500","369000","367000","366000","365500","365000","364500","364000","363500","361500","84","9","6","50","1","2","3","3","303","10819","77","26","1","11","12","316","10","11","9","274","11280","747","0","0","0","0","0","-369000","5","-100.00","58","0","1","0","0","","0","0","0","","",""
"080010","0000","0","370000","371000","372000","372500","373000","373500","374000","374500","375000","376000","369500","369000","367000","366000","365500","365000","364500","364000","363500","361500","84","9","6","50","1","2","3","3","303","10819","77","36","1","11","12","316","10","11","9","274","11280","757","0","0","0","0","0","-369000","5","-100.00","58","0","10","0","0","","0","0","0","","",""
"080010","0001","0","370000","371000","372000","372500","373000","373500","374000","374500","375000","376000","369500","369000","367000","366000","365500","365000","364500","364000","363500","361500","67","10","6","50","1","1","3","3","303","10819","77","36","1","11","12","316","10","11","9","274","11263","757","0","0","0","0","0","-369000","5","-100.00","75","-17","0","0","0","","0","0","0","","",""
"080010","0002","0","370000","371000","372000","372500","373000","373500","374000","374500","375000","376000","369500","369000","367000","366000","365500","365000","364500","364000","363500","361500","67","10","6","50","1","1","3","3","303","10819","77","36","1","11","12","346","10","11","9","274","11263","787","0","0","0","0","0","-369000","5","-100.00","75","0","30","0","0","","0","0","0","","",""
"080011","0000","0","370000","371000","372000","372500","373000","373500","374000","374500","375000","376000","369500","369000","367000","366000","365500","365000","364500","364000","363500","361500","67","10","6","50","1","1","3","3","303","10819","77","36","1","11","12","346","10","11","9","276","11263","789","0","0","0","0","0","-369000","5","-100.00","75","0","2","0","0","","0","0","0","","",""
"080011","0001","0","370000","371000","372000","372500","373000","373500","374000","374500","375000","376000","369500","369000","367000","366000","365500","365000","364500","364000","363500","361500","67","10","6","50","1","1","3","105","303","10819","77","36","1","11","12","346","10","11","9","276","11365","789","0","0","0","0","0","-369000","5","-100.00","75","102","0","0","0","","0","0","0","","",""
"080011","0002","0","370000","371000","372000","372500","373000","373500","374000","374500","375000","376000","369500","369000","367000","366000","365500","365000","364500","364000","363500","361500","67","10","6","50","1","1","3","105","303","10819","69","36","1","11","12","346","10","11","9","276","11365","781","0","0","0","0","0","-369000","5","-100.00","83","0","-8","0","0","","0","0","0","","",""
"080011","0003","0","370000","371000","372000","372500","373000","373500","374000","374500","375000","376000","369500","369000","367000","366000","365500","365000","364500","364000","363500","362000","67","16","6","50","1","1","3","105","303","10819","69","36","1","17","12","346","10","11","9","2","11371","513","0","0","0","0","0","-369000","5","-100.00","83","6","-268","0","0","","0","0","0","","",""
"080012","0000","0","370000","371000","372000","372500","373000","373500","374000","374500","375000","376000","369500","369000","367000","366000","365500","365000","364500","364000","363500","362000","67","16","6","50","1","1","3","105","303","10819","69","37","1","17","12","346","10","11","9","2","11371","514","0","0","0","0","0","-369000","5","-100.00","83","0","1","0","0","","0","0","0","","",""
"080012","0001","0","370000","371000","372000","372500","373000","373500","374000","374500","375000","376000","369500","369000","367000","366000","365500","365000","364500","364000","363500","362000","67","16","6","50","1","1","3","105","303","10819","69","37","1","17","12","347","10","11","9","2","11371","515","0","0","0","0","0","-369000","5","-100.00","83","0","1","0","0","","0","0","0","","",""
"080012","0002","0","370000","371000","372000","372500","373000","373500","374000","374500","375000","376000","369500","369000","367000","366000","365500","365000","364500","364000","363500","362000","67","16","36","50","1","1","3","105","303","10819","69","37","1","17","12","347","10","11","9","2","11401","515","0","0","0","0","0","-369000","5","-100.00","83","30","0","0","0","","0","0","0","","",""
"080013","0000","0","370000","371000","372000","372500","373000","373500","374000","374500","375000","376000","369500","369000","367000","366000","365500","365000","364500","364000","363500","362500","67","16","36","50","1","1","3","105","303","10819","69","37","1","17","12","347","10","11","9","1","11401","514","0","0","0","0","0","-369000","5","-100.00","83","0","-1","0","0","","0","0","0","","",""
"080013","0001","0","370000","371000","372000","372500","373000","373500","374000","374500","375000","376000","369500","369000","367000","366000","365500","365000","364500","364000","363500","362500","66","16","36","50","1","1","3","105","303","10819","69","37","1","17","12","347","10","11","9","1","11400","514","0","0","0","0","0","-369000","5","-100.00","84","-1","0","0","0","","0","0","0","","",""
"080013","0002","0","370000","371000","372000","372500","373000","373500","374000","374500","375000","376000","369500","369000","367000","366000","365500","365000","364500","364000","363500","362500","56","16","36","50","1","1","3","105","306","10819","71","37","1","17","12","347","10","11","9","1","11393","516","0","0","0","0","0","-369000","5","-100.00","94","-7","2","0","0","","0","0","0","","",""
"080014","0000","0","370000","371000","372000","372500","373000","373500","374000","374500","375000","376000","369500","369000","367000","366000","365500","365000","364500","364000","363500","362500","56","16","36","50","1","1","3","105","306","10819","65","37","1","17","12","347","10","11","9","1","11393","510","0","0","0","0","0","-369000","5","-100.00","100","0","-6","0","0","","0","0","0","","",""
"080014","0001","0","370000","371000","372000","372500","373000","373500","374000","374500","375000","376000","369500","369000","367000","366000","365500","365000","364500","364000","363500","362500","56","16","36","50","1","1","3","105","306","10819","70","37","1","17","12","347","10","11","9","1","11393","515","0","0","0","0","0","-369000","5","-100.00","100","0","5","0","0","","0","0","0","","",""
"080014","0002","0","370000","371000","372000","372500","373000","373500","374000","374500","375000","376000","369500","369000","367000","366000","365500","365000","364500","364000","363500","362500","55","16","36","50","1","1","3","105","306","10819","80","37","1","17","12","347","10","11","9","1","11392","525","0","0","0","0","0","-369000","5","-100.00","101","-1","10","0","0","","0","0","0","","",""
"080015","0000","0","371000","372000","372500","373000","373500","374000","374500","375000","376000","376500","370000","369500","369000","367000","366000","365500","365000","364500","364000","363500","16","36","50","1","1","3","105","306","10820","1","45","80","38","1","17","12","347","10","11","9","11339","570","0","0","0","0","0","-369000","5","-100.00","156","-53","44","0","0","","0","0","0","","",""
"080015","0001","0","371000","372000","372500","373000","373500","374000","374500","375000","376000","376500","370000","369500","369000","367000","366000","365500","365000","364500","364000","363500","16","36","50","1","1","3","105","306","10820","1","45","80","48","1","17","12","347","10","11","9","11339","580","0","0","0","0","0","-369000","5","-100.00","156","0","10","0","0","","0","0","0","","",""
"080015","0002","0","371000","372000","372500","373000","373500","374000","374500","375000","376000","376500","370000","369500","369000","368000","367000","366000","365500","365000","364500","364000","16","36","50","1","1","3","105","306","10820","1","45","130","48","1","1","17","12","347","10","12","11339","623","0","0","0","0","0","-369000","5","-100.00","156","0","42","0","0","","0","0","0","","",""
"080016","0000","0","371000","372000","372500","373000","373500","374000","374500","375000","376000","376500","370000","369500","369000","368000","367000","366000","365500","365000","364500","364000","16","37","50","1","1","3","105","306","10820","1","45","140","48","1","1","17","12","347","10","12","11340","633","0","0","0","0","0","-369000","5","-100.00","156","1","10","0","0","","0","0","0","","",""
"080016","0001","0","371000","372000","372500","373000","373500","374000","374500","375000","376000","376500","370000","369500","369000","368000","367000","366000","365500","365000","364500","364000","15","37","50","1","1","3","105","306","10820","1","45","140","49","1","1","17","12","347","10","12","11339","634","0","0","0","0","0","-369000","5","-100.00","157","-1","1","0","0","","0","0","0","","",""
"080016","0002","0","371000","372000","372500","373000","373500","374000","374500","375000","376000","376500","370000","369500","369000","368000","367000","366000","365500","365000","364500","364000","15","37","50","1","1","3","105","306","10820","1","46","139","49","1","1","17","12","347","10","12","11339","634","0","0","0","0","0","-369000","5","-100.00","157","0","0","0","0","","0","0","0","","",""
"080016","0003","0","371000","372000","372500","373000","373500","374000","374500","375000","376000","376500","370000","369500","369000","368000","367000","366000","365500","365000","364500","364000","15","37","50","1","1","3","105","306","10820","1","56","139","49","1","1","17","12","347","10","12","11339","644","0","0","0","0","0","-369000","5","-100.00","157","0","10","0","0","","0","0","0","","",""
"080016","0004","0","371000","372000","372500","373000","373500","374000","374500","375000","376000","376500","370000","369500","369000","368000","367000","366000","365500","365000","364500","364000","15","37","50","1","1","3","105","306","10820","1","56","139","49","1","1","17","12","348","10","12","11339","645","0","0","0","0","0","-369000","5","-100.00","157","0","1","0","0","","0","0","0","","",""
"080017","0000","0","371000","372000","372500","373000","373500","374000","374500","375000","376000","376500","370000","369500","369000","368000","367000","366000","365500","365000","364500","364000","15","37","50","1","1","3","105","306","10820","1","56","129","49","1","1","17","12","348","10","12","11339","635","0","0","0","0","0","-369000","5","-100.00","157","0","-10","0","0","","0","0","0","","",""
"080017","0001","0","371000","372000","372500","373000","373500","374000","374500","375000","376000","376500","370000","369500","369000","368000","367000","366000","365500","365000","364500","364000","15","37","50","1","1","3","105","306","10820","1","66","129","49","1","1","17","12","348","10","12","11339","645","0","0","0","0","0","-369000","5","-100.00","157","0","10","0","0","","0","0","0","","",""
"080017","0002","0","371000","372000","372500","373000","373500","374000","374500","375000","376000","376500","370000","369500","369000","368000","367000","366000","365500","365000","364500","364000","15","37","50","1","1","3","105","306","10820","1","196","129","49","1","1","17","12","348","10","12","11339","775","0","0","0","0","0","-369000","5","-100.00","157","0","130","0","0","","0","0","0","","",""
"080017","0003","0","371000","372000","372500","373000","373500","374000","374500","375000","376000","376500","370000","369500","369000","368000","367000","366000","365500","365000","364500","364000","14","37","50","1","1","3","105","306","10820","1","196","129","49","1","1","17","12","348","10","12","11338","775","0","0","0","0","0","-369000","5","-100.00","158","-1","0","0","0","","0","0","0","","",""
"080018","0000","0","371000","372000","372500","373000","373500","374000","374500","375000","376000","376500","370000","369500","369000","368000","367000","366000","365500","365000","364500","364000","13","37","50","4","1","3","105","306","10820","1","196","129","49","1","1","17","12","348","10","12","11340","775","0","0","0","0","0","-369000","5","-100.00","159","2","0","0","0","","0","0","0","","",""
"080018","0001","0","371000","372000","372500","373000","373500","374000","374500","375000","376000","376500","370000","369500","369000","368000","367000","366000","365500","365000","364500","364000","13","37","50","4","1","12","105","306","10820","1","196","129","49","1","1","17","12","348","10","12","11349","775","0","0","0","0","0","-369000","5","-100.00","159","9","0","0","0","","0","0","0","","",""
"080018","0002","0","371000","372000","372500","373000","373500","374000","374500","375000","376000","376500","370000","369500","369000","368000","367000","366000","365500","365000","364500","364000","13","37","50","4","1","12","105","306","10821","1","196","129","54","1","1","17","12","348","10","12","11350","780","0","0","0","0","0","-369000","5","-100.00","159","1","5","0","0","","0","0","0","","",""
"080019","0000","0","371000","372000","372500","373000","373500","374000","374500","375000","376000","376500","370000","369500","369000","368000","367000","366000","365500","365000","364500","364000","13","37","50","4","1","17","105","306","10826","1","196","134","54","1","1","17","12","348","10","62","11360","835","0","0","0","0","0","-369000","5","-100.00","159","10","55","0","0","","0","0","0","","",""
"080019","0001","0","370500","371000","372000","372500","373000","373500","374000","374500","375000","376000","370000","369500","369000","368000","367000","366000","365500","365000","364500","364000","8","13","37","50","4","1","17","105","309","10826","196","134","54","1","1","17","12","348","10","62","11370","835","0","0","0","0","0","-369000","5","-100.00","159","7","0","0","0","","0","0","0","","",""
"080019","0002","0","372000","372500","373000","373500","374000","374500","375000","376000","376500","377000","370000","369500","369000","368000","367000","366000","365500","365000","364500","364000","37","50","4","1","17","105","309","10826","1","1","196","144","54","1","1","17","12","348","10","62","11351","845","0","0","0","0","0","-369000","5","-100.00","180","-19","10","0","0","","0","0","0","","",""
"080020","0000","0","372000","372500","373000","373500","374000","374500","375000","376000","376500","377000","371000","370000","369500","369000","368000","367000","366000","365500","365000","364500","37","50","4","1","17","105","309","10826","1","1","1","196","144","54","1","1","17","12","348","10","11351","784","0","0","0","0","0","-369000","5","-100.00","180","0","-61","0","0","","0","0","0","","",""
"080020","0001","0","372000","372500","373000","373500","374000","374500","375000","376000","376500","377000","370000","369500","369000","368000","367000","366000","365500","365000","364500","364000","37","50","4","1","17","105","309","10826","1","1","196","144","54","1","1","17","12","348","10","92","11351","875","0","0","0","0","0","-369000","5","-100.00","182","0","91","0","0","","0","0","0","","",""
"080020","0002","0","372000","372500","373000","373500","374000","374500","375000","376000","376500","377000","370000","369500","369000","368000","367000","366000","365500","365000","364500","364000","37","50","4","1","17","105","309","10826","1","1","196","147","54","1","1","17","12","348","10","92","11351","878","0","0","0","0","0","-369000","5","-100.00","182","0","3","0","0","","0","0","0","","",""
"080021","0000","0","372000","372500","373000","373500","374000","374500","375000","376000","376500","377000","370000","369500","369000","368000","367000","366000","365500","365000","364500","364000","37","50","4","1","17","105","309","10826","1","1","196","147","64","1","1","17","12","348","10","92","11351","888","0","0","0","0","0","-369000","5","-100.00","182","0","10","0","0","","0","0","0","","",""
"080021","0001","0","372000","372500","373000","373500","374000","374500","375000","376000","376500","377000","370500","370000","369500","369000","368000","367000","366000","365500","365000","364500","37","50","4","1","17","105","309","10826","1","1","10","196","147","64","1","1","17","12","348","10","11351","806","0","0","0","0","0","-369000","5","-100.00","182","0","0","0","0","","0","0","0","","",""
"080021","0002","0","372000","372500","373000","373500","374000","374500","375000","376000","376500","377000","371000","370500","370000","369500","369000","368000","367000","366000","365500","365000","37","50","4","1","17","105","309","10826","1","1","5","10","196","147","64","1","1","17","12","348","11351","801","0","0","0","0","0","-369000","5","-100.00","182","0","-5","0","0","","0","0","0","","",""
"080021","0003","0","372000","372500","373000","373500","374000","374500","375000","376000","376500","377000","371000","370500","370000","369500","369000","368000","367000","366000","365500","365000","37","50","4","1","17","105","309","10826","1","1","10","10","196","152","64","1","1","17","12","348","11351","811","0","0","0","0","0","-369000","5","-100.00","182","0","0","0","0","","0","0","0","","",""
"080022","0000","0","372000","372500","373000","373500","374000","374500","375000","376000","376500","377000","371000","370500","370000","369500","369000","368000","367000","366000","365500","365000","37","50","4","1","17","105","309","10826","1","1","10","10","197","152","64","1","1","17","12","348","11351","812","0","0","0","0","0","-369000","5","-100.00","182","0","1","0","0","","0","0","0","","",""
"080022","0001","0","372000","372500","373000","373500","374000","374500","375000","376000","376500","377000","371000","370500","370000","369500","369000","368000","367000","366500","366000","365500","37","82","4","1","17","105","309","10826","1","1","10","10","197","152","64","1","1","1","17","12","11383","465","0","0","0","0","0","-369000","5","-100.00","182","32","-347","0","0","","0","0","0","","",""
"080022","0002","0","372000","372500","373000","373500","374000","374500","375000","376000","376500","377000","371000","370500","370000","369500","369000","368000","367000","366500","366000","365500","35","82","4","1","17","105","309","10826","1","1","10","10","197","150","64","1","1","1","17","12","11381","463","0","0","0","0","0","-369000","5","-100.00","184","-2","-2","0","0","","0","0","0","","",""
"080022","0003","0","370500","372000","372500","373000","373500","374000","374500","375000","375500","376000","370000","369500","369000","368000","367000","366500","366000","365500","365000","364500","61","35","82","4","1","17","105","309","10","10826","197","150","64","1","1","1","17","12","335","10","11450","788","0","0","0","0","0","-369000","5","-100.00","204","69","325","0","0","","0","0","0","","",""
"080022","0004","0","370500","372000","372500","373000","373500","374000","374500","375000","375500","376000","370000","369500","369000","368000","367000","366500","366000","365500","365000","364500","51","35","82","4","1","17","105","309","10","10826","197","150","64","1","1","1","17","12","335","10","11440","788","0","0","0","0","0","-369000","5","-100.00","214","-10","0","0","0","","0","0","0","","",""
"080023","0000","0","370500","372000","372500","373000","373500","374000","374500","375000","375500","376000","370000","369500","369000","368000","367000","366500","366000","365500","365000","364500","45","35","82","4","1","17","105","309","10","10826","197","150","64","1","1","1","17","12","335","10","11434","788","0","0","0","0","0","-369000","5","-100.00","220","-6","0","0","0","","0","0","0","","",""
"080023","0001","0","370500","372000","372500","373000","373500","374000","374500","375000","375500","376000","370000","369500","369000","368000","367000","366500","366000","365500","365000","364500","45","35","82","4","1","17","105","226","10","10826","197","150","64","1","1","1","22","12","340","10","11351","798","0","0","0","0","0","-369000","5","-100.00","220","-83","10","0","0","","0","0","0","","",""
"080023","0002","0","370500","372000","372500","373000","373500","374000","374500","375000","375500","376000","370000","369500","369000","368000","367000","366500","366000","365500","365000","364500","44","35","82","4","1","17","105","226","10","10826","197","150","64","1","1","1","22","12","342","10","11350","800","0","0","0","0","0","-369000","5","-100.00","221","-1","2","0","0","","0","0","0","","",""
"080024","0000","0","370500","372000","372500","373000","373500","374000","374500","375000","375500","376000","370000","369500","369000","368000","367000","366500","366000","365500","365000","364500","34","35","82","4","1","17","105","226","10","10826","197","150","64","1","1","1","22","12","342","10","11340","800","0","0","0","0","0","-369000","5","-100.00","231","-10","0","0","0","","0","0","0","","",""
"080024","0001","0","370500","372000","372500","373000","373500","374000","374500","375000","375500","376000","370000","369500","369000","368000","367000","366500","366000","365500","365000","364500","24","35","82","4","1","17","105","226","10","10826","197","150","64","1","1","1","22","12","342","10","11330","800","0","0","0","0","0","-369000","5","-100.00","241","-10","0","0","0","","0","0","0","","",""
"080024","0002","0","372000","372500","373000","373500","374000","374500","375000","375500","376000","376500","370000","369500","369000","368000","367000","366500","366000","365500","365000","364500","35","82","4","1","17","105","226","10","10826","1","197","150","64","1","1","1","22","12","342","10","11307","800","0","0","0","0","0","-369000","5","-100.00","265","-23","0","0","0","","0","0","0","","",""
"080024","0003","0","371000","372000","372500","373000","373500","374000","374500","375000","375500","376000","370000","369500","369000","368000","367000","366500","366000","365500","365000","364500","15","35","82","4","1","17","106","226","10","10826","197","150","64","1","1","1","22","12","342","10","11322","800","0","0","0","0","0","-369000","5","-100.00","270","15","0","0","0","","0","0","0","","",""
"080025","0000","0","371000","371500","372000","372500","373000","373500","374000","374500","375000","375500","370000","369500","369000","368000","367000","366500","366000","365500","365000","364500","15","1","35","82","4","1","17","106","226","10","197","150","64","1","1","1","22","12","342","10","497","800","0","0","0","0","0","-369000","5","-100.00","270","-10825","0","0","0","","0","0","0","","",""
"080025","0001","0","371000","371500","372000","372500","373000","373500","374000","374500","375000","375500","370500","370000","369500","369000","368000","367000","366500","366000","365500","365000","15","1","35","82","4","2","17","106","226","10","10","197","150","64","1","1","1","22","12","347","498","805","0","0","0","0","0","-369000","5","-100.00","270","1","5","0","0","","0","0","0","","",""
"080025","0002","0","371000","371500","372000","372500","373000","373500","374000","374500","375000","375500","370500","370000","369500","369000","368000","367000","366500","366000","365500","365000","15","1","35","82","4","2","17","106","226","10","10","197","151","64","1","1","1","22","12","347","498","806","0","0","0","0","0","-369000","5","-100.00","270","0","1","0","0","","0","0","0","","",""
"080026","0000","0","371000","371500","372000","372500","373000","373500","374000","374500","375000","375500","370500","370000","369500","369000","368000","367000","366500","366000","365500","365000","15","1","35","82","4","2","17","106","226","10","10","200","151","64","1","1","1","22","12","347","498","809","0","0","0","0","0","-369000","5","-100.00","270","0","3","0","0","","0","0","0","","",""
"080026","0001","0","371000","371500","372000","372500","373000","373500","374000","374500","375000","375500","370500","370000","369500","369000","368000","367000","366500","366000","365500","365000","5","1","35","82","4","2","17","106","226","10","20","200","151","64","1","1","1","22","12","347","488","819","0","0","0","0","0","-369000","5","-100.00","280","-10","10","0","0","","0","0","0","","",""
"080026","0002","0","371000","371500","372000","372500","373000","373500","374000","374500","375000","375500","370500","370000","369500","369000","368000","367000","366500","366000","365500","365000","5","11","35","82","4","2","17","106","226","10","20","200","151","64","1","1","1","22","12","347","498","819","0","0","0","0","0","-369000","5","-100.00","280","10","0","0","0","","0","0","0","","",""
"080027","0000","0","371000","371500","372000","372500","373000","373500","374000","374500","375000","375500","370500","370000","369500","369000","368000","367500","367000","366500","366000","365500","5","11","35","82","4","2","17","106","226","10","20","200","151","64","1","1","1","1","23","12","498","474","0","0","0","0","0","-369000","5","-100.00","280","0","-345","0","0","","0","0","0","","",""
"080027","0001","0","371000","371500","372000","372500","373000","373500","374000","374500","375000","375500","370500","370000","369500","369000","368000","367500","367000","366500","366000","365500","5","11","35","82","4","2","17","106","226","10","30","200","151","64","1","1","1","1","23","12","498","484","0","0","0","0","0","-369000","5","-100.00","280","0","10","0","0","","0","0","0","","",""
"080027","0002","0","371000","371500","372000","372500","373000","373500","374000","374500","375000","375500","370500","370000","369500","369000","368000","367500","367000","366500","366000","365500","1","12","35","82","4","2","18","106","226","10","41","200","151","63","1","1","1","1","23","12","496","494","0","0","0","0","0","-369000","5","-100.00","284","-2","10","0","0","","0","0","0","","",""
"080027","0003","0","371500","372000","372500","373000","373500","374000","374500","375000","375500","376000","371000","370500","370000","369500","369000","368500","368000","367500","367000","366500","12","64","82","4","2","18","106","226","10","10826","49","47","208","151","63","10","1","1","1","1","11350","532","0","0","0","0","0","-369000","5","-100.00","285","10854","35","0","0","","0","0","0","","",""
"080028","0000","0","371500","372000","372500","373000","373500","374000","374500","375000","375500","376000","371000","370500","370000","369500","369000","368500","368000","367500","367000","366500","12","64","82","4","2","18","106","226","10","10826","49","47","208","151","63","10","1","1","1","1","11350","532","0","0","0","0","0","-369000","5","-100.00","285","0","0","0","0","","0","0","0","","",""
"080028","0001","0","371500","372000","372500","373000","373500","374000","374500","375000","375500","376000","371000","370500","370000","369500","369000","368500","368000","367500","367000","366500","2","64","82","4","2","18","106","226","10","10826","49","47","218","151","63","10","1","1","1","1","11340","542","0","0","0","0","0","-369000","5","-100.00","295","-10","10","0","0","","0","0","0","","",""
"080028","0002","0","371500","372000","372500","373000","373500","374000","374500","375000","375500","376000","371000","370500","370000","369500","369000","368500","368000","367500","367000","366500","2","84","82","4","2","18","106","226","10","10826","49","47","218","151","63","10","1","1","1","1","11360","542","0","0","0","0","0","-369000","5","-100.00","295","20","0","0","0","","0","0","0","","",""
"080028","0003","0","371500","372000","372500","373000","373500","374000","374500","375000","375500","376000","371000","370500","370000","369500","369000","368500","368000","367500","367000","366500","2","84","82","4","2","18","106","226","10","10826","49","47","218","151","73","10","1","1","1","1","11360","552","0","0","0","0","0","-369000","5","-100.00","295","0","10","0","0","","0","0","0","","",""
"080029","0000","0","371500","372000","372500","373000","373500","374000","374500","375000","375500","376000","371000","370500","370000","369500","369000","368500","368000","367500","367000","366500","2","84","82","4","2","18","106","233","10","10826","49","47","219","151","73","10","1","1","1","1","11367","553","0","0","0","0","0","-369000","5","-100.00","295","0","1","0","0","","0","0","0","","",""
"080029","0001","0","371500","372000","372500","373000","373500","374000","374500","375000","375500","376000","371000","370500","370000","369500","369000","368500","368000","367500","367000","366500","2","84","83","4","2","18","106","233","10","10826","158","47","219","151","73","10","1","1","1","1","11368","662","0","0","0","0","0","-369000","5","-100.00","295","1","109","0","0","","0","0","0","","",""
"080030","0000","0","371500","372000","372500","373000","373500","374000","374500","375000","375500","376000","371000","370500","370000","369500","369000","368500","368000","367500","367000","366500","2","84","83","4","2","18","106","233","10","10826","158","47","219","161","73","10","1","1","1","1","11368","672","0","0","0","0","0","-369000","5","-100.00","295","0","10","0","0","","0","0","0","","",""
"080030","0001","0","371500","372000","372500","373000","373500","374000","374500","375000","375500","376000","371000","370500","370000","369500","369000","368500","368000","367500","367000","366500","2","84","83","4","2","18","106","233","10","10826","158","47","219","161","73","10","2","1","1","1","11368","673","0","0","0","0","0","-369000","5","-100.00","295","0","1","0","0","","0","0","0","","",""
"080030","0002","0","371500","372000","372500","373000","373500","374000","374500","375000","375500","376000","371000","370500","370000","369500","369000","368500","368000","367500","367000","366500","2","84","83","4","2","18","134","248","10","10826","158","47","219","161","83","10","2","1","1","1","11411","683","0","0","0","0","0","-369000","5","-100.00","295","15","10","0","0","","0","0","0","","",""
"080031","0000","0","371500","372000","372500","373000","373500","374000","374500","375000","375500","376000","371000","370500","370000","369500","369000","368500","368000","367500","367000","366500","2","84","83","5","2","18","134","248","10","10826","158","47","219","161","83","10","2","1","1","1","11412","683","0","0","0","0","0","-369000","5","-100.00","295","1","0","0","0","","0","0","0","","",""
"080031","0001","0","371500","372000","372500","373000","373500","374000","374500","375000","375500","376000","371000","370500","370000","369500","369000","368500","368000","367500","367000","366500","2","84","83","5","2","18","134","248","10","10826","159","47","219","161","83","10","2","1","1","1","11412","684","0","0","0","0","0","-369000","5","-100.00","295","0","1","0","0","","0","0","0","","",""
"080031","0002","0","371500","372000","372500","373000","373500","374000","374500","375000","375500","376000","371000","370500","370000","369500","369000","368500","368000","367500","367000","366500","2","84","83","5","2","18","134","248","10","10826","159","221","229","161","283","10","2","1","1","1","11412","1068","0","0","0","0","0","-369000","5","-100.00","295","0","174","0","0","","0","0","0","","",""
"080031","0003","0","371500","372000","372500","373000","373500","374000","374500","375000","375500","376000","371000","370500","370000","369500","369000","368500","368000","367500","367000","366500","3","84","83","5","2","18","134","248","10","10826","160","221","229","161","283","10","2","1","1","1","11413","1069","0","0","0","0","0","-369000","5","-100.00","295","1","1","0","0","","0","0","0","","",""
"080032","0000","0","371500","372000","372500","373000","373500","374000","374500","375000","375500","376000","371000","370500","370000","369500","369000","368500","368000","367500","367000","366500","3","84","103","5","2","18","134","248","10","10826","160","221","229","163","283","10","2","1","1","1","11433","1071","0","0","0","0","0","-369000","5","-100.00","295","20","2","0","0","","0","0","0","","",""
"080032","0001","0","372000","372500","373000","373500","374000","374500","375000","375500","376000","376500","371500","371000","370500","370000","369500","369000","368500","368000","367500","367000","84","103","5","3","23","134","248","10","10826","2","7","170","221","229","163","283","10","2","1","1","11438","1087","0","0","0","0","0","-369000","5","-100.00","298","6","0","0","0","","0","0","0","","",""
"080032","0002","0","372000","372500","373000","373500","374000","374500","375000","375500","376000","376500","371500","371000","370500","370000","369500","369000","368500","368000","367500","367000","84","103","5","3","23","134","248","10","10826","2","8","170","221","229","163","283","10","2","1","1","11438","1088","0","0","0","0","0","-369000","5","-100.00","298","0","1","0","0","","0","0","0","","",""
"080033","0000","0","372000","372500","373000","373500","374000","374500","375000","375500","376000","376500","371500","371000","370500","370000","369500","369000","368500","368000","367500","367000","94","103","5","3","23","134","253","10","10826","2","8","170","221","229","163","283","10","2","1","1","11453","1088","0","0","0","0","0","-369000","5","-100.00","298","15","0","0","0","","0","0","0","","",""
"080033","0001","0","372000","372500","373000","373500","374000","374500","375000","375500","376000","376500","371500","371000","370500","370000","369500","369000","368500","368000","367500","367000","94","103","5","3","24","134","253","10","10826","2","8","180","221","229","163","283","10","2","1","1","11454","1098","0","0","0","0","0","-369000","5","-100.00","298","1","10","0","0","","0","0","0","","",""
"080033","0002","0","372000","372500","373000","373500","374000","374500","375000","375500","376000","376500","371500","371000","370500","370000","369500","369000","368500","368000","367500","367000","94","103","10","3","24","134","253","10","10826","2","8","180","221","229","163","283","10","2","1","1","11459","1098","0","0","0","0","0","-369000","5","-100.00","298","5","0","0","0","","0","0","0","","",""
"080034","0000","0","372000","372500","373000","373500","374000","374500","375000","375500","376000","376500","371500","371000","370500","370000","369500","369000","368500","368000","367500","367000","94","103","10","3","24","134","253","10","10826","2","8","183","221","229","163","283","10","2","1","1","11459","1101","0","0","0","0","0","-369000","5","-100.00","298","0","3","0","0","","0","0","0","","",""
"080034","0001","0","372000","372500","373000","373500","374000","374500","375000","375500","376000","376500","371500","371000","370500","370000","369500","369000","368500","368000","367500","367000","94","103","10","3","24","134","253","10","10826","2","8","183","221","229","163","283","11","2","1","1","11459","1102","0","0","0","0","0","-369000","5","-100.00","298","0","1","0","0","","0","0","0","","",""
"080034","0002","0","372000","372500","373000","373500","374000","374500","375000","375500","376000","376500","371500","371000","370500","370000","369500","369000","368500","368000","367500","367000","94","103","30","3","24","134","253","10","10826","2","8","183","235","229","163","293","11","2","1","1","11479","1126","0","0","0","0","0","-369000","5","-100.00","298","20","24","0","0","","0","0","0","","",""
"080034","0003","0","372000","372500","373000","373500","374000","374500","375000","375500","376000","376500","371500","371000","370500","370000","369500","369000","368500","368000","367500","367000","94","103","30","3","27","134","253","10","10826","2","8","183","235","229","163","293","11","12","1","1","11482","1136","0","0","0","0","0","-369000","5","-100.00","298","3","10","0","0","","0","0","0","","",""
"080035","0000","0","372000","372500","373000","373500","374000","374500","375000","375500","376000","376500","371500","371000","370500","370000","369500","369000","368500","368000","367500","367000","94","103","30","3","27","135","253","10","10826","2","9","183","235","229","164","293","11","12","1","1","11483","1138","0","0","0","0","0","-369000","5","-100.00","298","0","1","0","0","","0","0","0","","",""
"080035","0001","0","372000","372500","373000","373500","374000","374500","375000","375500","376000","376500","371500","371000","370500","370000","369500","369000","368500","368000","367500","367000","52","103","30","3","27","135","253","10","10826","2","9","183","235","229","164","293","11","12","1","1","11441","1138","0","0","0","0","0","-369000","5","-100.00","340","-42","0","0","0","","0","0","0","","",""
"080035","0002","0","372000","372500","373000","373500","374000","374500","375000","375500","376000","376500","371500","371000","370500","370000","369500","369000","368500","368000","367500","367000","52","103","30","3","27","135","253","10","10826","2","9","183","235","229","164","299","11","12","1","1","11441","1144","0","0","0","0","0","-369000","5","-100.00","340","0","6","0","0","","0","0","0","","",""
"080035","0003","0","372000","372500","373000","373500","374000","374500","375000","375500","376000","376500","371500","371000","370500","370000","369500","369000","368500","368000","367500","367000","52","108","30","3","27","135","253","10","10826","2","10","183","235","228","164","299","11","12","1","1","11446","1144","0","0","0","0","0","-369000","5","-100.00","340","5","0","0","0","","0","0","0","","",""
"080036","0000","0","372000","372500","373000","373500","374000","374500","375000","375500","376000","376500","371500","371000","370500","370000","369500","369000","368500","368000","367500","367000","52","108","30","3","30","135","273","10","10826","2","10","183","235","228","164","299","11","12","1","1","11469","1144","0","0","0","0","0","-369000","5","-100.00","340","23","0","0","0","","0","0","0","","",""
"080036","0001","0","372000","372500","373000","373500","374000","374500","375000","375500","376000","376500","371500","371000","370500","370000","369500","369000","368500","368000","367500","367000","52","108","30","3","30","135","274","10","10826","2","15","183","230","228","164","515","11","12","1","1","11470","1360","0","0","0","0","0","-369000","5","-100.00","340","1","216","0","0","","0","0","0","","",""
"080036","0002","0","372000","372500","373000","373500","374000","374500","375000","375500","376000","376500","371500","371000","370500","370000","369500","369000","368500","368000","367500","367000","52","108","30","3","30","135","274","10","10826","2","15","183","230","278","164","515","11","12","1","1","11470","1410","0","0","0","0","0","-369000","5","-100.00","340","0","50","0","0","","0","0","0","","",""
"080036","0003","0","372000","372500","373000","373500","374000","374500","375000","375500","376000","376500","371500","371000","370500","370000","369500","369000","368500","368000","367500","367000","53","108","30","3","30","135","274","10","10826","2","15","183","230","278","164","515","11","12","1","1","11471","1410","0","0","0","0","0","-369000","5","-100.00","340","1","0","0","0","","0","0","0","","",""
"080036","0004","0","372000","372500","373000","373500","374000","374500","375000","375500","376000","376500","371500","371000","370500","370000","369500","369000","368500","368000","367500","367000","53","108","30","3","30","135","274","10","10826","2","41","183","230","278","164","515","11","12","1","1","11471","1436","0","0","0","0","0","-369000","5","-100.00","340","0","26","0","0","","0","0","0","","",""
"080037","0000","0","372000","372500","373000","373500","374000","374500","375000","375500","376000","376500","371500","371000","370500","370000","369500","369000","368500","368000","367500","367000","53","108","30","3","30","135","274","10","10826","2","41","183","230","278","164","524","11","12","1","1","11471","1445","0","0","0","0","0","-369000","5","-100.00","340","0","9","0","0","","0","0","0","","",""
"080037","0001","0","372000","372500","373000","373500","374000","374500","375000","375500","376000","376500","371500","371000","370500","370000","369500","369000","368500","368000","367500","367000","25","108","30","3","30","135","274","10","10826","2","41","183","230","278","164","524","11","12","1","1","11443","1445","0","0","0","0","0","-369000","5","-100.00","368","-28","0","0","0","","0","0","0","","",""
"080037","0002","0","372000","372500","373000","373500","374000","374500","375000","375500","376000","376500","371500","371000","370500","370000","369500","369000","368500","368000","367500","367000","25","108","30","3","30","135","274","10","10826","2","41","184","230","278","164","524","11","12","1","1","11443","1446","0","0","0","0","0","-369000","5","-100.00","368","0","1","0","0","","0","0","0","","",""
"080037","0003","0","372000","372500","373000","373500","374000","374500","375000","375500","376000","376500","371500","371000","370500","370000","369500","369000","368500","368000","367500","367000","24","108","30","3","30","135","284","10","10826","2","41","186","230","278","164","524","11","12","1","1","11452","1448","0","0","0","0","0","-369000","5","-100.00","369","9","2","0","0","","0","0","0","","",""
"080038","0000","0","372000","372500","373000","373500","374000","374500","375000","375500","376000","376500","371500","371000","370500","370000","369500","369000","368500","368000","367500","367000","24","108","30","23","30","135","284","11","10826","2","41","186","230","278","164","529","11","12","1","1","11473","1453","0","0","0","0","0","-369000","5","-100.00","369","1","5","0","0","","0","0","0","","",""
"080038","0001","0","372000","372500","373000","373500","374000","374500","375000","375500","376000","376500","371500","371000","370500","370000","369500","369000","368500","368000","367500","367000","24","108","30","23","30","135","284","21","10826","2","41","186","230","278","164","529","11","12","1","1","11483","1453","0","0","0","0","0","-369000","5","-100.00","369","10","0","0","0","","0","0","0","","",""
"080038","0002","0","372000","372500","373000","373500","374000","374500","375000","375500","376000","376500","371500","371000","370500","370000","369500","369000","368500","368000","367500","367000","34","108","30","23","30","135","284","11","10826","2","41","186","230","278","164","529","11","12","1","1","11483","1453","0","0","0","0","0","-369000","5","-100.00","369","0","0","0","0","","0","0","0","","",""
"080039","0000","0","371500","372000","372500","373000","373500","374000","374500","375000","375500","376000","371000","370500","370000","369500","369000","368500","368000","367500","367000","366500","34","34","108","30","23","30","135","209","11","10826","186","230","278","164","529","11","12","1","1","26","11440","1438","0","0","0","0","0","-369000","5","-100.00","410","-43","-15","0","0","","0","0","0","","",""
"080039","0001","0","371500","372000","372500","373000","373500","374000","374500","375000","375500","376000","371000","370500","370000","369500","369000","368500","368000","367500","367000","366500","34","34","108","30","23","30","135","209","11","10827","186","230","278","164","529","11","12","1","1","26","11441","1438","0","0","0","0","0","-369000","5","-100.00","410","1","0","0","0","","0","0","0","","",""
"080039","0002","0","371500","372000","372500","373000","373500","374000","374500","375000","375500","376000","371000","370500","370000","369500","369000","368500","368000","367500","367000","366500","34","54","108","30","23","30","135","209","11","10827","186","230","278","164","529","11","12","1","1","26","11461","1438","0","0","0","0","0","-369000","5","-100.00","410","20","0","0","0","","0","0","0","","",""
"080040","0000","0","371500","372000","372500","373000","373500","374000","374500","375000","375500","376000","371000","370500","370000","369500","369000","368500","368000","367500","367000","366500","24","54","108","30","23","30","135","209","11","10827","186","230","278","164","529","11","12","1","1","26","11451","1438","0","0","0","0","0","-369000","5","-100.00","420","-10","0","0","0","","0","0","0","","",""
"080041","0000","0","371500","372000","372500","373000","373500","374000","374500","375000","375500","376000","371000","370500","370000","369500","369000","368500","368000","367500","367000","366500","24","54","108","50","23","30","135","209","11","10827","186","230","278","164","529","11","12","1","1","26","11471","1438","0","0","0","0","0","-369000","5","-100.00","420","20","0","0","0","","0","0","0","","",""
"080041","0001","0","371500","372000","372500","373000","373500","374000","374500","375000","375500","376000","371000","370500","370000","369500","369000","368500","368000","367500","367000","366500","24","54","108","50","23","50","135","209","11","10827","186","230","278","164","529","11","12","1","1","26","11491","1438","0","0","0","0","0","-369000","5","-100.00","420","20","0","0","0","","0","0","0","","",""
"080041","0002","0","372000","372500","373000","373500","374000","374500","375000","375500","376000","376500","371500","371000","370500","370000","369500","369000","368500","368000","367500","367000","54","108","50","23","50","135","209","12","10827","3","6","186","230","278","164","529","11","12","1","1","11471","1418","0","0","0","0","0","-369000","5","-100.00","444","-20","-20","0","0","","0","0","0","","",""
"080041","0003","0","372000","372500","373000","373500","374000","374500","375000","375500","376000","376500","371500","371000","370500","370000","369500","369000","368500","368000","367500","367000","154","108","50","23","50","135","209","12","10827","3","6","186","230","278","164","529","11","12","1","1","11571","1418","0","0","0","0","0","-369000","5","-100.00","444","100","0","0","0","","0","0","0","","",""
"080042","0000","0","372000","372500","373000","373500","374000","374500","375000","375500","376000","376500","371500","371000","370500","370000","369500","369000","368500","368000","367500","367000","154","108","50","23","50","136","209","12","10827","3","6","186","235","278","164","529","11","12","1","1","11572","1423","0","0","0","0","0","-369000","5","-100.00","444","1","5","0","0","","0","0","0","","",""
"080042","0001","0","372000","372500","373000","373500","374000","374500","375000","375500","376000","376500","371500","371000","370500","370000","369500","369000","368500","368000","367500","367000","154","108","50","23","50","136","209","12","10827","3","6","186","235","278","164","532","11","12","1","1","11572","1426","0","0","0","0","0","-369000","5","-100.00","444","0","3","0","0","","0","0","0","","",""
"080043","0000","0","372000","372500","373000","373500","374000","374500","375000","375500","376000","376500","371500","371000","370500","370000","369500","369000","368500","368000","367500","367000","154","108","50","23","50","136","209","12","10827","3","6","187","235","278","164","532","11","12","1","1","11572","1427","0","0","0","0","0","-369000","5","-100.00","444","0","1","0","0","","0","0","0","","",""
"080044","0000","0","371500","372000","372500","373000","373500","374000","374500","375000","375500","376000","371000","370500","370000","369500","369000","368500","368000","367500","367000","366500","12","154","108","50","23","50","136","209","12","10827","187","235","278","164","532","11","12","1","1","26","11581","1447","0","0","0","0","0","-369000","5","-100.00","450","3","0","0","0","","0","0","0","","",""
"080044","0001","0","372000","372500","373000","373500","374000","374500","375000","375500","376000","376500","371500","371000","370500","370000","369500","369000","368500","368000","367500","367000","154","108","50","23","50","156","194","12","10827","3","8","187","235","278","164","532","11","12","1","1","11577","1429","0","0","0","0","0","-369000","5","-100.00","462","-4","-18","0","0","","0","0","0","","",""
"080044","0002","0","372000","372500","373000","373500","374000","374500","375000","375500","376000","376500","371500","371000","370500","370000","369500","369000","368500","368000","367500","367000","154","108","50","23","50","156","194","12","10827","3","8","187","235","278","164","532","12","12","1","1","11577","1430","0","0","0","0","0","-369000","5","-100.00","462","0","1","0","0","","0","0","0","","",""
"080045","0000","0","372000","372500","373000","373500","374000","374500","375000","375500","376000","376500","371500","371000","370500","370000","369500","369000","368500","368000","367500","367000","154","108","50","23","50","156","197","12","10827","3","8","187","235","278","164","532","12","12","1","1","11580","1430","0","0","0","0","0","-369000","5","-100.00","462","3","0","0","0","","0","0","0","","",""
"080045","0001","0","372000","372500","373000","373500","374000","374500","375000","375500","376000","376500","371500","371000","370500","370000","369500","369000","368500","368000","367500","367000","154","108","50","23","50","156","197","22","10827","3","8","187","235","278","164","532","12","12","1","1","11590","1430","0","0","0","0","0","-369000","5","-100.00","462","10","0","0","0","","0","0","0","","",""
"080045","0002","0","372000","372500","373000","373500","374000","374500","375000","375500","376000","376500","371500","371000","370500","370000","369500","369000","368500","368000","367500","367000","155","108","50","23","50","156","197","22","10827","3","8","187","235","278","164","532","12","12","1","1","11591","1430","0","0","0","0","0","-369000","5","-100.00","462","1","0","0","0","","0","0","0","","",""
"080046","0000","0","372000","372500","373000","373500","374000","374500","375000","375500","376000","376500","371500","371000","370500","370000","369500","369000","368500","368000","367500","367000","155","109","50","23","50","156","197","22","10827","3","10","187","235","278","164","537","12","12","1","1","11592","1437","0","0","0","0","0","-369000","5","-100.00","462","1","5","0","0","","0","0","0","","",""
"080046","0001","0","372000","372500","373000","373500","374000","374500","375000","375500","376000","376500","371500","371000","370500","370000","369500","369000","368500","368000","367500","367000","162","109","50","23","50","156","197","22","10827","3","11","187","235","278","164","537","12","12","1","1","11599","1438","0","0","0","0","0","-369000","5","-100.00","462","7","1","0","0","","0","0","0","","",""
"080046","0002","0","372000","372500","373000","373500","374000","374500","375000","375500","376000","376500","371500","371000","370500","370000","369500","369000","368500","368000","367500","367000","162","109","50","23","50","156","197","22","10827","3","14","187","235","278","164","537","12","12","1","1","11599","1441","0","0","0","0","0","-369000","5","-100.00","462","0","3","0","0","","0","0","0","","",""
"080047","0000","0","372000","372500","373000","373500","374000","374500","375000","375500","376000","376500","371500","371000","370500","370000","369500","369000","368500","368000","367500","367000","162","109","50","23","50","156","197","22","10827","3","14","187","235","278","164","537","12","12","1","1","11599","1441","0","0","0","0","0","-369000","5","-100.00","462","0","0","0","0","","0","0","0","","",""
"080047","0001","0","372000","372500","373000","373500","374000","374500","375000","375500","376000","376500","371500","371000","370500","370000","369500","369000","368500","368000","367500","367000","162","109","50","23","50","156","197","22","10827","3","26","187","235","278","164","537","12","12","1","1","11599","1453","0","0","0","0","0","-369000","5","-100.00","462","0","12","0","0","","0","0","0","","",""
"080047","0002","0","372000","372500","373000","373500","374000","374500","375000","375500","376000","376500","371500","371000","370500","370000","369500","369000","368500","368000","367500","367000","162","109","50","23","50","156","197","22","10827","3","19","187","235","278","164","537","12","12","1","1","11599","1446","0","0","0","0","0","-369000","5","-100.00","469","0","-7","0","0","","0","0","0","","",""
"080047","0003","0","372000","372500","373000","373500","374000","374500","375000","375500","376000","376500","371500","371000","370500","370000","369500","369000","368500","368000","367500","367000","163","109","50","23","50","156","197","22","10827","3","19","187","235","278","163","537","12","12","1","1","11600","1445","0","0","0","0","0","-369000","5","-100.00","470","1","-1","0","0","","0","0","0","","",""
"080047","0004","0","372000","372500","373000","373500","374000","374500","375000","375500","376000","376500","371500","371000","370500","370000","369500","369000","368500","368000","367500","367000","164","110","51","24","51","157","217","27","10827","3","19","187","235","288","163","537","12","12","1","1","11631","1455","0","0","0","0","0","-369000","5","-100.00","470","31","10","0","0","","0","0","0","","",""
"080048","0000","0","372000","372500","373000","373500","374000","374500","375000","375500","376000","376500","371500","371000","370500","370000","369500","369000","368500","368000","367500","367000","164","110","51","24","51","157","217","27","10827","3","19","187","235","288","163","537","12","12","11","11","11631","1475","0","0","0","0","0","-369000","5","-100.00","470","0","20","0","0","","0","0","0","","",""
"080048","0001","0","372000","372500","373000","373500","374000","374500","375000","375500","376000","376500","371500","371000","370500","370000","369500","369000","368500","368000","367500","367000","164","110","51","24","51","157","217","27","10827","3","19","201","235","288","173","547","22","22","11","11","11631","1529","0","0","0","0","0","-369000","5","-100.00","470","0","54","0","0","","0","0","0","","",""
"080048","0002","0","371500","372000","372500","373000","373500","374000","374500","375000","375500","376000","371000","370500","370000","369500","369000","368500","368000","367500","367000","366500","1","144","110","51","24","51","157","217","27","10827","201","235","288","173","547","22","22","11","11","36","11609","1546","0","0","0","0","0","-369000","5","-100.00","489","-22","17","0","0","","0","0","0","","",""
"080049","0000","0","371500","372000","372500","373000","373500","374000","374500","375000","375500","376000","371000","370500","370000","369500","369000","368500","368000","367500","367000","366500","1","145","110","51","23","51","157","217","27","10827","201","235","288","173","547","22","22","11","11","36","11609","1546","0","0","0","0","0","-369000","5","-100.00","489","0","0","0","0","","0","0","0","","",""
"080049","0001","0","371500","372000","372500","373000","373500","374000","374500","375000","375500","376000","371000","370500","370000","369500","369000","368500","368000","367500","367000","366500","1","145","110","51","23","51","157","217","27","10827","201","235","288","173","547","27","22","11","11","36","11609","1551","0","0","0","0","0","-369000","5","-100.00","489","0","5","0","0","","0","0","0","","",""
"080049","0002","0","371500","372000","372500","373000","373500","374000","374500","375000","375500","376000","371000","370500","370000","369500","369000","368500","368000","367500","367000","366500","2","145","110","51","23","51","158","217","27","10827","201","235","288","173","547","27","22","11","11","36","11611","1551","0","0","0","0","0","-369000","5","-100.00","489","2","0","0","0","","0","0","0","","",""
"080049","0003","0","371500","372000","372500","373000","373500","374000","374500","375000","375500","376000","371000","370500","370000","369500","369000","368500","368000","367500","367000","366500","2","145","110","51","23","51","158","218","27","10827","209","235","280","173","549","27","22","12","11","36","11612","1554","0","0","0","0","0","-369000","5","-100.00","489","1","3","0","0","","0","0","0","","",""
"080050","0000","0","372000","372500","373000","373500","374000","374500","375000","375500","376000","376500","371500","371000","370500","370000","369500","369000","368500","368000","367500","367000","145","110","51","23","51","158","218","27","10827","3","8","209","235","280","173","549","27","22","12","11","11613","1526","0","0","0","0","0","-369000","5","-100.00","491","1","-28","0","0","","0","0","0","","",""
"080050","0001","0","372000","372500","373000","373500","374000","374500","375000","375500","376000","376500","371500","371000","370500","370000","369500","369000","368500","368000","367500","367000","145","110","51","23","51","158","218","27","10827","3","38","209","235","280","173","549","27","22","12","11","11613","1556","0","0","0","0","0","-369000","5","-100.00","491","0","30","0","0","","0","0","0","","",""
"080050","0002","0","372000","372500","373000","373500","374000","374500","375000","375500","376000","376500","371500","371000","370500","370000","369500","369000","368500","368000","367500","367000","145","110","51","23","51","158","218","27","10827","3","45","209","235","280","173","549","27","22","12","11","11613","1563","0","0","0","0","0","-369000","5","-100.00","491","0","7","0","0","","0","0","0","","",""
"080051","0000","0","372000","372500","373000","373500","374000","374500","375000","375500","376000","376500","371500","371000","370500","370000","369500","369000","368500","368000","367500","367000","145","110","51","23","51","158","218","27","10827","3","46","209","235","280","173","566","27","22","12","11","11613","1581","0","0","0","0","0","-369000","5","-100.00","491","0","17","0","0","","0","0","0","","",""
"080051","0001","0","372000","372500","373000","373500","374000","374500","375000","375500","376000","376500","371500","371000","370500","370000","369500","369000","368500","368000","367500","367000","146","110","51","23","51","158","218","27","10827","3","46","209","235","280","173","566","27","22","12","11","11614","1581","0","0","0","0","0","-369000","5","-100.00","491","1","0","0","0","","0","0","0","","",""
"080051","0002","0","372000","372500","373000","373500","374000","374500","375000","375500","376000","376500","371500","371000","370500","370000","369500","369000","368500","368000","367500","367000","146","110","51","23","51","158","218","27","10827","3","45","209","235","280","173","566","27","22","12","11","11614","1580","0","0","0","0","0","-369000","5","-100.00","492","0","-1","0","0","","0","0","0","","",""
"080051","0003","0","372000","372500","373000","373500","374000","374500","375000","375500","376000","376500","371500","371000","370500","370000","369500","369000","368500","368000","367500","367000","146","110","51","23","51","158","219","27","10828","3","45","209","235","280","173","566","27","22","12","11","11616","1580","0","0","0","0","0","-369000","5","-100.00","492","2","0","0","0","","0","0","0","","",""
"080051","0004","0","371500","372000","372500","373000","373500","374000","374500","375000","375500","376000","371000","370500","370000","369500","369000","368500","368000","367500","367000","366500","23","146","110","51","23","51","158","219","27","10828","209","235","280","173","566","27","22","12","11","36","11636","1571","0","0","0","0","0","-369000","5","-100.00","537","20","-9","0","0","","0","0","0","","",""
"080052","0000","0","371500","372000","372500","373000","373500","374000","374500","375000","375500","376000","371000","370500","370000","369500","369000","368500","368000","367500","367000","366500","23","146","110","51","23","51","157","219","27","10828","209","235","280","173","566","27","22","12","11","36","11635","1571","0","0","0","0","0","-369000","5","-100.00","537","-1","0","0","0","","0","0","0","","",""
"080052","0001","0","371500","372000","372500","373000","373500","374000","374500","375000","375500","376000","371000","370500","370000","369500","369000","368500","368000","367500","367000","366500","24","146","110","51","23","51","157","219","28","10828","209","235","280","182","566","27","22","12","11","36","11637","1580","0","0","0","0","0","-369000","5","-100.00","537","2","9","0","0","","0","0","0","","",""
"080053","0000","0","371500","372000","372500","373000","373500","374000","374500","375000","375500","376000","371000","370500","370000","369500","369000","368500","368000","367500","367000","366500","24","146","110","52","24","52","158","219","28","10828","209","235","280","182","566","27","22","12","11","36","11641","1580","0","0","0","0","0","-369000","5","-100.00","537","4","0","0","0","","0","0","0","","",""
"080053","0001","0","371500","372000","372500","373000","373500","374000","374500","375000","375500","376000","371000","370500","370000","369500","369000","368500","368000","367500","367000","366500","14","146","110","52","24","52","158","220","29","10829","209","235","280","172","566","27","22","12","11","36","11634","1570","0","0","0","0","0","-369000","5","-100.00","547","-10","-10","0","0","","0","0","0","","",""
"080053","0002","0","371500","372000","372500","373000","373500","374000","374500","375000","375500","376000","371000","370500","370000","369500","369000","368500","368000","367500","367000","366500","14","146","110","52","24","52","158","220","29","10831","209","235","280","173","566","27","22","12","11","36","11636","1571","0","0","0","0","0","-369000","5","-100.00","547","2","1","0","0","","0","0","0","","",""
"080053","0003","0","371500","372000","372500","373000","373500","374000","374500","375000","375500","376000","371000","370500","370000","369500","369000","368500","368000","367500","367000","366500","4","146","110","52","24","52","158","220","29","10831","209","225","280","373","566","27","22","12","11","36","11626","1761","0","0","0","0","0","-369000","5","-100.00","557","-10","190","0","0","","0","0","0","","",""
"080054","0000","0","371500","372000","372500","373000","373500","374000","374500","375000","375500","376000","371000","370500","370000","369500","369000","368500","368000","367500","367000","366500","29","146","110","52","24","52","158","220","49","10831","209","225","280","373","566","27","22","12","11","36","11671","1761","0","0","0","0","0","-369000","5","-100.00","558","45","0","0","0","","0","0","0","","",""
"080054","0001","0","371500","372000","372500","373000","373500","374000","374500","375000","375500","376000","371000","370500","370000","369500","369000","368500","368000","367500","367000","366500","29","146","110","52","24","552","158","220","49","10831","209","225","280","373","567","27","22","12","11","36","12171","1762","0","0","0","0","0","-369000","5","-100.00","558","500","1","0","0","","0","0","0","","",""
"080054","0002","0","371500","372000","372500","373000","373500","374000","374500","375000","375500","376000","371000","370500","370000","369500","369000","368500","368000","367500","367000","366500","30","146","110","52","24","552","158","220","49","10831","209","225","280","373","567","28","23","13","12","36","12172","1766","0","0","0","0","0","-369000","5","-100.00","558","0","2","0","0","","0","0","0","","",""
"080055","0000","0","371500","372000","372500","373000","373500","374000","374500","375000","375500","376000","371000","370500","370000","369500","369000","368500","368000","367500","367000","366500","45","146","110","52","24","552","158","220","49","10831","209","225","280","373","567","28","23","13","12","38","12187","1768","0","0","0","0","0","-369000","5","-100.00","558","15","2","0","0","","0","0","0","","",""
"080055","0001","0","371500","372000","372500","373000","373500","374000","374500","375000","375500","376000","371000","370500","370000","369500","369000","368500","368000","367500","367000","366500","45","146","110","53","24","552","158","220","524","10831","209","225","280","373","567","28","23","13","13","38","12663","1769","0","0","0","0","0","-369000","5","-100.00","558","476","1","0","0","","0","0","0","","",""
"080055","0002","0","371500","372000","372500","373000","373500","374000","374500","375000","375500","376000","371000","370500","370000","369500","369000","368500","368000","367500","367000","366500","45","146","110","53","24","552","158","220","524","10831","209","225","280","373","567","28","23","13","14","38","12663","1770","0","0","0","0","0","-369000","5","-100.00","558","0","1","0","0","","0","0","0","","",""
"080055","0003","0","371500","372000","372500","373000","373500","374000","374500","375000","375500","376000","371000","370500","370000","369500","369000","368500","368000","367500","367000","366500","45","146","110","53","24","552","158","220","544","10831","219","225","280","373","567","28","23","13","14","38","12683","1780","0","0","0","0","0","-369000","5","-100.00","558","20","10","0","0","","0","0","0","","",""
"080056","0000","0","372000","372500","373000","373500","374000","374500","375000","375500","376000","376500","371500","371000","370500","370000","369500","369000","368500","368000","367500","367000","146","110","53","24","552","158","220","544","10831","4","5","219","225","280","373","567","28","23","13","14","12642","1747","0","0","0","0","0","-369000","5","-100.00","603","-41","-33","0","0","","0","0","0","","",""
"080056","0001","0","372000","372500","373000","373500","374000","374500","375000","375500","376000","376500","371500","371000","370500","370000","369500","369000","368500","368000","367500","367000","146","110","53","24","562","158","220","544","10831","4","5","219","225","280","373","567","28","23","13","14","12652","1747","0","0","0","0","0","-369000","5","-100.00","603","10","0","0","0","","0","0","0","","",""
"080056","0002","0","371500","372000","372500","373000","373500","374000","374500","375000","375500","376000","371000","370500","370000","369500","369000","368500","368000","367500","367000","366500","91","146","110","53","26","562","158","220","544","10831","219","225","280","373","567","28","23","13","14","38","12741","1780","0","0","0","0","0","-369000","5","-100.00","608","2","0","0","0","","0","0","0","","",""
"080057","0000","0","371500","372000","372500","373000","373500","374000","374500","375000","375500","376000","371000","370500","370000","369500","369000","368500","368000","367500","367000","366500","92","146","110","53","26","562","158","220","544","10831","219","225","280","383","567","28","23","13","14","38","12742","1790","0","0","0","0","0","-369000","5","-100.00","608","1","10","0","0","","0","0","0","","",""
"080057","0001","0","371500","372000","372500","373000","373500","374000","374500","375000","375500","376000","371000","370500","370000","369500","369000","368500","368000","367500","367000","366500","92","146","110","53","26","563","158","220","544","10831","219","225","280","383","567","28","23","13","14","38","12743","1790","0","0","0","0","0","-369000","5","-100.00","608","1","0","0","0","","0","0","0","","",""
"080057","0002","0","371500","372000","372500","373000","373500","374000","374500","375000","375500","376000","371000","370500","370000","369500","369000","368500","368000","367500","367000","366500","92","148","110","53","26","563","158","220","544","10831","219","225","285","383","567","28","23","13","14","38","12745","1795","0","0","0","0","0","-369000","5","-100.00","608","2","5","0","0","","0","0","0","","",""
"080057","0003","0","371500","372000","372500","373000","373500","374000","374500","375000","375500","376000","371000","370500","370000","369500","369000","368500","368000","367500","367000","366500","93","148","110","53","26","563","158","220","544","10831","219","225","285","383","567","28","23","13","14","38","12746","1795","0","0","0","0","0","-369000","5","-100.00","608","1","0","0","0","","0","0","0","","",""
"080057","0004","0","371500","372000","372500","373000","373500","374000","374500","375000","375500","376000","371000","370500","370000","369500","369000","368500","368000","367500","367000","366500","83","148","110","53","26","563","158","220","544","10831","219","225","285","383","567","28","23","13","14","38","12736","1795","0","0","0","0","0","-369000","5","-100.00","618","-10","0","0","0","","0","0","0","","",""
"080058","0000","0","371500","372000","372500","373000","373500","374000","374500","375000","375500","376000","371000","370500","370000","369500","369000","368500","368000","367500","367000","366500","68","148","110","53","26","563","158","220","554","10831","219","225","285","383","567","28","23","13","14","38","12731","1795","0","0","0","0","0","-369000","5","-100.00","633","-5","0","0","0","","0","0","0","","",""
"080058","0001","0","371500","372000","372500","373000","373500","374000","374500","375000","375500","376000","371000","370500","370000","369500","369000","368500","368000","367500","367000","366500","68","148","110","53","26","563","158","220","554","10831","220","225","285","383","567","28","23","13","14","38","12731","1796","0","0","0","0","0","-369000","5","-100.00","633","0","1","0","0","","0","0","0","","",""
"080058","0002","0","371500","372000","372500","373000","373500","374000","374500","375000","375500","376000","371000","370500","370000","369500","369000","368500","368000","367500","367000","366500","68","148","110","53","26","563","158","220","554","10831","220","225","285","383","569","28","23","13","14","38","12731","1798","0","0","0","0","0","-369000","5","-100.00","633","0","2","0","0","","0","0","0","","",""
"080059","0000","0","371500","372000","372500","373000","373500","374000","374500","375000","375500","376000","371000","370500","370000","369500","369000","368500","368000","367500","367000","366500","68","148","110","53","26","563","158","220","554","10831","220","225","285","383","569","28","24","13","14","38","12731","1799","0","0","0","0","0","-369000","5","-100.00","633","0","1","0","0","","0","0","0","","",""
"080059","0001","0","371500","372000","372500","373000","373500","374000","374500","375000","375500","376000","371000","370500","370000","369500","369000","368500","368000","367500","367000","366500","65","148","110","53","26","563","158","220","555","10831","220","225","285","383","569","28","24","13","14","38","12729","1799","0","0","0","0","0","-369000","5","-100.00","636","-2","0","0","0","","0","0","0","","",""
"080059","0002","0","371500","372000","372500","373000","373500","374000","374500","375000","375500","376000","371000","370500","370000","369500","369000","368500","368000","367500","367000","366500","65","148","110","53","26","563","158","220","555","10832","220","225","285","383","569","28","24","13","14","38","12730","1799","0","0","0","0","0","-369000","5","-100.00","636","1","0","0","0","","0","0","0","","",""
"080100","0000","0","371500","372000","372500","373000","373500","374000","374500","375000","375500","376000","371000","370500","370000","369500","369000","368500","368000","367500","367000","366500","65","148","111","53","26","563","158","220","555","10832","220","225","285","383","569","28","24","13","14","38","12731","1799","0","0","0","0","0","-369000","5","-100.00","636","1","0","0","0","","0","0","0","","",""
"080100","0001","0","371500","372000","372500","373000","373500","374000","374500","375000","375500","376000","371000","370500","370000","369500","369000","368500","368000","367500","367000","366500","65","148","111","53","26","563","158","220","555","10832","225","225","285","383","569","28","24","13","14","38","12731","1804","0","0","0","0","0","-369000","5","-100.00","636","0","5","0","0","","0","0","0","","",""
"080100","0002","0","371500","372000","372500","373000","373500","374000","374500","375000","375500","376000","371000","370500","370000","369500","369000","368500","368000","367500","367000","366500","75","148","111","53","26","563","158","220","555","10832","225","225","285","383","569","28","24","13","14","39","12741","1805","0","0","0","0","0","-369000","5","-100.00","636","10","0","0","0","","0","0","0","","",""
"080101","0000","0","371500","372000","372500","373000","373500","374000","374500","375000","375500","376000","371000","370500","370000","369500","369000","368500","368000","367500","367000","366500","76","148","111","53","26","563","158","220","555","10832","225","225","285","383","569","28","24","13","14","39","12742","1805","0","0","0","0","0","-369000","5","-100.00","636","1","0","0","0","","0","0","0","","",""
"080101","0001","0","372000","372500","373000","373500","374000","374500","375000","375500","376000","376500","371500","371000","370500","370000","369500","369000","368500","368000","367500","367000","148","111","53","26","563","158","220","655","10852","4","74","225","225","285","383","569","28","24","13","14","12790","1840","0","0","0","0","0","-369000","5","-100.00","712","-52","35","0","0","","0","0","0","","",""
"080101","0002","0","372000","372500","373000","373500","374000","374500","375000","375500","376000","376500","371500","371000","370500","370000","369500","369000","368500","368000","367500","367000","148","111","53","26","563","158","220","655","10852","4","74","225","215","285","383","569","28","24","13","14","12790","1830","0","0","0","0","0","-369000","5","-100.00","712","0","-10","0","0","","0","0","0","","",""
"080101","0003","0","372000","372500","373000","373500","374000","374500","375000","375500","376000","376500","371500","371000","370500","370000","369500","369000","368500","368000","367500","367000","148","111","53","26","563","158","220","655","10852","4","74","230","215","285","383","569","28","24","13","14","12790","1835","0","0","0","0","0","-369000","5","-100.00","712","0","5","0","0","","0","0","0","","",""
"080101","0004","0","372000","372500","373000","373500","374000","374500","375000","375500","376000","376500","371500","371000","370500","370000","369500","369000","368500","368000","367500","367000","148","111","53","26","563","158","220","655","10852","4","76","230","215","285","383","569","28","24","13","14","12790","1837","0","0","0","0","0","-369000","5","-100.00","712","0","2","0","0","","0","0","0","","",""
"080103","0000","0","372000","372500","373000","373500","374000","374500","375000","375500","376000","376500","371500","371000","370500","370000","369500","369000","368500","368000","367500","367000","148","111","53","26","563","158","220","655","10852","4","63","230","215","285","383","569","28","24","13","14","12790","1824","0","0","0","0","0","-369000","5","-100.00","725","0","-13","0","0","","0","0","0","","",""
"080103","0001","0","372000","372500","373000","373500","374000","374500","375000","375500","376000","376500","371500","371000","370500","370000","369500","369000","368500","368000","367500","367000","148","111","53","26","563","158","220","655","10852","4","65","230","215","285","383","569","28","24","13","14","12790","1826","0","0","0","0","0","-369000","5","-100.00","725","0","1","0","0","","0","0","0","","",""
"080103","0002","0","372000","372500","373000","373500","374000","374500","375000","375500","376000","376500","371500","371000","370500","370000","369500","369000","368500","368000","367500","367000","148","111","53","26","563","158","220","675","10852","4","65","230","215","285","383","569","28","24","13","14","12810","1826","0","0","0","0","0","-369000","5","-100.00","725","20","0","0","0","","0","0","0","","",""
"080103","0003","0","372000","372500","373000","373500","374000","374500","375000","375500","376000","376500","371500","371000","370500","370000","369500","369000","368500","368000","367500","367000","148","111","53","26","563","158","220","675","10854","4","65","230","215","285","383","569","28","24","13","14","12812","1826","0","0","0","0","0","-369000","5","-100.00","725","2","0","0","0","","0","0","0","","",""
"080104","0000","0","372000","372500","373000","373500","374000","374500","375000","375500","376000","376500","371500","371000","370500","370000","369500","369000","368500","368000","367500","367000","150","111","53","26","563","158","220","675","10854","4","65","235","215","285","384","569","28","24","13","14","12814","1832","0","0","0","0","0","-369000","5","-100.00","727","0","7","0","0","","0","0","0","","",""
"080104","0001","0","372000","372500","373000","373500","374000","374500","375000","375500","376000","376500","371500","371000","370500","370000","369500","369000","368500","368000","367500","367000","150","111","53","26","563","158","220","675","10854","4","45","235","215","285","384","569","28","24","13","14","12814","1812","0","0","0","0","0","-369000","5","-100.00","747","0","-20","0","0","","0","0","0","","",""
"080104","0002","0","371500","372000","372500","373000","373500","374000","374500","375000","375500","376000","371000","370500","370000","369500","369000","368500","368000","367500","367000","366500","153","150","111","53","27","563","158","220","675","10854","236","215","285","384","569","28","24","13","14","39","12964","1807","0","0","0","0","0","-369000","5","-100.00","792","150","-5","0","0","","0","0","0","","",""
"080104","0003","0","371500","372000","372500","373000","373500","374000","374500","375000","375500","376000","371000","370500","370000","369500","369000","368500","368000","367500","367000","366500","153","150","111","53","27","563","158","220","675","10854","239","215","285","384","569","28","24","13","14","39","12964","1810","0","0","0","0","0","-369000","5","-100.00","792","0","3","0","0","","0","0","0","","",""
"080105","0000","0","371500","372000","372500","373000","373500","374000","374500","375000","375500","376000","371000","370500","370000","369500","369000","368500","368000","367500","367000","366500","137","150","111","53","27","563","158","220","717","10854","239","215","285","384","569","28","24","13","14","39","12990","1810","0","0","0","0","0","-369000","5","-100.00","808","26","0","0","0","","0","0","0","","",""
"080105","0001","0","371500","372000","372500","373000","373500","374000","374500","375000","375500","376000","371000","370500","370000","369500","369000","368500","368000","367500","367000","366500","167","150","111","53","27","563","158","220","717","10854","239","215","285","384","569","28","24","13","14","39","13020","1810","0","0","0","0","0","-369000","5","-100.00","808","30","0","0","0","","0","0","0","","",""
"080105","0002","0","371500","372000","372500","373000","373500","374000","374500","375000","375500","376000","371000","370500","370000","369500","369000","368500","368000","367500","367000","366500","167","150","111","53","27","563","158","220","717","10854","239","215","288","384","569","28","24","13","14","39","13020","1813","0","0","0","0","0","-369000","5","-100.00","808","0","3","0","0","","0","0","0","","",""
"080105","0003","0","371500","372000","372500","373000","373500","374000","374500","375000","375500","376000","371000","370500","370000","369500","369000","368500","368000","367500","367000","366500","177","151","111","53","27","563","158","220","717","10854","239","215","288","384","569","28","24","13","14","39","13031","1813","0","0","0","0","0","-369000","5","-100.00","808","10","0","0","0","","0","0","0","","",""
"080105","0004","0","371500","372000","372500","373000","373500","374000","374500","375000","375500","376000","371000","370500","370000","369500","369000","368500","368000","367500","367000","366500","154","151","111","53","27","563","158","220","717","10854","240","215","288","384","569","28","24","13","14","39","13008","1814","0","0","0","0","0","-369000","5","-100.00","833","-23","1","0","0","","0","0","0","","",""
"080106","0000","0","371500","372000","372500","373000","373500","374000","374500","375000","375500","376000","371000","370500","370000","369500","369000","368500","368000","367500","367000","366500","220","151","111","53","27","563","158","221","717","10854","240","215","288","384","569","28","24","13","14","39","13075","1814","0","0","0","0","0","-369000","5","-100.00","833","67","0","0","0","","0","0","0","","",""
"080106","0001","0","371500","372000","372500","373000","373500","374000","374500","375000","375500","376000","371000","370500","370000","369500","369000","368500","368000","367500","367000","366500","222","151","111","53","27","563","158","221","717","10854","240","215","288","384","569","28","24","13","14","39","13077","1814","0","0","0","0","0","-369000","5","-100.00","834","2","0","0","0","","0","0","0","","",""
"080107","0000","0","371500","372000","372500","373000","373500","374000","374500","375000","375500","376000","371000","370500","370000","369500","369000","368500","368000","367500","367000","366500","222","151","111","53","27","563","158","221","717","10854","241","215","288","384","569","28","24","13","14","39","13077","1815","0","0","0","0","0","-369000","5","-100.00","834","0","1","0","0","","0","0","0","","",""
"080107","0001","0","371500","372000","372500","373000","373500","374000","374500","375000","375500","376000","371000","370500","370000","369500","369000","368500","368000","367500","367000","366500","222","151","111","53","27","563","158","221","717","10854","241","215","339","333","569","28","24","13","14","39","13077","1815","0","0","0","0","0","-369000","5","-100.00","834","0","0","0","0","","0","0","0","","",""
"080107","0002","0","371500","372000","372500","373000","373500","374000","374500","375000","375500","376000","371000","370500","370000","369500","369000","368500","368000","367500","367000","366500","221","151","111","53","27","563","168","221","707","10854","241","215","339","333","569","28","24","13","14","39","13076","1815","0","0","0","0","0","-369000","5","-100.00","835","-1","0","0","0","","0","0","0","","",""
"080107","0003","0","371500","372000","372500","373000","373500","374000","374500","375000","375500","376000","371000","370500","370000","369500","369000","368500","368000","367500","367000","366500","221","151","111","53","27","563","168","221","707","10854","241","215","339","333","569","28","24","13","14","39","13076","1815","0","0","0","0","0","-369000","5","-100.00","835","0","0","0","0","","0","0","0","","",""
"080108","0000","0","371500","372000","372500","373000","373500","374000","374500","375000","375500","376000","371000","370500","370000","369500","369000","368500","368000","367500","367000","366500","221","161","111","53","27","563","168","221","707","10854","241","215","339","333","569","28","24","13","14","39","13086","1815","0","0","0","0","0","-369000","5","-100.00","835","10","0","0","0","","0","0","0","","",""
"080108","0001","0","371500","372000","372500","373000","373500","374000","374500","375000","375500","376000","371000","370500","370000","369500","369000","368500","368000","367500","367000","366500","231","161","111","53","27","563","168","221","707","10854","241","215","339","333","569","28","24","13","14","39","13096","1815","0","0","0","0","0","-369000","5","-100.00","835","10","0","0","0","","0","0","0","","",""
"080108","0002","0","371500","372000","372500","373000","373500","374000","374500","375000","375500","376000","371000","370500","370000","369500","369000","368500","368000","367500","367000","366500","231","161","111","53","27","563","168","221","707","10854","241","215","439","333","569","28","24","13","14","39","13096","1915","0","0","0","0","0","-369000","5","-100.00","835","0","100","0","0","","0","0","0","","",""
"080108","0003","0","371500","372000","372500","373000","373500","374000","374500","375000","375500","376000","371000","370500","370000","369500","369000","368500","368000","367500","367000","366500","221","161","111","53","27","563","168","221","707","10854","241","215","439","333","569","28","24","13","14","39","13086","1915","0","0","0","0","0","-369000","5","-100.00","845","-10","0","0","0","","0","0","0","","",""
"080109","0000","0","371500","372000","372500","373000","373500","374000","374500","375000","375500","376000","371000","370500","370000","369500","369000","368500","368000","367500","367000","366500","121","161","111","53","27","563","168","221","707","10854","241","215","439","333","569","28","24","13","14","39","12986","1915","0","0","0","0","0","-369000","5","-100.00","945","-100","0","0","0","","0","0","0","","",""
"080109","0001","0","371500","372000","372500","373000","373500","374000","374500","375000","375500","376000","371000","370500","370000","369500","369000","368500","368000","367500","367000","366500","121","161","111","53","27","563","168","221","707","10914","241","215","439","333","569","28","24","13","14","39","13046","1915","0","0","0","0","0","-369000","5","-100.00","945","60","0","0","0","","0","0","0","","",""
"080109","0002","0","371500","372000","372500","373000","373500","374000","374500","375000","375500","376000","371000","370500","370000","369500","369000","368500","368000","367500","367000","366500","121","161","111","53","27","563","168","221","707","10914","242","216","439","333","569","28","24","13","4","39","13046","1907","0","0","0","0","0","-369000","5","-100.00","945","0","-8","0","0","","0","0","0","","",""
"080109","0003","0","371500","372000","372500","373000","373500","374000","374500","375000","375500","376000","371000","370500","370000","369500","369000","368500","368000","367500","367000","366500","124","161","111","53","27","563","168","221","707","10914","242","216","439","333","569","28","24","13","4","39","13049","1907","0","0","0","0","0","-369000","5","-100.00","945","3","0","0","0","","0","0","0","","",""
"080110","0000","0","371500","372000","372500","373000","373500","374000","374500","375000","375500","376000","371000","370500","370000","369500","369000","368500","368000","367500","367000","366500","125","161","111","53","27","563","168","221","707","10914","242","216","439","333","569","28","24","13","4","39","13050","1907","0","0","0","0","0","-369000","5","-100.00","945","1","0","0","0","","0","0","0","","",""
"080110","0001","0","371500","372000","372500","373000","373500","374000","374500","375000","375500","376000","371000","370500","370000","369500","369000","368500","368000","367500","367000","366500","125","261","111","53","27","563","168","221","707","10914","242","216","439","333","569","28","14","13","4","39","13150","1897","0","0","0","0","0","-369000","5","-100.00","945","100","-10","0","0","","0","0","0","","",""
"080110","0002","0","371500","372000","372500","373000","373500","374000","374500","375000","375500","376000","371000","370500","370000","369500","369000","368500","368000","367500","367000","366500","125","261","111","53","27","563","168","226","707","10914","242","216","439","333","569","28","14","13","4","39","13155","1897","0","0","0","0","0","-369000","5","-100.00","945","5","0","0","0","","0","0","0","","",""
"080111","0000","0","372000","372500","373000","373500","374000","374500","375000","375500","376000","376500","371500","371000","370500","370000","369500","369000","368500","368000","367500","367000","261","111","53","27","563","168","233","707","10914","250","125","242","216","439","333","569","28","14","13","4","13287","1983","0","0","0","0","0","-369000","5","-100.00","1070","132","86","0","0","","0","0","0","","",""
"080111","0001","0","372000","372500","373000","373500","374000","374500","375000","375500","376000","376500","371500","371000","370500","370000","369500","369000","368500","368000","367500","367000","261","111","53","27","563","168","233","707","10914","250","125","242","216","439","333","569","28","14","63","4","13287","2033","0","0","0","0","0","-369000","5","-100.00","1070","0","50","0","0","","0","0","0","","",""
"080111","0002","0","372000","372500","373000","373500","374000","374500","375000","375500","376000","376500","371500","371000","370500","370000","369500","369000","368500","368000","367500","367000","261","111","53","27","563","168","233","707","10914","250","127","242","216","442","333","569","28","14","63","4","13287","2038","0","0","0","0","0","-369000","5","-100.00","1070","0","5","0","0","","0","0","0","","",""
"080112","0000","0","372000","372500","373000","373500","374000","374500","375000","375500","376000","376500","371500","371000","370500","370000","369500","369000","368500","368000","367500","367000","261","111","53","27","563","168","233","707","10914","250","200","242","216","442","333","569","28","14","63","4","13287","2111","0","0","0","0","0","-369000","5","-100.00","1070","0","73","0","0","","0","0","0","","",""
"080112","0001","0","372000","372500","373000","373500","374000","374500","375000","375500","376000","376500","371500","371000","370500","370000","369500","369000","368500","368000","367500","367000","261","111","53","27","563","168","233","707","10914","250","322","242","216","312","333","569","28","14","63","4","13287","2103","0","0","0","0","0","-369000","5","-100.00","1078","0","-8","0","0","","0","0","0","","",""
"080112","0002","0","372000","372500","373000","373500","374000","374500","375000","375500","376000","376500","371500","371000","370500","370000","369500","369000","368500","368000","367500","367000","261","111","53","27","563","168","233","707","10914","250","322","242","216","312","288","569","28","14","63","4","13287","2058","0","0","0","0","0","-369000","5","-100.00","1078","0","-45","0","0","","0","0","0","","",""
"080113","0000","0","372000","372500","373000","373500","374000","374500","375000","375500","376000","376500","371500","371000","370500","370000","369500","369000","368500","368000","367500","367000","261","111","53","27","563","168","233","707","10914","250","340","242","216","312","288","569","28","14","63","4","13287","2076","0","0","0","0","0","-369000","5","-100.00","1078","0","1","0","0","","0","0","0","","",""
"080113","0001","0","372000","372500","373000","373500","374000","374500","375000","375500","376000","376500","371500","371000","370500","370000","369500","369000","368500","368000","367500","367000","461","111","53","27","563","168","233","707","10914","250","340","242","216","312","288","569","28","14","63","4","13487","2076","0","0","0","0","0","-369000","5","-100.00","1078","200","0","0","0","","0","0","0","","",""
