"time","millisec","HOUR_CLS_CODE","ASKP1","ASKP2","ASKP3","ASKP4","ASKP5","ASKP6","ASKP7","ASKP8","ASKP9","ASKP10","BIDP1","BIDP2","BIDP3","BIDP4","BIDP5","BIDP6","BIDP7","BIDP8","BIDP9","BIDP10","ASKP_RSQN1","ASKP_RSQN2","ASKP_RSQN3","ASKP_RSQN4","ASKP_RSQN5","ASKP_RSQN6","ASKP_RSQN7","ASKP_RSQN8","ASKP_RSQN9","ASKP_RSQN10","BIDP_RSQN1","BIDP_RSQN2","BIDP_RSQN3","BIDP_RSQN4","BIDP_RSQN5","BIDP_RSQN6","BIDP_RSQN7","BIDP_RSQN8","BIDP_RSQN9","BIDP_RSQN10","TOTAL_ASKP_RSQN","TOTAL_BIDP_RSQN","OVTM_TOTAL_ASKP_RSQN","OVTM_TOTAL_BIDP_RSQN","ANTC_CNPR","ANTC_CNQN","ANTC_VOL","ANTC_CNTG_VRSS","ANTC_CNTG_VRSS_SIGN","ANTC_CNTG_PRDY_CTRT","ACML_VOL","TOTAL_ASKP_RSQN_ICDC","TOTAL_BIDP_RSQN_ICDC","OVTM_TOTAL_ASKP_ICDC","OVTM_TOTAL_BIDP_ICDC","STCK_DEAL_CLS_CODE","KMID_PRC","KMID_TOTAL_RSQN","KMID_CLS_CODE","NMID_PRC","NMID_TOTAL_RSQN","NMID_CLS_CODE"
"080000","0000","0","0","0","0","0","0","0","0","0","0","0","158000","152500","0","0","0","0","0","0","0","0","0","0","0","0","0","0","0","0","0","0","63","100","0","0","0","0","0","0","0","0","0","163","0","0","0","0","0","-157200","5","-100.00","0","0","0","0","0","","0","0","0","","",""
"080000","0001","0","165300","167500","168000","168300","172000","175000","186900","187700","192700","198000","165100","158000","157200","155300","154500","153300","152500","151200","148700","148000","2","41","20","2","1","11","27","150","205","26","1016","63","216","1","50","2","100","20","9","1","485","1478","0","0","0","0","0","-157200","5","-100.00","305","485","1315","0","0","","0","0","0","","",""
"080001","0000","0","165300","167500","168000","168300","170000","172000","172400","175000","179000","183900","165100","161000","158000","157200","155300","154500","154100","153300","152500","151500","7","41","220","2","1","1","25","12","40","130","957","1","131","318","1","50","10","2","100","10","479","1580","0","0","0","0","0","-157200","5","-100.00","370","-6","102","0","0","","0","0","0","","",""
"080001","0001","0","165200","165300","165800","167500","168000","168300","170000","172000","172400","175000","165100","163000","161000","160500","159100","158200","158000","157500","157300","157200","7","7","36","41","220","2","1","2","25","12","237","18","1","5","202","1","131","50","30","348","353","1023","0","0","0","0","0","-157200","5","-100.00","1118","-126","-557","0","0","","0","0","0","","",""
"080002","0000","0","165200","165300","165800","167400","167500","168000","168300","169300","170000","172000","165100","163000","161000","160500","159100","158200","158000","157700","157600","157500","7","7","36","5","41","420","2","2","1","2","196","18","1","5","202","1","131","30","29","50","523","663","0","0","0","0","0","-157200","5","-100.00","1136","170","-360","0","0","","0","0","0","","",""
"080002","0001","0","165800","166200","167400","167500","168000","168300","169300","170000","172000","172400","165100","163000","161000","160500","160000","159100","158500","158400","158200","158100","31","2","5","41","625","3","2","1","2","25","176","18","1","5","5","202","5","64","6","6","737","488","0","0","0","0","0","-157200","5","-100.00","1195","214","-175","0","0","","0","0","0","","",""
"080003","0000","0","161800","162200","163000","164900","165700","165800","166200","167400","167500","168000","161300","161200","161100","161000","160500","160000","159100","158500","158400","158200","500","2","7","150","306","31","2","5","41","625","24","24","6","1","5","5","202","5","64","6","1669","342","0","0","0","0","0","-157200","5","-100.00","1695","932","-146","0","0","","0","0","0","","",""
"080003","0001","0","161800","162200","163000","164900","165100","165700","165800","166200","167400","167500","161300","161200","161100","161000","160500","160000","159100","158500","158400","158200","500","2","7","150","1","306","31","2","5","41","20","24","6","1","5","5","202","5","64","6","1045","338","0","0","0","0","0","-157200","5","-100.00","1699","-624","-4","0","0","","0","0","0","","",""
"080003","0002","0","161800","162200","163000","164900","165100","165700","165800","166200","167400","167500","161300","161200","161100","161000","160500","160000","159100","158500","158400","158200","400","2","7","150","1","306","31","2","5","41","17","24","6","1","5","5","202","5","64","6","945","335","0","0","0","0","0","-157200","5","-100.00","1802","-100","-3","0","0","","0","0","0","","",""
"080003","0003","0","161800","162200","163000","164900","165100","165700","165800","166200","167400","167500","161300","161000","160500","160000","159100","158500","158400","158200","158000","157900","400","2","7","150","1","306","31","2","5","41","17","1","5","5","202","5","64","6","139","26","945","470","0","0","0","0","0","-157200","5","-100.00","1802","0","135","0","0","","0","0","0","","",""
"080004","0000","0","161800","162000","162200","163000","164900","165100","165700","165800","166200","167400","161300","161000","160500","160000","159100","158500","158400","158200","158000","157900","400","10","2","7","150","19","306","31","2","5","17","1","5","5","202","5","64","6","139","26","932","470","0","0","0","0","0","-157200","5","-100.00","1802","-13","0","0","0","","0","0","0","","",""
"080004","0001","0","161800","162000","162200","163000","164900","165100","165700","165800","166200","167400","161300","161000","160500","160000","159100","158500","158400","158200","158000","157900","435","10","2","7","150","19","306","31","2","5","17","1","505","5","202","5","64","6","316","26","967","1147","0","0","0","0","0","-157200","5","-100.00","1802","35","677","0","0","","0","0","0","","",""
"080004","0002","0","161800","162000","162200","163000","164900","165100","165700","165800","166200","167400","161000","160500","160000","159100","158500","158400","158200","158000","157900","157700","423","10","2","7","150","19","306","31","2","5","1","505","5","202","5","64","6","324","26","30","955","1168","0","0","0","0","0","-157200","5","-100.00","1814","-12","21","0","0","","0","0","0","","",""
"080004","0003","0","161800","162000","162100","162200","163000","164900","165000","165100","165700","165800","161000","160500","160000","159100","158500","158400","158200","158000","157900","157700","377","41","7","2","7","150","1","19","306","31","1","505","5","202","5","64","6","324","26","30","941","1168","0","0","0","0","0","-157200","5","-100.00","1860","-14","0","0","0","","0","0","0","","",""
"080005","0000","0","161800","162000","162100","162200","163000","164900","165000","165100","165700","165800","161000","160600","160500","160000","159100","158500","158400","158200","158000","157900","387","41","7","2","7","150","1","19","306","31","1","12","505","5","202","5","64","6","324","26","951","1150","0","0","0","0","0","-157200","5","-100.00","1860","10","-18","0","0","","0","0","0","","",""
"080005","0001","0","161800","161900","162000","162100","162200","163000","164900","165000","165100","165700","160500","160000","159100","158500","158400","158200","158000","157900","157700","157600","387","12","41","7","2","7","150","1","19","306","476","5","202","5","64","6","324","26","30","29","932","1167","0","0","0","0","0","-157200","5","-100.00","1902","-19","17","0","0","","0","0","0","","",""
"080005","0002","0","161800","161900","162000","162100","162200","163000","164900","165000","165100","165700","160700","160500","160000","159100","158500","158400","158200","158000","157900","157700","377","12","41","7","2","7","150","1","19","306","12","976","5","202","5","64","6","324","26","30","922","1650","0","0","0","0","0","-157200","5","-100.00","1912","-10","483","0","0","","0","0","0","","",""
"080006","0000","0","161800","161900","162000","162100","162200","163000","164900","165000","165100","165700","160700","160500","160000","159100","158500","158400","158200","158000","157900","157800","416","12","41","7","2","7","150","1","19","306","12","976","5","202","5","64","6","324","26","1","961","1621","0","0","0","0","0","-157200","5","-100.00","1912","39","-29","0","0","","0","0","0","","",""
"080006","0001","0","161800","161900","162000","162100","162200","163000","164900","165000","165100","165700","161000","160700","160500","160000","159100","158500","158400","158200","158000","157900","416","12","41","7","2","7","150","1","19","306","7","12","976","5","202","5","64","56","324","26","961","1677","0","0","0","0","0","-157200","5","-100.00","1912","0","56","0","0","","0","0","0","","",""
"080006","0002","0","161800","161900","162000","162100","162200","163000","164900","165000","165100","165700","161000","160700","160500","160000","159100","158500","158400","158200","158000","157900","415","12","41","7","2","7","150","1","19","306","7","12","976","5","202","5","64","56","324","26","960","1677","0","0","0","0","0","-157200","5","-100.00","1913","-1","0","0","0","","0","0","0","","",""
"080006","0003","0","161800","161900","162000","162100","162200","163000","164900","165000","165100","165700","161000","160700","160500","160000","159100","158500","158400","158200","158000","157900","415","12","41","7","2","7","150","1","19","306","7","12","1476","5","202","5","64","56","324","26","960","2177","0","0","0","0","0","-157200","5","-100.00","1913","0","500","0","0","","0","0","0","","",""
"080007","0000","0","161800","161900","162000","162100","162200","163000","164900","165000","165100","165700","161000","160700","160500","160000","159100","158500","158400","158200","158000","157900","416","12","41","7","2","7","150","1","19","306","7","12","1476","5","202","30","64","56","261","26","961","2139","0","0","0","0","0","-157200","5","-100.00","1913","1","-38","0","0","","0","0","0","","",""
"080007","0001","0","161800","161900","162000","162100","162200","163000","164900","165000","165100","165700","161700","161000","160500","160000","159100","158500","158400","158200","158000","157900","416","12","41","7","2","7","150","1","19","306","23","7","1476","9","202","30","64","56","261","26","961","2154","0","0","0","0","0","-157200","5","-100.00","1920","0","15","0","0","","0","0","0","","",""
"080007","0002","0","161800","161900","162000","162100","162200","163000","164900","165000","165100","165700","161700","161000","160500","160000","159100","158500","158400","158200","158000","157900","414","12","41","7","2","7","150","1","19","306","23","7","1476","9","202","30","64","56","261","26","959","2154","0","0","0","0","0","-157200","5","-100.00","1922","-2","0","0","0","","0","0","0","","",""
"080007","0003","0","161800","161900","162000","162100","162200","163000","164900","165000","165100","165700","160700","160500","160000","159100","158500","158400","158200","158000","157900","157800","423","12","41","7","2","7","150","1","19","306","12","1476","9","202","30","124","56","261","26","1","968","2197","0","0","0","0","0","-157200","5","-100.00","1982","9","43","0","0","","0","0","0","","",""
"080007","0004","0","161800","161900","162000","162100","162200","163000","164900","165000","165100","165700","160700","160500","160000","159100","158500","158400","158200","158000","157900","157800","584","12","41","7","2","7","150","1","19","306","11","1476","9","202","30","124","56","261","26","1","1129","2196","0","0","0","0","0","-157200","5","-100.00","1983","161","-1","0","0","","0","0","0","","",""
"080008","0000","0","161800","161900","162000","162100","162200","163000","164900","165000","165100","165700","161000","160700","160500","160000","159100","158500","158400","158200","158000","157900","584","12","41","7","2","12","150","1","19","306","31","11","1476","9","202","30","124","56","261","26","1134","2226","0","0","0","0","0","-157200","5","-100.00","1983","5","30","0","0","","0","0","0","","",""
"080008","0001","0","161800","161900","162000","162100","162200","163000","164900","165000","165100","165700","161000","160700","160500","160000","159100","158500","158400","158200","158000","157900","566","12","41","8","2","12","150","1","19","306","31","11","1604","9","202","30","124","56","261","26","1117","2354","0","0","0","0","0","-157200","5","-100.00","2001","1","0","0","0","","0","0","0","","",""
"080008","0002","0","161800","161900","162000","162100","162200","163000","164900","165000","165100","165700","161100","161000","160700","160500","160000","159100","158500","158400","158200","158000","975","12","41","8","2","12","150","1","19","306","10","31","11","1604","9","202","30","124","56","261","1526","2338","0","0","0","0","0","-157200","5","-100.00","2001","409","-16","0","0","","0","0","0","","",""
"080008","0003","0","161800","161900","162000","162100","162200","163000","164900","165000","165100","165700","161100","161000","160700","160500","160000","159100","158500","158400","158200","158000","975","12","41","8","2","12","150","1","19","306","10","31","11","1604","9","202","30","124","85","261","1526","2367","0","0","0","0","0","-157200","5","-100.00","2001","0","29","0","0","","0","0","0","","",""
"080008","0004","0","161700","161800","161900","162000","162100","162200","163000","164900","165000","165100","161100","161000","160700","160500","160000","159100","158500","158400","158200","158000","83","975","12","41","8","3","12","150","1","19","10","31","11","1604","9","202","30","124","85","261","1304","2367","0","0","0","0","0","-157200","5","-100.00","2001","-222","0","0","0","","0","0","0","","",""
"080009","0000","0","161700","161800","161900","162000","162100","162200","163000","164900","165000","165100","161100","161000","160700","160500","160000","159100","158500","158400","158200","158000","84","975","12","41","8","3","12","150","1","19","2","31","150","1604","9","202","30","124","85","261","1305","2498","0","0","0","0","0","-157200","5","-100.00","2009","1","131","0","0","","0","0","0","","",""
"080009","0001","0","161500","161800","161900","162000","162100","162200","163000","163500","164900","165000","161100","161000","160700","160500","160000","159100","158500","158400","158200","158000","1","990","12","10","8","3","12","1","150","1","2","31","150","1604","9","202","30","124","85","261","1188","2498","0","0","0","0","0","-157200","5","-100.00","2109","-117","0","0","0","","0","0","0","","",""
"080009","0002","0","161500","161800","161900","162000","162100","162200","163000","163500","164900","165000","161100","161000","160700","160500","160000","159100","158500","158400","158200","158000","11","990","12","10","8","3","12","1","150","2","2","31","150","1604","9","202","30","124","85","261","1199","2498","0","0","0","0","0","-157200","5","-100.00","2109","11","0","0","0","","0","0","0","","",""
"080009","0003","0","161100","161500","161800","161900","162000","162100","162200","163000","163500","164900","161000","160700","160500","160000","159200","159100","159000","158500","158400","158200","2","11","990","18","10","8","3","12","1","150","33","150","1604","9","148","202","58","30","124","85","1205","2443","0","0","0","0","0","-157200","5","-100.00","2111","6","146","0","0","","0","0","0","","",""
"080010","0000","0","161100","161500","161800","161900","162000","162100","162200","163000","163500","164900","161000","160700","160500","160000","159200","159100","159000","158500","158400","158200","2","11","990","18","10","8","3","12","1","150","33","150","1604","9","148","202","58","31","124","85","1205","2444","0","0","0","0","0","-157200","5","-100.00","2111","0","1","0","0","","0","0","0","","",""
"080010","0001","0","161500","161600","161800","161900","162000","162100","162200","163000","163500","164900","161000","160700","160500","160000","159200","159100","159000","158500","158400","158200","10","2","990","18","10","8","1","12","1","150","33","150","1604","24","148","202","58","31","124","85","1202","2459","0","0","0","0","0","-157200","5","-100.00","2114","-3","15","0","0","","0","0","0","","",""
"080010","0002","0","161500","161800","161900","162000","162100","162200","163000","163500","164900","165000","161000","160700","160500","160000","159200","159100","159000","158500","158400","158200","20","990","18","10","8","1","12","1","150","2","48","150","1604","24","148","202","58","6","124","85","1212","2449","0","0","0","0","0","-157200","5","-100.00","2146","12","65","0","0","","0","0","0","","",""
"080010","0003","0","161500","161800","161900","162000","162100","162200","163000","163500","164900","165000","161100","161000","160700","160500","160000","159200","159100","159000","158500","158400","10","990","18","10","8","1","12","1","150","2","146","48","150","1604","24","148","202","58","6","124","1202","2510","0","0","0","0","0","-157200","5","-100.00","2216","-10","61","0","0","","0","0","0","","",""
"080011","0000","0","161500","161800","161900","162000","162100","162200","162700","163000","163500","164900","161100","161000","160700","160500","160000","159200","159100","159000","158500","158400","10","990","18","10","8","1","2","12","1","150","145","48","150","1604","24","148","202","58","6","124","1202","2509","0","0","0","0","0","-157200","5","-100.00","2217","0","-1","0","0","","0","0","0","","",""
"080011","0001","0","161500","161800","161900","162000","162100","162200","162700","163000","163500","164900","161100","161000","160700","160500","160000","159200","159100","159000","158500","158400","10","990","18","10","8","1","2","12","1","150","145","48","150","1604","24","148","202","58","6","124","1202","2509","0","0","0","0","0","-157200","5","-100.00","2217","0","0","0","0","","0","0","0","","",""
"080011","0002","0","161800","161900","162000","162100","162200","162700","163000","163500","164900","165000","161100","161000","160700","160500","160000","159200","159100","159000","158500","158400","970","18","10","8","1","2","12","1","150","2","145","48","150","1604","24","148","202","58","6","124","1174","2509","0","0","0","0","0","-157200","5","-100.00","2247","-28","0","0","0","","0","0","0","","",""
"080011","0003","0","161800","161900","162000","162100","162200","162700","163000","163500","164900","165000","161300","161100","161000","160700","160500","160000","159200","159100","159000","158500","970","18","10","8","1","2","12","1","150","2","11","195","48","150","1604","19","148","202","58","6","1174","2441","0","0","0","0","0","-157200","5","-100.00","2247","0","50","0","0","","0","0","0","","",""
"080011","0004","0","161800","161900","162000","162100","162200","162700","163000","163500","164900","165000","161300","161100","161000","160700","160500","160000","159200","159100","159000","158500","970","18","10","8","1","2","12","1","150","2","1","195","48","150","1604","19","148","202","58","6","1174","2431","0","0","0","0","0","-157200","5","-100.00","2257","0","-10","0","0","","0","0","0","","",""
"080012","0000","0","161800","161900","162000","162100","162200","162700","163000","163500","164900","165000","161100","161000","160700","160500","160000","159200","159100","159000","158500","158400","970","18","10","8","1","2","12","1","150","2","195","48","150","1604","19","148","202","58","6","124","1174","2554","0","0","0","0","0","-157200","5","-100.00","2307","0","123","0","0","","0","0","0","","",""
"080012","0001","0","161800","161900","162000","162100","162200","162700","163000","163500","164900","165000","161100","161000","160700","160500","160000","159200","159100","159000","158500","158400","1028","18","10","8","1","2","12","1","150","2","195","48","150","1604","19","148","202","58","6","124","1232","2554","0","0","0","0","0","-157200","5","-100.00","2307","58","0","0","0","","0","0","0","","",""
"080012","0002","0","161800","161900","162000","162100","162200","162700","163000","163500","164900","165000","161100","161000","160700","160500","160000","159200","159100","159000","158500","158400","1028","18","10","8","1","2","12","1","150","2","195","51","150","1604","19","148","202","58","6","124","1232","2557","0","0","0","0","0","-157200","5","-100.00","2307","0","3","0","0","","0","0","0","","",""
"080012","0003","0","161600","161800","161900","162000","162100","162200","162700","163000","163500","163800","161100","161000","160700","160500","160000","159200","159100","159000","158500","158400","4","1228","18","10","8","1","2","12","1","1","185","51","150","1604","19","148","202","58","6","124","1285","2547","0","0","0","0","0","-157200","5","-100.00","2318","-147","-10","0","0","","0","0","0","","",""
"080012","0004","0","161800","161900","162000","162100","162200","162700","163000","163500","163800","164900","161100","161000","160700","160500","160000","159700","159200","159100","159000","158500","1202","18","10","8","1","2","12","1","1","150","186","51","150","1604","19","1","148","202","58","6","1405","2425","0","0","0","0","0","-157200","5","-100.00","2348","120","-122","0","0","","0","0","0","","",""
"080013","0000","0","161700","161800","161900","162000","162100","162200","162700","163000","163500","163800","161100","161000","160700","160500","160000","159700","159200","159100","159000","158500","5","1203","18","10","8","1","2","12","1","1","186","66","150","1604","19","1","148","202","58","6","1261","2440","0","0","0","0","0","-157200","5","-100.00","2348","-144","15","0","0","","0","0","0","","",""
"080014","0000","0","161700","161800","161900","162000","162100","162200","162700","163000","163500","163800","161100","161000","160700","160500","160000","159700","159200","159100","159000","158500","11","1243","18","10","8","1","2","22","1","1","188","66","150","1604","19","1","148","202","58","6","1317","2442","0","0","0","0","0","-157200","5","-100.00","2349","50","2","0","0","","0","0","0","","",""
"080014","0001","0","161500","161700","161800","161900","162000","162100","162200","162700","163000","163500","161100","161000","160700","160500","160000","159700","159200","159100","159000","158500","7","11","1311","18","10","8","1","2","22","1","188","66","150","1604","19","1","148","202","58","6","1391","2442","0","0","0","0","0","-157200","5","-100.00","2349","74","0","0","0","","0","0","0","","",""
"080014","0002","0","161500","161700","161800","161900","162000","162100","162200","162700","163000","163500","161100","161000","160700","160500","160000","159700","159200","159100","159000","158500","7","11","1321","18","10","8","1","2","22","1","188","66","150","1604","19","1","148","202","58","6","1401","2442","0","0","0","0","0","-157200","5","-100.00","2349","10","0","0","0","","0","0","0","","",""
"080014","0003","0","161500","161700","161800","161900","162000","162100","162200","162700","163000","163500","161100","161000","160700","160500","160000","159700","159200","159100","159000","158500","8","11","1321","70","10","8","1","2","22","1","188","68","150","1604","19","1","148","202","58","6","1454","2444","0","0","0","0","0","-157200","5","-100.00","2351","52","-2","0","0","","0","0","0","","",""
"080014","0004","0","161500","161700","161800","161900","162000","162100","162200","162700","163000","163500","161100","161000","160700","160500","160000","159700","159200","159100","159000","158500","8","11","1321","70","11","8","1","2","22","1","191","68","150","1604","19","1","148","202","58","6","1455","2447","0","0","0","0","0","-157200","5","-100.00","2351","1","3","0","0","","0","0","0","","",""
"080015","0000","0","161500","161700","161800","161900","162000","162100","162200","162700","163000","163500","161100","161000","160700","160500","160000","159700","159200","159100","159000","158500","3","13","1322","70","11","8","1","2","22","1","141","69","150","1647","19","1","148","202","58","6","1453","2441","0","0","0","0","0","-157200","5","-100.00","2406","-5","-7","0","0","","0","0","0","","",""
"080015","0001","0","161500","161700","161800","161900","162000","162100","162200","162700","163000","163500","161100","161000","160700","160500","160000","159700","159200","159100","159000","158500","3","13","1283","70","11","8","1","2","22","1","102","69","150","1647","19","1","148","202","58","6","1414","2402","0","0","0","0","0","-157200","5","-100.00","2445","-39","-39","0","0","","0","0","0","","",""
"080015","0002","0","161500","161700","161800","161900","162000","162100","162200","162700","163000","163500","161100","161000","160700","160500","160000","159700","159200","159100","159000","158500","3","15","1283","70","11","8","2","2","22","1","102","69","150","1647","19","1","148","202","58","6","1417","2402","0","0","0","0","0","-157200","5","-100.00","2445","3","0","0","0","","0","0","0","","",""
"080015","0003","0","161500","161600","161700","161800","161900","162000","162100","162200","162700","163000","161100","161000","160700","160500","160000","159700","159200","159100","159000","158500","3","12","15","1283","58","11","8","2","2","22","102","69","150","1647","19","2","148","202","58","6","1416","2403","0","0","0","0","0","-157200","5","-100.00","2445","0","1","0","0","","0","0","0","","",""
"080015","0004","0","161500","161600","161700","161800","161900","162000","162100","162200","162700","163000","161100","161000","160700","160500","160000","159700","159200","159100","159000","158500","3","12","15","1283","58","11","8","3","2","22","100","69","150","1647","19","2","148","202","58","6","1417","2401","0","0","0","0","0","-157200","5","-100.00","2447","0","-2","0","0","","0","0","0","","",""
"080016","0000","0","161400","161500","161600","161700","161800","161900","162000","162100","162200","162700","160500","160000","159700","159200","159100","159000","158500","158400","158200","158000","143","3","12","15","1283","58","19","8","3","2","1563","19","2","148","202","58","6","124","85","261","1546","2468","0","0","0","0","0","-157200","5","-100.00","2869","129","67","0","0","","0","0","0","","",""
"080016","0001","0","161100","161400","161500","161600","161700","161800","161900","162000","162100","162200","160500","160000","159700","159200","159100","159000","158500","158400","158200","158000","2","143","5","12","30","1283","58","19","8","3","1563","19","2","148","202","58","6","124","85","261","1563","2468","0","0","0","0","0","-157200","5","-100.00","2874","17","0","0","0","","0","0","0","","",""
"080016","0002","0","161300","161400","161500","161600","161700","161800","161900","162000","162100","162200","161100","160500","160000","159700","159200","159100","159000","158500","158400","158200","1","130","5","12","30","1283","58","19","8","4","19","1563","19","2","148","202","58","6","124","85","1550","2226","0","0","0","0","0","-157200","5","-100.00","2889","0","16","0","0","","0","0","0","","",""
"080016","0003","0","161400","161500","161600","161700","161800","161900","162000","162100","162200","162700","161200","161100","160500","160000","159700","159600","159200","159100","159000","158500","49","5","12","30","1248","58","19","8","4","2","5","19","1563","19","2","1","148","202","58","6","1435","2023","0","0","0","0","0","-157200","5","-100.00","3006","-115","-203","0","0","","0","0","0","","",""
"080017","0000","0","161400","161500","161600","161700","161800","161900","162000","162100","162200","162700","161200","161100","160500","160000","159700","159600","159200","159100","159000","158500","49","5","12","30","1248","58","19","8","4","2","3","19","1563","19","2","1","148","202","58","6","1435","2021","0","0","0","0","0","-157200","5","-100.00","3008","0","-2","0","0","","0","0","0","","",""
"080017","0001","0","161400","161500","161600","161700","161800","161900","162000","162100","162200","162700","161100","160500","160000","159700","159600","159200","159100","159000","158500","158400","49","15","12","30","1248","58","19","8","4","2","35","1563","19","2","2","148","202","58","6","124","1445","2159","0","0","0","0","0","-157200","5","-100.00","3016","10","9","0","0","","0","0","0","","",""
"080017","0002","0","161400","161500","161600","161700","161800","161900","162000","162100","162200","162700","161100","160500","160000","159700","159600","159200","159100","159000","158500","158400","49","15","12","30","1248","58","19","8","4","2","40","1563","19","2","2","148","202","58","6","124","1445","2164","0","0","0","0","0","-157200","5","-100.00","3016","0","5","0","0","","0","0","0","","",""
"080017","0003","0","161400","161500","161600","161700","161800","161900","162000","162100","162200","162700","161100","160500","160000","159700","159600","159200","159100","159000","158500","158400","49","15","12","30","1180","58","19","8","4","2","40","1563","19","2","2","148","202","58","6","124","1377","2164","0","0","0","0","0","-157200","5","-100.00","3016","-68","0","0","0","","0","0","0","","",""
"080017","0004","0","161400","161500","161600","161700","161800","161900","162000","162100","162200","162700","161100","160500","160000","159700","159600","159200","159100","159000","158500","158400","49","15","12","30","1180","58","19","8","4","2","114","1563","19","2","2","148","202","58","6","124","1377","2238","0","0","0","0","0","-157200","5","-100.00","3016","0","74","0","0","","0","0","0","","",""
"080018","0000","0","161400","161500","161600","161700","161800","161900","162000","162100","162200","162700","161100","160500","160000","159700","159600","159200","159100","159000","158500","158400","49","16","12","30","1180","58","19","8","4","2","114","1563","31","2","2","148","202","58","6","124","1378","2250","0","0","0","0","0","-157200","5","-100.00","3016","1","12","0","0","","0","0","0","","",""
"080018","0001","0","161400","161500","161600","161700","161800","161900","162000","162100","162200","162700","161100","160500","160000","159700","159600","159500","159200","159100","159000","158500","49","16","12","30","1180","58","19","8","4","2","114","1563","31","2","2","1","148","202","58","6","1378","2127","0","0","0","0","0","-157200","5","-100.00","3016","0","-123","0","0","","0","0","0","","",""
"080018","0002","0","161300","161400","161500","161600","161700","161800","161900","162000","162100","162200","161100","161000","160500","160000","159700","159600","159500","159200","159100","159000","1","45","16","12","30","1180","58","19","8","4","144","10","1563","41","2","2","1","148","202","58","1373","2171","0","0","0","0","0","-157200","5","-100.00","3016","0","0","0","0","","0","0","0","","",""
"080018","0003","0","161300","161400","161500","161600","161700","161800","161900","162000","162100","162200","161100","161000","160500","160000","159700","159600","159500","159200","159100","159000","156","45","16","12","30","1020","58","19","8","4","144","10","1723","41","2","2","1","148","202","58","1368","2331","0","0","0","0","0","-157200","5","-100.00","3021","-5","160","0","0","","0","0","0","","",""
"080018","0004","0","161300","161400","161500","161600","161700","161800","161900","162000","162100","162200","161100","161000","160500","160000","159700","159600","159500","159200","159100","159000","156","46","16","12","30","1020","58","19","8","4","143","10","1723","41","2","2","1","148","202","58","1369","2330","0","0","0","0","0","-157200","5","-100.00","3022","1","-1","0","0","","0","0","0","","",""
"080019","0000","0","161300","161400","161500","161600","161700","161800","161900","162000","162100","162200","161100","161000","160500","160000","159700","159600","159500","159200","159100","159000","156","96","16","12","24","1020","58","19","8","4","137","10","1728","41","2","2","2","148","202","58","1413","2330","0","0","0","0","0","-157200","5","-100.00","3032","0","5","0","0","","0","0","0","","",""
"080019","0001","0","161300","161400","161500","161600","161700","161800","161900","162000","162100","162200","161100","161000","160500","160000","159700","159600","159500","159200","159100","159000","156","96","16","12","24","1020","58","19","8","4","140","10","1728","41","2","2","2","148","202","58","1413","2333","0","0","0","0","0","-157200","5","-100.00","3032","0","3","0","0","","0","0","0","","",""
"080019","0002","0","161300","161400","161500","161600","161700","161800","161900","162000","162100","162200","161100","161000","160500","160000","159700","159600","159500","159200","159100","159000","224","106","16","16","24","1020","58","19","8","5","141","10","1728","41","2","2","2","148","202","58","1496","2334","0","0","0","0","0","-157200","5","-100.00","3032","2","0","0","0","","0","0","0","","",""
"080019","0003","0","161300","161400","161500","161600","161700","161800","161900","162000","162100","162200","161100","161000","160500","160000","159700","159600","159500","159200","159100","159000","224","106","16","16","24","1020","60","19","8","5","140","10","1728","41","2","2","2","148","202","58","1498","2333","0","0","0","0","0","-157200","5","-100.00","3033","2","-1","0","0","","0","0","0","","",""
"080019","0004","0","161300","161400","161500","161600","161700","161800","161900","162000","162100","162200","161100","161000","160500","160000","159700","159600","159500","159400","159200","159100","224","107","16","16","24","1020","60","19","8","5","140","10","1728","41","2","2","2","1","148","202","1499","2276","0","0","0","0","0","-157200","5","-100.00","3033","1","-57","0","0","","0","0","0","","",""
"080020","0000","0","161300","161400","161500","161600","161700","161800","161900","162000","162100","162200","161100","161000","160500","160000","159700","159600","159500","159400","159200","159100","219","107","16","16","24","1020","60","19","8","5","197","10","1728","41","2","2","2","1","148","202","1494","2333","0","0","0","0","0","-157200","5","-100.00","3043","-5","57","0","0","","0","0","0","","",""
"080020","0001","0","161300","161400","161500","161600","161700","161800","161900","162000","162100","162200","161100","161000","160500","160000","159700","159600","159500","159400","159200","159100","229","107","16","16","24","1039","60","19","8","5","196","10","1728","41","2","2","2","1","148","202","1523","2332","0","0","0","0","0","-157200","5","-100.00","3045","19","-1","0","0","","0","0","0","","",""
"080020","0002","0","161300","161400","161500","161600","161700","161800","161900","162000","162100","162200","161100","161000","160500","160000","159700","159600","159500","159400","159200","159100","229","107","16","16","25","1039","60","19","8","5","198","10","1728","71","2","2","2","1","148","202","1524","2364","0","0","0","0","0","-157200","5","-100.00","3045","1","32","0","0","","0","0","0","","",""
"080020","0003","0","161300","161400","161500","161600","161700","161800","161900","162000","162100","162200","161100","161000","160500","160000","159700","159600","159500","159400","159200","159100","229","107","16","16","25","1039","60","19","8","5","198","10","1728","71","2","2","2","2","148","202","1524","2365","0","0","0","0","0","-157200","5","-100.00","3045","0","1","0","0","","0","0","0","","",""
"080020","0004","0","161300","161400","161500","161600","161700","161800","161900","162000","162100","162200","161200","161100","161000","160500","160000","159700","159600","159500","159400","159200","229","107","16","16","25","1039","60","19","8","5","150","198","10","1728","71","2","2","2","2","148","1524","2313","0","0","0","0","0","-157200","5","-100.00","3045","0","-52","0","0","","0","0","0","","",""
"080021","0000","0","161300","161400","161500","161600","161700","161800","161900","162000","162100","162200","161200","161100","161000","160500","160000","159700","159600","159500","159400","159200","266","107","16","16","25","1039","60","19","8","5","140","229","10","1728","71","2","2","2","2","148","1561","2334","0","0","0","0","0","-157200","5","-100.00","3055","0","31","0","0","","0","0","0","","",""
"080021","0001","0","161300","161400","161500","161600","161700","161800","161900","162000","162100","162200","161200","161100","161000","160500","160000","159700","159600","159500","159400","159200","265","107","17","16","27","1039","60","19","8","8","112","229","10","1728","71","2","2","2","2","148","1566","2306","0","0","0","0","0","-157200","5","-100.00","3084","5","-28","0","0","","0","0","0","","",""
"080021","0002","0","161300","161400","161500","161600","161700","161800","161900","162000","162100","162200","161200","161100","161000","160500","160000","159700","159600","159500","159400","159300","265","107","17","236","27","1039","60","19","8","8","109","229","10","1728","71","2","2","2","2","1","1786","2156","0","0","0","0","0","-157200","5","-100.00","3087","220","-150","0","0","","0","0","0","","",""
"080021","0003","0","161300","161400","161500","161600","161700","161800","161900","162000","162100","162200","161200","161100","161000","160500","160000","159700","159600","159500","159400","159300","265","107","17","236","27","1039","54","19","8","8","109","229","10","1728","71","2","2","2","2","1","1780","2156","0","0","0","0","0","-157200","5","-100.00","3087","-6","0","0","0","","0","0","0","","",""
"080022","0000","0","161300","161400","161500","161600","161700","161800","161900","162000","162100","162200","161200","161100","161000","160500","160000","159700","159600","159500","159400","159300","270","107","17","236","27","1039","54","19","8","8","101","239","10","1728","71","2","62","2","2","1","1785","2218","0","0","0","0","0","-157200","5","-100.00","3098","5","3","0","0","","0","0","0","","",""
"080022","0001","0","161200","161300","161400","161500","161600","161700","161800","161900","162000","162100","161100","161000","160600","160500","160000","159700","159600","159500","159400","159300","479","295","108","17","236","32","1039","54","19","8","238","10","5","1728","71","2","62","2","2","1","2287","2121","0","0","0","0","0","-157200","5","-100.00","3689","502","-97","0","0","","0","0","0","","",""
"080022","0002","0","161200","161300","161400","161500","161600","161700","161800","161900","162000","162100","161100","161000","160600","160500","160000","159700","159600","159500","159400","159300","479","304","108","17","236","32","1030","54","19","8","239","10","5","1728","71","2","62","2","2","1","2287","2122","0","0","0","0","0","-157200","5","-100.00","3689","0","1","0","0","","0","0","0","","",""
"080022","0003","0","161200","161300","161400","161500","161600","161700","161800","161900","162000","162100","161100","161000","160600","160500","160000","159700","159600","159500","159400","159300","479","304","108","17","241","32","1030","54","19","8","259","10","5","1728","71","2","62","2","2","2","2292","2143","0","0","0","0","0","-157200","5","-100.00","3689","5","20","0","0","","0","0","0","","",""
"080022","0004","0","161200","161300","161400","161500","161600","161700","161800","161900","162000","162100","161100","161000","160600","160500","160000","159700","159600","159500","159400","159300","668","304","108","17","241","32","1030","54","19","8","307","10","5","1728","71","2","62","2","2","2","2481","2191","0","0","0","0","0","-157200","5","-100.00","3702","189","48","0","0","","0","0","0","","",""
"080023","0000","0","161200","161300","161400","161500","161600","161700","161800","161900","162000","162100","161100","161000","160600","160500","160000","159700","159600","159500","159400","159300","668","304","108","17","241","32","1030","54","19","8","307","10","5","1728","81","2","62","2","2","2","2481","2201","0","0","0","0","0","-157200","5","-100.00","3702","0","10","0","0","","0","0","0","","",""
"080023","0001","0","161200","161300","161400","161500","161600","161700","161800","161900","162000","162100","161100","161000","160600","160500","160000","159700","159600","159500","159400","159300","668","304","108","17","241","92","1030","54","19","8","307","10","5","1728","81","2","62","2","2","2","2541","2201","0","0","0","0","0","-157200","5","-100.00","3702","60","0","0","0","","0","0","0","","",""
"080023","0002","0","161200","161300","161400","161500","161600","161700","161800","161900","162000","162100","161100","161000","160600","160500","160000","159800","159700","159600","159500","159400","668","304","178","17","241","92","1030","54","19","8","307","10","5","1728","81","1","2","62","2","2","2611","2200","0","0","0","0","0","-157200","5","-100.00","3702","70","-1","0","0","","0","0","0","","",""
"080023","0003","0","161100","161200","161300","161400","161500","161600","161700","161800","161900","162000","161000","160600","160500","160000","159800","159700","159600","159500","159400","159300","102","698","304","278","17","241","92","1030","54","19","10","5","1728","81","1","2","62","2","2","2","2835","1895","0","0","0","0","0","-157200","5","-100.00","4309","224","-305","0","0","","0","0","0","","",""
"080024","0000","0","160900","161000","161100","161200","161300","161400","161500","161600","161700","161800","160600","160500","160000","159800","159700","159600","159500","159400","159300","159100","306","5","78","668","304","283","18","241","95","1030","36","1728","81","1","2","62","2","2","2","202","3028","2118","0","0","0","0","0","-157200","5","-100.00","4349","4","0","0","0","","0","0","0","","",""
"080024","0001","0","160900","161100","161200","161300","161400","161500","161600","161700","161800","161900","160600","160500","160000","159800","159700","159600","159500","159400","159300","159100","205","6","668","304","283","18","241","95","1030","54","36","1728","81","1","2","62","2","2","2","202","2904","2118","0","0","0","0","0","-157200","5","-100.00","4450","-124","0","0","0","","0","0","0","","",""
"080024","0002","0","160900","161100","161200","161300","161400","161500","161600","161700","161800","161900","160600","160500","160000","159800","159700","159600","159500","159400","159300","159100","193","6","668","304","283","18","251","95","1030","54","36","1728","81","1","2","62","2","2","2","202","2902","2118","0","0","0","0","0","-157200","5","-100.00","4462","-2","0","0","0","","0","0","0","","",""
"080024","0003","0","160900","161100","161200","161300","161400","161500","161600","161700","161800","161900","160600","160500","160000","159800","159700","159600","159500","159400","159300","159100","193","6","668","309","283","18","251","95","1030","54","36","1728","81","1","2","62","2","2","2","202","2907","2118","0","0","0","0","0","-157200","5","-100.00","4462","5","0","0","0","","0","0","0","","",""
"080024","0004","0","160900","161100","161200","161300","161400","161500","161600","161700","161800","161900","160600","160500","160000","159800","159700","159600","159500","159400","159300","159100","193","7","668","309","283","518","251","95","1030","54","36","1728","81","1","2","62","2","2","2","202","3408","2118","0","0","0","0","0","-157200","5","-100.00","4462","501","0","0","0","","0","0","0","","",""
"080025","0000","0","160900","161100","161200","161300","161400","161500","161600","161700","161800","161900","160600","160500","160000","159800","159700","159600","159500","159400","159300","159100","184","22","668","310","283","518","251","95","1030","54","36","1728","81","1","2","62","2","2","2","202","3415","2118","0","0","0","0","0","-157200","5","-100.00","4471","1","0","0","0","","0","0","0","","",""
"080025","0001","0","160900","161100","161200","161300","161400","161500","161600","161700","161800","161900","160600","160500","160000","159800","159700","159600","159500","159400","159300","159100","184","22","668","310","283","518","251","95","1030","54","36","1568","81","1","2","62","2","2","2","202","3415","1958","0","0","0","0","0","-157200","5","-100.00","4471","0","-160","0","0","","0","0","0","","",""
"080025","0002","0","160900","161100","161200","161300","161400","161500","161600","161700","161800","161900","160600","160500","160000","159800","159700","159600","159500","159400","159300","159100","184","22","668","311","283","518","251","95","1030","54","36","1572","77","2","2","62","2","2","2","202","3416","1959","0","0","0","0","0","-157200","5","-100.00","4471","1","1","0","0","","0","0","0","","",""
"080025","0003","0","160900","161100","161200","161300","161400","161500","161600","161700","161800","161900","160600","160500","160000","159800","159700","159600","159500","159400","159300","159100","184","22","1077","311","283","518","251","95","621","54","36","1572","78","2","2","62","2","2","2","202","3416","1960","0","0","0","0","0","-157200","5","-100.00","4471","0","1","0","0","","0","0","0","","",""
"080025","0004","0","160900","161100","161200","161300","161400","161500","161600","161700","161800","161900","160600","160500","160000","159800","159700","159600","159500","159400","159300","159100","169","32","1086","311","283","518","251","99","621","54","36","1572","78","2","2","62","2","2","2","202","3424","1960","0","0","0","0","0","-157200","5","-100.00","4486","8","0","0","0","","0","0","0","","",""
"080026","0000","0","160900","161100","161200","161300","161400","161500","161600","161700","161800","161900","160600","160500","160000","159800","159700","159600","159500","159400","159300","159100","119","35","1086","311","283","518","252","149","621","54","111","1572","78","2","2","62","2","2","2","202","3428","2035","0","0","0","0","0","-157200","5","-100.00","4561","51","75","0","0","","0","0","0","","",""
"080026","0001","0","160900","161100","161200","161300","161400","161500","161600","161700","161800","161900","160600","160500","160000","159800","159700","159600","159500","159400","159300","159100","109","35","1086","311","283","518","252","149","621","54","111","1572","78","3","2","62","2","2","2","202","3418","2036","0","0","0","0","0","-157200","5","-100.00","4571","-10","1","0","0","","0","0","0","","",""
"080026","0002","0","161200","161300","161400","161500","161600","161700","161800","161900","162000","162100","160600","160500","160000","159800","159700","159600","159500","159400","159300","159100","975","311","283","518","252","149","621","54","21","8","106","1572","78","3","2","62","2","2","2","202","3192","2031","0","0","0","0","0","-157200","5","-100.00","4831","-226","-5","0","0","","0","0","0","","",""
"080026","0003","0","161200","161300","161400","161500","161600","161700","161800","161900","162000","162100","160600","160500","160000","159800","159700","159600","159500","159400","159300","159100","975","311","283","518","252","149","621","54","21","8","106","1582","78","3","2","62","2","2","2","202","3192","2041","0","0","0","0","0","-157200","5","-100.00","4831","0","10","0","0","","0","0","0","","",""
"080026","0004","0","160900","161100","161200","161300","161400","161500","161600","161700","161800","161900","160600","160500","160000","159800","159700","159600","159500","159400","159300","159100","8","2","975","311","283","518","252","149","621","54","106","1582","78","3","2","62","2","2","2","202","3173","2041","0","0","0","0","0","-157200","5","-100.00","4831","-19","0","0","0","","0","0","0","","",""
"080027","0000","0","160800","160900","161100","161200","161300","161400","161500","161600","161700","161800","160600","160500","160000","159800","159700","159600","159500","159400","159300","159100","14","19","2","975","311","283","551","252","149","590","106","1582","78","3","2","62","2","2","2","202","3146","2041","0","0","0","0","0","-157200","5","-100.00","4831","-37","0","0","0","","0","0","0","","",""
"080027","0001","0","160800","160900","161100","161200","161300","161400","161500","161600","161700","161800","160600","160500","160000","159900","159800","159700","159600","159500","159400","159300","14","19","2","975","311","283","551","252","149","590","106","1582","78","1","3","2","62","2","2","2","3146","1840","0","0","0","0","0","-157200","5","-100.00","4831","0","-201","0","0","","0","0","0","","",""
"080027","0002","0","160800","160900","161100","161200","161300","161400","161500","161600","161700","161800","160600","160500","160000","159900","159800","159700","159600","159500","159400","159300","14","56","2","975","311","283","551","252","163","590","106","1582","78","1","3","2","62","2","2","2","3197","1840","0","0","0","0","0","-157200","5","-100.00","4831","51","0","0","0","","0","0","0","","",""
"080028","0000","0","160800","160900","161100","161200","161300","161400","161500","161600","161700","161800","160600","160500","160000","159900","159800","159700","159600","159500","159400","159300","34","72","2","975","311","283","551","252","163","590","126","1582","138","1","3","2","62","2","2","2","3233","1920","0","0","0","0","0","-157200","5","-100.00","4831","0","60","0","0","","0","0","0","","",""
"080028","0001","0","160800","160900","161100","161200","161300","161400","161500","161600","161700","161800","160600","160500","160000","159900","159800","159700","159600","159500","159400","159300","34","72","2","975","311","285","551","252","164","591","126","1582","138","1","3","2","62","2","2","2","3237","1920","0","0","0","0","0","-157200","5","-100.00","4831","4","0","0","0","","0","0","0","","",""
"080028","0002","0","160800","160900","161100","161200","161300","161400","161500","161600","161700","161800","160600","160500","160000","159900","159800","159700","159600","159500","159400","159300","34","72","2","975","311","286","551","252","164","591","126","1582","138","2","3","2","62","2","2","2","3238","1921","0","0","0","0","0","-157200","5","-100.00","4831","1","1","0","0","","0","0","0","","",""
"080028","0003","0","160800","160900","161100","161200","161300","161400","161500","161600","161700","161800","160600","160500","160000","159900","159800","159700","159600","159500","159400","159300","39","67","2","975","311","286","551","254","164","591","126","1582","138","2","3","2","62","2","2","2","3240","1921","0","0","0","0","0","-157200","5","-100.00","4831","2","0","0","0","","0","0","0","","",""
"080028","0004","0","160800","160900","161100","161200","161300","161400","161500","161600","161700","161800","160600","160500","160000","159900","159800","159700","159600","159500","159400","159300","37","67","2","975","311","286","551","254","164","591","188","1582","138","2","3","2","62","2","2","2","3238","1983","0","0","0","0","0","-157200","5","-100.00","4833","-2","62","0","0","","0","0","0","","",""
"080029","0000","0","160800","160900","161100","161200","161300","161400","161500","161600","161700","161800","160600","160500","160000","159900","159800","159700","159600","159500","159400","159300","35","67","31","975","311","286","551","254","162","591","188","1582","138","2","3","2","62","2","2","2","3263","1983","0","0","0","0","0","-157200","5","-100.00","4835","25","0","0","0","","0","0","0","","",""
"080029","0001","0","160800","160900","161100","161200","161300","161400","161500","161600","161700","161800","160600","160500","160000","159900","159800","159700","159600","159500","159400","159300","35","67","31","975","311","286","551","254","162","591","188","1582","438","2","3","2","62","2","2","2","3263","2283","0","0","0","0","0","-157200","5","-100.00","4835","0","300","0","0","","0","0","0","","",""
"080029","0002","0","160800","160900","161100","161200","161300","161400","161500","161600","161700","161800","160600","160500","160000","159900","159800","159700","159600","159500","159400","159300","30","67","31","975","311","286","551","254","162","591","188","1577","438","2","3","2","62","2","2","2","3258","2278","0","0","0","0","0","-157200","5","-100.00","4840","-5","0","0","0","","0","0","0","","",""
"080029","0003","0","160800","160900","161100","161200","161300","161400","161500","161600","161700","161800","160600","160500","160000","159900","159800","159700","159600","159500","159400","159300","27","67","31","975","311","286","551","254","163","591","194","1577","438","2","3","2","62","2","2","2","3256","2284","0","0","0","0","0","-157200","5","-100.00","4843","-2","6","0","0","","0","0","0","","",""
"080029","0004","0","160800","160900","161100","161200","161300","161400","161500","161600","161700","161800","160600","160500","160000","159900","159800","159700","159600","159500","159400","159300","16","67","31","1085","311","286","551","254","163","591","194","1577","438","3","3","2","62","2","2","2","3355","2285","0","0","0","0","0","-157200","5","-100.00","4854","-10","0","0","0","","0","0","0","","",""
"080030","0000","0","160800","160900","161100","161200","161300","161400","161500","161600","161700","161800","160600","160500","160300","160000","159900","159800","159700","159600","159500","159400","16","72","31","1086","311","286","551","254","163","591","195","1577","10","438","3","3","2","62","27","2","3361","2319","0","0","0","0","0","-157200","5","-100.00","4854","1","26","0","0","","0","0","0","","",""
"080030","0001","0","160800","160900","161100","161200","161300","161400","161500","161600","161700","161800","160600","160500","160300","160000","159900","159800","159700","159600","159500","159400","16","72","35","1086","311","286","551","254","163","591","195","1577","10","438","3","3","2","62","27","2","3365","2319","0","0","0","0","0","-157200","5","-100.00","4854","4","0","0","0","","0","0","0","","",""
"080030","0002","0","161100","161200","161300","161400","161500","161600","161700","161800","161900","162000","160600","160500","160300","160000","159900","159800","159700","159600","159500","159400","29","1087","311","286","551","254","163","591","54","22","378","1577","10","438","3","3","2","62","27","2","3348","2502","0","0","0","0","0","-157200","5","-100.00","4954","6","36","0","0","","0","0","0","","",""
"080031","0000","0","161100","161200","161300","161400","161500","161600","161700","161800","161900","162000","160600","160500","160300","160000","159900","159800","159700","159600","159500","159400","29","1087","311","286","551","256","163","342","54","22","329","1577","10","438","3","3","2","62","27","2","3101","2453","0","0","0","0","0","-157200","5","-100.00","5203","-247","-49","0","0","","0","0","0","","",""
"080031","0001","0","161000","161100","161200","161300","161400","161500","161600","161700","161800","161900","160600","160500","160300","160000","159900","159800","159700","159600","159500","159400","100","54","1088","311","286","551","256","163","342","54","329","1577","10","498","3","3","2","2","27","2","3205","2453","0","0","0","0","0","-157200","5","-100.00","5203","104","0","0","0","","0","0","0","","",""
"080031","0002","0","161000","161100","161200","161300","161400","161500","161600","161700","161800","161900","160600","160500","160300","160000","159900","159800","159700","159600","159500","159400","110","54","1089","311","286","551","256","163","343","54","62","1577","10","498","3","3","2","2","27","2","3217","2186","0","0","0","0","0","-157200","5","-100.00","5803","1","-277","0","0","","0","0","0","","",""
"080031","0003","0","161000","161100","161200","161300","161400","161500","161600","161700","161800","161900","160600","160500","160300","160000","159900","159800","159700","159600","159500","159400","107","54","1092","311","296","551","256","163","343","54","62","1608","10","498","3","3","2","2","27","2","3227","2217","0","0","0","0","0","-157200","5","-100.00","5806","10","31","0","0","","0","0","0","","",""
"080032","0000","0","161000","161100","161200","161300","161400","161500","161600","161700","161800","161900","160600","160500","160300","160000","159900","159800","159700","159600","159500","159400","107","54","1092","311","296","551","256","163","343","54","62","1783","10","498","3","3","3","2","27","2","3227","2393","0","0","0","0","0","-157200","5","-100.00","5806","0","1","0","0","","0","0","0","","",""
"080032","0001","0","161000","161100","161200","161300","161400","161500","161600","161700","161800","161900","160800","160600","160500","160300","160000","159900","159800","159700","159600","159500","107","54","1092","311","296","551","256","163","343","54","19","62","1783","10","498","3","3","3","2","27","3227","2410","0","0","0","0","0","-157200","5","-100.00","5817","0","17","0","0","","0","0","0","","",""
"080032","0002","0","161000","161100","161200","161300","161400","161500","161600","161700","161800","161900","160800","160600","160500","160300","160000","159900","159800","159700","159600","159500","107","54","1092","311","296","551","256","163","343","54","18","62","1788","10","498","3","3","3","2","28","3227","2415","0","0","0","0","0","-157200","5","-100.00","5818","0","5","0","0","","0","0","0","","",""
"080032","0003","0","161000","161100","161200","161300","161400","161500","161600","161700","161800","161900","160800","160600","160500","160300","160000","159900","159800","159700","159600","159500","107","54","1092","311","296","551","256","163","343","54","18","62","1801","10","498","3","3","3","3","28","3227","2429","0","0","0","0","0","-157200","5","-100.00","5818","0","14","0","0","","0","0","0","","",""
"080033","0000","0","161000","161100","161200","161300","161400","161500","161600","161700","161800","161900","160800","160600","160500","160300","160000","159900","159800","159700","159600","159500","107","54","1092","311","296","551","256","163","343","59","118","73","1801","10","508","3","3","3","3","28","3232","2550","0","0","0","0","0","-157200","5","-100.00","5818","5","121","0","0","","0","0","0","","",""
"080033","0001","0","161000","161100","161200","161300","161400","161500","161600","161700","161800","161900","160800","160600","160500","160300","160000","159900","159800","159700","159600","159500","107","91","1112","279","296","551","256","163","343","59","118","73","1801","10","508","3","3","3","3","28","3257","2550","0","0","0","0","0","-157200","5","-100.00","5818","25","0","0","0","","0","0","0","","",""
"080033","0002","0","161000","161100","161200","161300","161400","161500","161600","161700","161800","161900","160800","160600","160500","160300","160000","159900","159800","159700","159600","159500","110","91","1112","279","296","551","256","163","343","59","112","78","1801","10","508","3","3","3","3","28","3260","2549","0","0","0","0","0","-157200","5","-100.00","5829","3","-1","0","0","","0","0","0","","",""
"080033","0003","0","161000","161100","161200","161300","161400","161500","161600","161700","161800","161900","160900","160800","160600","160500","160300","160000","159900","159800","159700","159600","110","91","1112","279","261","551","256","163","343","62","40","112","78","1801","10","508","3","3","3","3","3228","2561","0","0","0","0","0","-157200","5","-100.00","5829","3","0","0","0","","0","0","0","","",""
"080033","0004","0","161000","161100","161200","161300","161400","161500","161600","161700","161800","161900","160900","160800","160600","160500","160300","160000","159900","159800","159700","159600","110","92","1112","279","261","551","256","163","343","62","40","112","78","1804","10","508","3","3","3","3","3229","2564","0","0","0","0","0","-157200","5","-100.00","5829","1","3","0","0","","0","0","0","","",""
"080034","0000","0","161000","161100","161200","161300","161400","161500","161600","161700","161800","161900","160900","160800","160600","160500","160300","160000","159900","159800","159700","159600","145","92","703","279","261","551","256","148","752","62","35","112","78","1804","10","508","3","3","3","3","3249","2559","0","0","0","0","0","-157200","5","-100.00","5834","20","-5","0","0","","0","0","0","","",""
"080034","0001","0","161000","161100","161200","161300","161400","161500","161600","161700","161800","161900","160900","160800","160600","160500","160300","160000","159900","159800","159700","159600","145","93","705","279","261","551","256","148","754","62","35","112","78","1804","10","508","3","3","3","3","3254","2559","0","0","0","0","0","-157200","5","-100.00","5834","5","0","0","0","","0","0","0","","",""
"080034","0002","0","161000","161100","161200","161300","161400","161500","161600","161700","161800","161900","160900","160800","160600","160500","160300","160000","159900","159800","159700","159600","255","93","711","279","261","579","256","148","754","62","35","144","78","1805","10","508","3","3","3","3","3398","2592","0","0","0","0","0","-157200","5","-100.00","5834","16","1","0","0","","0","0","0","","",""
"080034","0003","0","161000","161100","161200","161300","161400","161500","161600","161700","161800","161900","160900","160800","160600","160500","160300","160000","159900","159800","159700","159600","260","93","711","274","261","589","256","148","754","62","35","144","78","1805","10","508","3","3","3","3","3408","2592","0","0","0","0","0","-157200","5","-100.00","5834","10","0","0","0","","0","0","0","","",""
"080034","0004","0","161000","161100","161200","161300","161400","161500","161600","161700","161800","161900","160900","160800","160600","160500","160300","160000","159900","159800","159700","159600","260","93","711","274","261","589","277","148","754","63","35","144","78","1805","10","508","3","3","3","3","3430","2592","0","0","0","0","0","-157200","5","-100.00","5834","22","0","0","0","","0","0","0","","",""
"080035","0000","0","161000","161100","161200","161300","161400","161500","161600","161700","161800","161900","160900","160800","160600","160500","160300","160000","159900","159800","159700","159600","260","93","711","424","261","589","277","148","754","63","35","175","78","1867","10","508","3","3","3","3","3580","2685","0","0","0","0","0","-157200","5","-100.00","5834","0","93","0","0","","0","0","0","","",""
"080035","0001","0","161000","161100","161200","161300","161400","161500","161600","161700","161800","161900","160900","160800","160600","160500","160300","160000","159900","159800","159700","159600","260","93","713","424","261","589","277","148","754","63","34","175","78","1867","10","508","3","3","3","3","3582","2684","0","0","0","0","0","-157200","5","-100.00","5835","2","-1","0","0","","0","0","0","","",""
"080035","0002","0","161000","161100","161200","161300","161400","161500","161600","161700","161800","161900","160900","160800","160600","160500","160300","160000","159900","159800","159700","159600","242","93","713","434","364","590","277","148","754","63","21","175","78","1867","10","508","3","3","3","3","3678","2671","0","0","0","0","0","-157200","5","-100.00","5866","-4","0","0","0","","0","0","0","","",""
"080035","0003","0","161000","161100","161200","161300","161400","161500","161600","161700","161800","161900","160900","160800","160600","160500","160300","160000","159900","159800","159700","159600","239","93","713","434","364","590","277","148","754","63","21","175","78","1867","10","518","3","3","3","3","3675","2681","0","0","0","0","0","-157200","5","-100.00","5869","-3","10","0","0","","0","0","0","","",""
"080035","0004","0","161000","161100","161200","161300","161400","161500","161600","161700","161800","161900","160900","160800","160600","160500","160300","160000","159900","159800","159700","159600","249","93","713","434","364","590","277","148","754","63","10","175","79","1867","10","518","3","3","3","3","3685","2671","0","0","0","0","0","-157200","5","-100.00","5880","10","-10","0","0","","0","0","0","","",""
"080036","0000","0","161000","161100","161200","161300","161400","161500","161600","161700","161800","161900","160900","160800","160600","160500","160300","160000","159900","159800","159700","159600","173","93","713","434","364","590","278","148","754","63","10","175","79","1867","10","518","3","3","3","3","3610","2671","0","0","0","0","0","-157200","5","-100.00","5976","-75","0","0","0","","0","0","0","","",""
"080036","0001","0","161000","161100","161200","161300","161400","161500","161600","161700","161800","161900","160900","160800","160600","160500","160300","160000","159900","159800","159700","159600","173","108","713","434","364","590","278","148","754","63","4","165","79","1867","10","518","3","3","3","3","3625","2655","0","0","0","0","0","-157200","5","-100.00","6002","15","-16","0","0","","0","0","0","","",""
"080036","0002","0","160900","161000","161100","161200","161300","161400","161500","161600","161700","161800","160800","160600","160500","160300","160000","159900","159800","159700","159600","159500","67","173","108","716","434","364","590","278","148","754","175","80","1867","10","518","3","3","3","3","29","3632","2691","0","0","0","0","0","-157200","5","-100.00","6006","7","36","0","0","","0","0","0","","",""
"080036","0003","0","160900","161000","161100","161200","161300","161400","161500","161600","161700","161800","160800","160600","160500","160300","160000","159900","159800","159700","159600","159500","65","173","108","716","434","364","590","278","148","754","162","80","1867","10","518","3","3","3","3","29","3630","2678","0","0","0","0","0","-157200","5","-100.00","6021","0","-13","0","0","","0","0","0","","",""
"080036","0004","0","160900","161000","161100","161200","161300","161400","161500","161600","161700","161800","160800","160600","160500","160300","160000","159900","159800","159700","159600","159500","65","178","113","716","434","364","590","278","148","754","162","80","1867","10","518","3","3","3","3","29","3640","2678","0","0","0","0","0","-157200","5","-100.00","6021","10","0","0","0","","0","0","0","","",""
"080037","0000","0","160900","161000","161100","161200","161300","161400","161500","161600","161700","161800","160800","160600","160500","160300","160000","159900","159800","159700","159600","159500","71","181","113","716","434","364","590","278","148","754","162","80","1867","10","518","3","3","3","3","29","3649","2678","0","0","0","0","0","-157200","5","-100.00","6021","9","0","0","0","","0","0","0","","",""
"080037","0001","0","160900","161000","161100","161200","161300","161400","161500","161600","161700","161800","160800","160600","160500","160300","160000","159900","159800","159700","159600","159500","80","181","113","716","425","364","590","278","148","754","162","80","1867","10","518","3","3","3","3","29","3649","2678","0","0","0","0","0","-157200","5","-100.00","6021","0","0","0","0","","0","0","0","","",""
"080037","0002","0","160900","161000","161100","161200","161300","161400","161500","161600","161700","161800","160800","160600","160500","160300","160000","159900","159800","159700","159600","159500","75","182","113","716","425","364","590","278","148","754","162","80","1867","10","528","3","3","3","3","29","3645","2688","0","0","0","0","0","-157200","5","-100.00","6031","-4","10","0","0","","0","0","0","","",""
"080037","0003","0","160900","161000","161100","161200","161300","161400","161500","161600","161700","161800","160800","160600","160500","160300","160000","159900","159800","159700","159600","159500","65","186","113","716","425","364","590","278","148","754","212","80","1867","10","528","3","3","3","3","29","3639","2738","0","0","0","0","0","-157200","5","-100.00","6041","-6","50","0","0","","0","0","0","","",""
"080038","0000","0","160900","161000","161100","161200","161300","161400","161500","161600","161700","161800","160800","160600","160500","160300","160000","159900","159800","159700","159600","159500","65","188","163","716","415","364","590","278","148","754","212","80","1898","10","528","3","3","3","3","29","3681","2769","0","0","0","0","0","-157200","5","-100.00","6041","50","31","0","0","","0","0","0","","",""
"080038","0001","0","160900","161000","161100","161200","161300","161400","161500","161600","161700","161800","160800","160600","160500","160300","160000","159900","159800","159700","159600","159500","65","188","163","716","415","364","590","278","148","754","212","80","1898","10","528","3","3","3","3","49","3681","2789","0","0","0","0","0","-157200","5","-100.00","6041","0","20","0","0","","0","0","0","","",""
"080038","0002","0","160900","161000","161100","161200","161300","161400","161500","161600","161700","161800","160800","160600","160500","160300","160000","159900","159800","159700","159600","159500","65","189","163","716","415","364","590","278","148","754","217","90","1898","10","529","3","3","3","3","49","3682","2805","0","0","0","0","0","-157200","5","-100.00","6042","1","16","0","0","","0","0","0","","",""
"080039","0000","0","160900","161000","161100","161200","161300","161400","161500","161600","161700","161800","160800","160600","160500","160300","160000","159900","159800","159700","159600","159500","65","189","163","716","265","364","590","278","148","754","69","90","1898","10","529","3","3","3","3","49","3532","2657","0","0","0","0","0","-157200","5","-100.00","6192","-150","-148","0","0","","0","0","0","","",""
"080039","0001","0","161000","161100","161200","161300","161400","161500","161600","161700","161800","161900","160800","160600","160500","160300","160000","159900","159800","159700","159600","159500","154","163","716","275","364","590","268","148","754","80","19","90","1898","10","529","3","3","3","3","49","3512","2607","0","0","0","0","0","-157200","5","-100.00","6347","-20","-50","0","0","","0","0","0","","",""
"080039","0002","0","161000","161100","161200","161300","161400","161500","161600","161700","161800","161900","160800","160600","160500","160300","160000","159900","159800","159700","159600","159500","155","163","716","275","364","590","268","648","754","80","89","90","1898","10","529","103","3","3","3","49","4013","2777","0","0","0","0","0","-157200","5","-100.00","6347","501","170","0","0","","0","0","0","","",""
"080039","0003","0","161000","161100","161200","161300","161400","161500","161600","161700","161800","161900","160800","160700","160600","160500","160300","160000","159900","159800","159700","159600","155","163","716","275","364","590","268","648","754","82","79","15","90","1898","10","529","103","3","3","3","4015","2733","0","0","0","0","0","-157200","5","-100.00","6357","2","-44","0","0","","0","0","0","","",""
"080039","0004","0","161000","161100","161200","161300","161400","161500","161600","161700","161800","161900","160800","160700","160600","160500","160300","160000","159900","159800","159700","159600","155","163","716","275","364","590","268","648","754","82","78","15","90","1898","10","529","103","8","3","3","4015","2737","0","0","0","0","0","-157200","5","-100.00","6360","0","4","0","0","","0","0","0","","",""
"080040","0000","0","161000","161100","161200","161300","161400","161500","161600","161700","161800","161900","160800","160700","160600","160500","160300","160000","159900","159800","159700","159600","102","166","716","275","354","590","268","648","754","82","78","16","105","1898","10","529","103","8","3","3","3955","2753","0","0","0","0","0","-157200","5","-100.00","6419","1","1","0","0","","0","0","0","","",""
"080040","0001","0","160900","161000","161100","161200","161300","161400","161500","161600","161700","161800","160800","160700","160600","160500","160300","160000","159900","159800","159700","159600","10","102","166","716","275","354","590","268","648","754","78","16","105","1898","10","529","103","8","3","3","3883","2753","0","0","0","0","0","-157200","5","-100.00","6419","-72","0","0","0","","0","0","0","","",""
"080040","0002","0","161100","161200","161300","161400","161500","161600","161700","161800","161900","162000","160900","160800","160700","160600","160500","160300","160000","159900","159800","159700","166","736","275","354","590","268","648","754","82","83","300","108","16","105","1928","10","499","103","8","3","3956","3080","0","0","0","0","0","-157200","5","-100.00","6531","73","327","0","0","","0","0","0","","",""
"080040","0003","0","161200","161300","161400","161500","161600","161700","161800","161900","162000","162100","160900","160800","160700","160600","160500","160300","160000","159900","159800","159700","736","275","354","590","268","648","754","82","83","18","300","319","16","105","1928","10","499","103","8","3","3808","3291","0","0","0","0","0","-157200","5","-100.00","6699","-148","211","0","0","","0","0","0","","",""
"080040","0004","0","161200","161300","161400","161500","161600","161700","161800","161900","162000","162100","160900","160800","160700","160600","160500","160300","160000","159900","159800","159700","736","275","454","590","268","648","754","82","83","18","299","319","16","105","1928","10","499","104","8","3","3908","3291","0","0","0","0","0","-157200","5","-100.00","6700","100","1","0","0","","0","0","0","","",""
"080041","0000","0","161200","161300","161400","161500","161600","161700","161800","161900","162000","162100","160900","160800","160700","160600","160500","160300","160000","159900","159800","159700","736","275","454","590","268","648","754","82","83","18","299","319","16","105","1928","10","500","104","8","3","3908","3292","0","0","0","0","0","-157200","5","-100.00","6700","0","1","0","0","","0","0","0","","",""
"080041","0001","0","161200","161300","161400","161500","161600","161700","161800","161900","162000","162100","160900","160800","160700","160600","160500","160300","160000","159900","159800","159700","736","275","454","590","268","648","754","82","83","18","299","319","16","105","1928","72","500","104","8","3","3908","3354","0","0","0","0","0","-157200","5","-100.00","6700","0","62","0","0","","0","0","0","","",""
"080041","0002","0","161200","161300","161400","161500","161600","161700","161800","161900","162000","162100","160900","160800","160700","160600","160500","160300","160000","159900","159800","159700","737","275","454","590","268","648","754","82","83","18","279","358","16","105","1928","72","500","104","8","3","3909","3373","0","0","0","0","0","-157200","5","-100.00","6720","0","-20","0","0","","0","0","0","","",""
"080041","0003","0","161100","161200","161300","161400","161500","161600","161700","161800","161900","162000","160900","160800","160700","160600","160500","160300","160000","159900","159800","159700","200","737","275","454","590","268","648","754","82","83","276","358","16","105","1928","72","500","104","8","3","4091","3370","0","0","0","0","0","-157200","5","-100.00","6723","182","-3","0","0","","0","0","0","","",""
"080042","0000","0","161100","161200","161300","161400","161500","161600","161700","161800","161900","162000","160900","160800","160700","160600","160500","160300","160000","159900","159800","159700","200","737","275","454","590","268","648","754","82","83","271","358","16","105","1928","72","500","104","8","3","4091","3365","0","0","0","0","0","-157200","5","-100.00","6753","0","25","0","0","","0","0","0","","",""
"080042","0001","0","161100","161200","161300","161400","161500","161600","161700","161800","161900","162000","160900","160800","160700","160600","160500","160300","160000","159900","159800","159700","190","737","275","454","590","268","648","754","82","83","271","358","16","205","1928","72","500","104","8","3","4081","3465","0","0","0","0","0","-157200","5","-100.00","6763","-10","100","0","0","","0","0","0","","",""
"080042","0002","0","161100","161200","161300","161400","161500","161600","161700","161800","161900","162000","160900","160800","160700","160600","160500","160300","160000","159900","159800","159700","193","737","275","454","589","268","648","754","82","83","571","358","16","205","1928","72","511","104","8","3","4083","3776","0","0","0","0","0","-157200","5","-100.00","6763","3","10","0","0","","0","0","0","","",""
"080043","0000","0","161100","161200","161300","161400","161500","161600","161700","161800","161900","162000","161000","160900","160800","160700","160600","160500","160300","160000","159900","159800","193","737","275","454","589","268","648","754","82","83","8","581","378","16","205","1928","72","511","104","8","4083","3811","0","0","0","0","0","-157200","5","-100.00","6785","0","15","0","0","","0","0","0","","",""
"080043","0001","0","161100","161200","161300","161400","161500","161600","161700","161800","161900","162000","161000","160900","160800","160700","160600","160500","160300","160100","160000","159900","193","737","275","454","589","268","648","754","82","83","13","597","378","16","205","1928","72","1","511","104","4083","3825","0","0","0","0","0","-157200","5","-100.00","6785","0","14","0","0","","0","0","0","","",""
"080043","0002","0","161000","161100","161200","161300","161400","161500","161600","161700","161800","161900","160900","160800","160700","160600","160500","160300","160100","160000","159900","159800","7","195","737","275","454","589","268","648","754","82","622","379","16","205","1938","72","1","516","104","8","4009","3861","0","0","0","0","0","-157200","5","-100.00","6798","-74","36","0","0","","0","0","0","","",""
"080043","0003","0","161000","161100","161200","161300","161400","161500","161600","161700","161800","161900","160900","160800","160700","160600","160500","160300","160100","160000","159900","159800","7","195","737","275","454","589","268","648","754","82","627","379","16","200","1938","72","1","842","104","8","4009","4187","0","0","0","0","0","-157200","5","-100.00","6798","0","326","0","0","","0","0","0","","",""
"080043","0004","0","161000","161100","161200","161300","161400","161500","161600","161700","161800","161900","160900","160800","160700","160600","160500","160300","160100","160000","159900","159800","27","195","737","275","455","589","268","648","754","82","627","389","16","200","1938","72","1","842","104","8","4030","4197","0","0","0","0","0","-157200","5","-100.00","6798","21","10","0","0","","0","0","0","","",""
"080044","0000","0","161000","161100","161200","161300","161400","161500","161600","161700","161800","161900","160900","160800","160700","160600","160500","160300","160100","160000","159900","159800","27","195","737","275","455","589","268","648","754","82","638","389","16","200","1938","72","2","842","104","8","4030","4209","0","0","0","0","0","-157200","5","-100.00","6798","0","12","0","0","","0","0","0","","",""
"080044","0001","0","161100","161200","161300","161400","161500","161600","161700","161800","161900","162000","160900","160800","160700","160600","160500","160300","160100","160000","159900","159800","29","737","275","455","589","268","648","754","82","83","638","389","16","200","1938","72","2","842","104","8","3920","4209","0","0","0","0","0","-157200","5","-100.00","7011","-110","0","0","0","","0","0","0","","",""
"080044","0002","0","161000","161100","161200","161300","161400","161500","161600","161700","161800","161900","160900","160800","160700","160600","160500","160300","160100","160000","159900","159800","206","33","737","276","455","589","268","648","754","82","639","389","22","200","1938","72","2","842","104","8","4048","4216","0","0","0","0","0","-157200","5","-100.00","7810","128","7","0","0","","0","0","0","","",""
"080044","0003","0","161100","161200","161300","161400","161500","161600","161700","161800","161900","162000","160900","160800","160700","160600","160500","160300","160100","160000","159900","159800","33","737","276","455","589","268","648","754","82","83","629","389","22","200","1938","72","2","842","104","8","3925","4206","0","0","0","0","0","-157200","5","-100.00","8026","-123","-10","0","0","","0","0","0","","",""
"080044","0004","0","161200","161300","161400","161500","161600","161700","161800","161900","162000","162100","161100","161000","160900","160800","160700","160600","160500","160300","160100","160000","737","276","455","589","268","648","754","82","83","18","1","29","629","389","22","200","1938","72","2","842","3910","4124","0","0","0","0","0","-157200","5","-100.00","8064","-15","-82","0","0","","0","0","0","","",""
"080045","0000","0","161200","161300","161400","161500","161600","161700","161800","161900","162000","162100","161000","160900","160800","160700","160600","160500","160300","160100","160000","159900","737","276","455","589","268","648","754","82","83","18","29","629","389","22","200","1938","72","2","842","104","3910","4227","0","0","0","0","0","-157200","5","-100.00","8065","0","103","0","0","","0","0","0","","",""
"080045","0001","0","161400","161500","161600","161700","161800","161900","162000","162100","162200","162400","161200","161100","161000","160900","160800","160700","160600","160500","160300","160100","455","558","268","648","754","82","83","18","438","1","32","6","29","829","389","22","200","1938","72","2","3305","3519","0","0","0","0","0","-157200","5","-100.00","9098","-36","0","0","0","","0","0","0","","",""
"080045","0002","0","161500","161600","161700","161800","161900","162000","162100","162200","162400","162500","161400","161200","161100","161000","160900","160800","160700","160600","160500","160300","558","268","648","754","82","83","18","438","1","6","105","63","6","29","829","410","22","200","1938","72","2856","3674","0","0","0","0","0","-157200","5","-100.00","9553","-449","155","0","0","","0","0","0","","",""
"080045","0003","0","161500","161600","161700","161800","161900","162000","162100","162200","162400","162500","161400","161200","161100","161000","160900","160800","160700","160600","160500","160300","7","268","648","754","82","83","18","438","1","6","103","63","6","29","829","411","22","200","1938","72","2305","3673","0","0","0","0","0","-157200","5","-100.00","10106","-551","-1","0","0","","0","0","0","","",""
"080046","0000","0","161600","161700","161800","161900","162000","162100","162200","162400","162500","162600","161400","161200","161100","161000","160900","160800","160700","160600","160500","160300","268","648","754","82","83","18","438","1","6","1","70","63","6","29","839","416","28","200","1938","78","2299","3667","0","0","0","0","0","-157200","5","-100.00","10146","0","5","0","0","","0","0","0","","",""
"080046","0001","0","161600","161700","161800","161900","162000","162100","162200","162400","162500","162600","161400","161200","161100","161000","160900","160800","160700","160600","160500","160300","268","648","754","82","83","18","438","1","6","1","70","63","16","29","839","416","28","200","1938","78","2299","3677","0","0","0","0","0","-157200","5","-100.00","10146","0","10","0","0","","0","0","0","","",""
"080046","0002","0","161600","161700","161800","161900","162000","162100","162200","162400","162500","162600","161400","161200","161100","161000","160900","160800","160700","160600","160500","160300","268","648","754","82","83","18","438","1","6","1","70","63","16","30","839","415","28","200","1938","78","2299","3677","0","0","0","0","0","-157200","5","-100.00","10146","0","0","0","0","","0","0","0","","",""
"080046","0003","0","161600","161700","161800","161900","162000","162100","162200","162400","162500","162600","161100","161000","160900","160800","160700","160600","160500","160300","160200","160100","268","648","345","82","83","19","438","1","6","1","138","30","839","415","28","200","1938","78","1","2","1891","3669","0","0","0","0","0","-157200","5","-100.00","10558","-408","-8","0","0","","0","0","0","","",""
"080046","0004","0","161600","161700","161800","161900","162000","162100","162200","162400","162500","162600","161100","161000","160900","160800","160700","160600","160500","160300","160200","160100","248","649","345","82","83","19","438","1","6","1","147","30","839","385","28","200","1938","78","1","2","1872","3648","0","0","0","0","0","-157200","5","-100.00","10581","1","0","0","0","","0","0","0","","",""
"080047","0000","0","161600","161700","161800","161900","162000","162100","162200","162400","162500","162600","161100","161000","160900","160800","160700","160600","160500","160300","160200","160100","248","649","345","82","145","19","438","1","6","1","147","35","850","385","28","200","1938","78","1","2","1934","3664","0","0","0","0","0","-157200","5","-100.00","10581","62","16","0","0","","0","0","0","","",""
"080047","0001","0","161600","161700","161800","161900","162000","162100","162200","162400","162500","162600","161100","161000","160900","160800","160700","160600","160500","160300","160200","160100","248","649","345","82","145","19","438","1","6","1","143","35","850","385","28","200","1938","78","1","2","1934","3660","0","0","0","0","0","-157200","5","-100.00","10585","0","-4","0","0","","0","0","0","","",""
"080047","0002","0","161600","161700","161800","161900","162000","162100","162200","162400","162500","162600","161100","161000","160900","160800","160700","160600","160500","160300","160200","160100","268","649","345","82","145","19","438","1","6","1","142","35","850","785","28","200","1938","78","2","2","1954","4060","0","0","0","0","0","-157200","5","-100.00","10586","20","400","0","0","","0","0","0","","",""
"080047","0003","0","161500","161600","161700","161800","161900","162000","162100","162200","162400","162500","161100","161000","160900","160800","160700","160600","160500","160300","160200","160100","1","268","649","345","82","145","19","438","1","6","142","35","850","785","28","200","1938","78","2","2","1954","4060","0","0","0","0","0","-157200","5","-100.00","10586","0","0","0","0","","0","0","0","","",""
"080047","0004","0","161600","161700","161800","161900","162000","162100","162200","162400","162500","162600","161100","161000","160900","160800","160700","160600","160500","160300","160200","160100","269","649","345","82","145","19","438","1","6","1","142","35","850","785","28","200","1938","78","2","2","1955","4060","0","0","0","0","0","-157200","5","-100.00","10587","1","0","0","0","","0","0","0","","",""
"080047","0005","0","161500","161600","161700","161800","161900","162000","162100","162200","162400","162500","161100","161000","160900","160800","160700","160600","160500","160300","160200","160100","2","270","649","371","82","145","19","438","1","6","212","35","850","785","28","200","1938","78","2","2","1983","4130","0","0","0","0","0","-157200","5","-100.00","10587","28","70","0","0","","0","0","0","","",""
"080048","0000","0","161500","161600","161700","161800","161900","162000","162100","162200","162400","162500","161100","161000","160900","160800","160700","160600","160500","160300","160200","160100","2","270","649","371","82","145","19","438","1","6","311","35","850","805","28","200","1938","79","2","2","1983","4250","0","0","0","0","0","-157200","5","-100.00","10589","5","121","0","0","","0","0","0","","",""
"080048","0001","0","161600","161700","161800","161900","162000","162100","162200","162400","162500","162600","161500","161100","161000","160900","160800","160700","160600","160500","160300","160200","270","649","371","82","145","19","438","1","6","1","46","311","35","850","805","28","200","1938","79","2","1982","4294","0","0","0","0","0","-157200","5","-100.00","10592","-1","44","0","0","","0","0","0","","",""
"080048","0002","0","161600","161700","161800","161900","162000","162100","162200","162400","162500","162600","161500","161100","161000","160900","160800","160700","160600","160500","160300","160200","275","649","371","82","145","39","438","1","6","1","46","311","35","850","805","28","200","1938","79","2","2007","4294","0","0","0","0","0","-157200","5","-100.00","10592","20","0","0","0","","0","0","0","","",""
"080048","0003","0","161600","161700","161800","161900","162000","162100","162200","162400","162500","162600","161500","161100","161000","160900","160800","160700","160600","160500","160300","160200","339","649","371","82","145","39","438","1","6","1","36","316","35","850","805","28","200","1938","79","2","2071","4289","0","0","0","0","0","-157200","5","-100.00","10602","64","-5","0","0","","0","0","0","","",""
"080049","0000","0","161600","161700","161800","161900","162000","162100","162200","162400","162500","162600","161500","161100","161000","160900","160800","160700","160600","160500","160300","160200","319","649","371","82","145","39","438","1","6","1","35","332","35","832","808","28","200","1938","79","2","2051","4289","0","0","0","0","0","-157200","5","-100.00","10623","-20","0","0","0","","0","0","0","","",""
"080049","0001","0","161600","161700","161800","161900","162000","162100","162200","162400","162500","162600","161500","161100","161000","160900","160800","160700","160600","160500","160300","160200","319","649","371","82","145","39","438","1","6","1","15","332","35","832","808","28","200","1938","79","2","2051","4269","0","0","0","0","0","-157200","5","-100.00","10643","0","-20","0","0","","0","0","0","","",""
"080049","0002","0","161600","161700","161800","161900","162000","162100","162200","162400","162500","162600","161500","161100","161000","160900","160800","160700","160600","160500","160300","160200","319","649","371","82","145","39","438","1","6","1","5","332","35","832","808","28","200","1938","79","2","2051","4259","0","0","0","0","0","-157200","5","-100.00","10653","0","-10","0","0","","0","0","0","","",""
"080049","0003","0","161600","161700","161800","161900","162000","162100","162200","162400","162500","162600","161500","161100","161000","160900","160800","160700","160600","160500","160300","160200","319","649","371","82","145","39","438","1","6","1","5","332","35","862","808","28","200","1938","79","2","2051","4289","0","0","0","0","0","-157200","5","-100.00","10653","0","30","0","0","","0","0","0","","",""
"080049","0004","0","161500","161600","161700","161800","161900","162000","162100","162200","162400","162500","161100","161000","160900","160800","160700","160600","160500","160300","160200","160100","10","319","649","371","82","145","66","438","1","6","502","35","862","808","28","200","1938","79","2","2","2087","4456","0","0","0","0","0","-157200","5","-100.00","10658","9","137","0","0","","0","0","0","","",""
"080050","0000","0","161500","161600","161700","161800","161900","162000","162100","162200","162400","162500","161100","161000","160900","160800","160700","160600","160500","160300","160200","160100","10","339","649","371","82","146","66","438","1","7","373","35","862","808","28","200","1938","79","2","2","2109","4327","0","0","0","0","0","-157200","5","-100.00","10658","22","-129","0","0","","0","0","0","","",""
"080050","0001","0","161500","161600","161700","161800","161900","162000","162100","162200","162400","162500","161100","161000","160900","160800","160700","160600","160500","160300","160200","160100","9","339","649","371","82","146","66","438","1","7","372","35","861","808","28","200","1938","80","2","2","2108","4326","0","0","0","0","0","-157200","5","-100.00","10660","-1","-1","0","0","","0","0","0","","",""
"080050","0002","0","161500","161600","161700","161800","161900","162000","162100","162200","162400","162500","161100","161000","160900","160800","160700","160600","160500","160300","160200","160100","43","339","649","371","82","147","66","438","1","7","378","35","861","808","28","200","1938","80","2","2","2143","4332","0","0","0","0","0","-157200","5","-100.00","10660","35","6","0","0","","0","0","0","","",""
"080050","0003","0","161500","161600","161700","161800","161900","162000","162100","162200","162400","162500","161100","161000","160900","160800","160700","160600","160500","160300","160200","160100","44","339","649","371","82","146","66","438","1","7","378","65","861","808","28","200","1948","80","2","2","2143","4372","0","0","0","0","0","-157200","5","-100.00","10660","0","40","0","0","","0","0","0","","",""
"080050","0004","0","161400","161500","161600","161700","161800","161900","162000","162100","162200","162400","161100","161000","160900","160800","160700","160600","160500","160300","160200","160100","5","79","339","649","371","82","146","66","438","1","368","65","861","808","28","200","1948","80","2","2","2176","4362","0","0","0","0","0","-157200","5","-100.00","10670","33","-10","0","0","","0","0","0","","",""
"080051","0000","0","161200","161400","161500","161600","161700","161800","161900","162000","162100","162200","161100","161000","160900","160800","160700","160600","160500","160300","160200","160100","30","5","79","349","649","371","82","146","66","438","378","70","861","808","28","200","1948","80","2","2","2215","4377","0","0","0","0","0","-157200","5","-100.00","10670","10","5","0","0","","0","0","0","","",""
"080051","0001","0","161200","161400","161500","161600","161700","161800","161900","162000","162100","162200","161100","161000","160900","160800","160700","160600","160500","160300","160200","160100","30","5","79","349","649","371","82","146","66","438","389","70","861","808","28","200","1948","80","2","2","2215","4388","0","0","0","0","0","-157200","5","-100.00","10670","0","11","0","0","","0","0","0","","",""
"080051","0002","0","161500","161600","161700","161800","161900","162000","162100","162200","162400","162500","161100","161000","160900","160800","160700","160600","160500","160300","160200","160100","75","349","649","371","82","146","66","438","1","7","399","70","861","769","28","300","1948","80","2","2","2184","4459","0","0","0","0","0","-157200","5","-100.00","10709","-31","71","0","0","","0","0","0","","",""
"080051","0003","0","161400","161500","161600","161700","161800","161900","162000","162100","162200","162400","161100","161000","160900","160800","160700","160600","160500","160300","160200","160100","5","75","349","649","371","82","146","66","438","1","400","70","861","769","28","300","1948","80","2","2","2182","4460","0","0","0","0","0","-157200","5","-100.00","10709","-2","1","0","0","","0","0","0","","",""
"080052","0000","0","161500","161600","161700","161800","161900","162000","162100","162200","162400","162500","161100","161000","160900","160800","160700","160600","160500","160300","160200","160100","38","349","649","371","82","151","66","438","1","7","400","70","861","769","28","290","1948","80","2","2","2152","4450","0","0","0","0","0","-157200","5","-100.00","10758","1","-10","0","0","","0","0","0","","",""
"080052","0001","0","161500","161600","161700","161800","161900","162000","162100","162200","162400","162500","161100","161000","160900","160800","160700","160600","160500","160300","160200","160100","38","349","649","371","82","151","66","438","1","7","399","70","866","769","28","290","1948","80","2","2","2152","4454","0","0","0","0","0","-157200","5","-100.00","10759","0","4","0","0","","0","0","0","","",""
"080052","0002","0","161500","161600","161700","161800","161900","162000","162100","162200","162400","162500","161100","161000","160900","160800","160700","160600","160500","160300","160200","160100","78","348","649","331","82","151","66","438","1","7","313","70","866","769","28","300","1938","80","2","2","2151","4368","0","0","0","0","0","-157200","5","-100.00","10865","-1","-86","0","0","","0","0","0","","",""
"080052","0003","0","161500","161600","161700","161800","161900","162000","162100","162200","162400","162500","161100","161000","160900","160800","160700","160600","160500","160300","160200","160100","80","348","654","331","82","151","66","438","1","7","333","70","866","769","28","300","1938","80","2","2","2158","4388","0","0","0","0","0","-157200","5","-100.00","10865","7","20","0","0","","0","0","0","","",""
"080052","0004","0","161500","161600","161700","161800","161900","162000","162100","162200","162400","162500","161100","161000","160900","160800","160700","160600","160500","160300","160200","160100","80","348","654","331","82","151","66","438","1","7","333","512","866","769","28","300","1938","80","2","2","2158","4830","0","0","0","0","0","-157200","5","-100.00","10865","0","442","0","0","","0","0","0","","",""
"080052","0005","0","161500","161600","161700","161800","161900","162000","162100","162200","162400","162500","161100","161000","160900","160800","160700","160600","160500","160300","160200","160100","80","348","654","331","79","154","66","438","1","7","338","512","866","769","28","300","1938","80","2","2","2158","4835","0","0","0","0","0","-157200","5","-100.00","10865","0","5","0","0","","0","0","0","","",""
"080053","0000","0","161500","161600","161700","161800","161900","162000","162100","162200","162400","162500","161100","161000","160900","160800","160700","160600","160500","160300","160200","160100","80","348","654","331","79","154","66","438","1","7","338","723","866","769","28","300","1938","80","2","2","2158","5046","0","0","0","0","0","-157200","5","-100.00","10865","0","211","0","0","","0","0","0","","",""
"080053","0001","0","161500","161600","161700","161800","161900","162000","162100","162200","162400","162500","161100","161000","160900","160800","160700","160600","160500","160300","160200","160100","80","348","654","331","79","154","66","438","1","7","338","723","866","769","28","300","1938","80","2","2","2158","5046","0","0","0","0","0","-157200","5","-100.00","10865","0","0","0","0","","0","0","0","","",""
"080053","0002","0","161600","161700","161800","161900","162000","162100","162200","162400","162500","162600","161500","161100","161000","160900","160800","160700","160600","160500","160300","160200","348","654","331","79","174","66","438","1","7","6","418","355","723","897","769","28","300","1938","80","2","2104","5510","0","0","0","0","0","-157200","5","-100.00","11019","-128","459","0","0","","0","0","0","","",""
"080053","0003","0","161600","161700","161800","161900","162000","162100","162200","162400","162500","162600","161500","161100","161000","160900","160800","160700","160600","160500","160300","160200","348","654","331","79","174","66","438","1","7","6","387","393","723","897","769","28","301","1938","80","2","2104","5518","0","0","0","0","0","-157200","5","-100.00","11050","0","8","0","0","","0","0","0","","",""
"080053","0004","0","161600","161700","161800","161900","162000","162100","162200","162400","162500","162600","161500","161100","161000","160900","160800","160700","160600","160500","160300","160200","348","654","331","77","175","66","439","1","8","6","347","393","723","897","769","58","301","1938","80","2","2105","5508","0","0","0","0","0","-157200","5","-100.00","11090","1","-10","0","0","","0","0","0","","",""
"080054","0000","0","161600","161700","161800","161900","162000","162100","162200","162400","162500","162600","161500","161100","161000","160900","160800","160700","160600","160500","160300","160200","333","654","331","77","175","66","439","1","8","6","327","393","723","897","769","58","301","1938","80","2","2090","5488","0","0","0","0","0","-157200","5","-100.00","11125","-15","-20","0","0","","0","0","0","","",""
"080054","0001","0","161600","161700","161800","161900","162000","162100","162200","162400","162500","162600","161500","161100","161000","160900","160800","160700","160600","160500","160300","160200","333","654","331","78","175","66","439","1","8","6","322","395","753","897","769","118","301","1938","80","2","2091","5575","0","0","0","0","0","-157200","5","-100.00","11130","1","87","0","0","","0","0","0","","",""
"080054","0002","0","161600","161700","161800","161900","162000","162100","162200","162400","162500","162600","161500","161100","161000","160900","160800","160700","160600","160500","160300","160200","335","654","331","78","175","66","439","1","8","6","307","395","753","897","769","118","301","1938","80","2","2093","5560","0","0","0","0","0","-157200","5","-100.00","11145","2","-15","0","0","","0","0","0","","",""
"080054","0003","0","161600","161700","161800","161900","162000","162100","162200","162400","162500","162600","161500","161100","161000","160900","160800","160700","160600","160500","160300","160200","337","660","331","78","175","66","439","1","8","6","297","395","753","897","769","118","301","1938","80","2","2101","5550","0","0","0","0","0","-157200","5","-100.00","11155","8","-10","0","0","","0","0","0","","",""
"080055","0000","0","161600","161700","161800","161900","162000","162100","162200","162400","162500","162600","161500","161100","161000","160900","160800","160700","160600","160500","160300","160200","338","660","331","78","175","66","439","1","8","6","346","425","753","902","769","118","301","1938","80","2","2102","5634","0","0","0","0","0","-157200","5","-100.00","11157","1","53","0","0","","0","0","0","","",""
"080055","0001","0","161600","161700","161800","161900","162000","162100","162200","162400","162500","162600","161500","161100","161000","160900","160800","160700","160600","160500","160300","160200","338","660","331","78","175","66","439","2","8","6","297","427","753","877","769","118","301","1963","80","2","2103","5587","0","0","0","0","0","-157200","5","-100.00","11206","1","-47","0","0","","0","0","0","","",""
