"time","millisec","HOUR_CLS_CODE","ASKP1","ASKP2","ASKP3","ASKP4","ASKP5","ASKP6","ASKP7","ASKP8","ASKP9","ASKP10","BIDP1","BIDP2","BIDP3","BIDP4","BIDP5","BIDP6","BIDP7","BIDP8","BIDP9","BIDP10","ASKP_RSQN1","ASKP_RSQN2","ASKP_RSQN3","ASKP_RSQN4","ASKP_RSQN5","ASKP_RSQN6","ASKP_RSQN7","ASKP_RSQN8","ASKP_RSQN9","ASKP_RSQN10","BIDP_RSQN1","BIDP_RSQN2","BIDP_RSQN3","BIDP_RSQN4","BIDP_RSQN5","BIDP_RSQN6","BIDP_RSQN7","BIDP_RSQN8","BIDP_RSQN9","BIDP_RSQN10","TOTAL_ASKP_RSQN","TOTAL_BIDP_RSQN","OVTM_TOTAL_ASKP_RSQN","OVTM_TOTAL_BIDP_RSQN","ANTC_CNPR","ANTC_CNQN","ANTC_VOL","ANTC_CNTG_VRSS","ANTC_CNTG_VRSS_SIGN","ANTC_CNTG_PRDY_CTRT","ACML_VOL","TOTAL_ASKP_RSQN_ICDC","TOTAL_BIDP_RSQN_ICDC","OVTM_TOTAL_ASKP_ICDC","OVTM_TOTAL_BIDP_ICDC","STCK_DEAL_CLS_CODE","KMID_PRC","KMID_TOTAL_RSQN","KMID_CLS_CODE","NMID_PRC","NMID_TOTAL_RSQN","NMID_CLS_CODE"
"080000","0000","0","735000","736000","739000","748000","754000","759000","762000","768000","770000","0","731000","730000","729000","728000","727000","725000","711000","709000","698000","696000","5","38","104","3","279","1","7","50","10","0","56","10","10","10","10","13","30","1","30","1","497","171","0","0","0","0","0","-725000","5","-100.00","0","0","0","0","0","","0","0","0","","",""
"080001","0000","0","735000","736000","739000","740000","748000","754000","755000","756000","758000","759000","732000","731000","730000","729000","728000","727000","725000","719000","715000","711000","5","38","104","40","8","279","56","12","12","13","15","47","10","10","10","24","14","20","350","30","567","530","0","0","0","0","0","-725000","5","-100.00","9","70","359","0","0","","0","0","0","","",""
"080001","0001","0","735000","736000","739000","740000","748000","750000","751000","752000","754000","755000","732000","731000","730000","729000","728000","727000","726000","725000","722000","721000","5","38","104","40","8","1","3","50","279","56","15","47","10","13","10","24","3","14","20","2","584","158","0","0","0","0","0","-725000","5","-100.00","9","17","-372","0","0","","0","0","0","","",""
"080002","0000","0","735000","736000","739000","740000","747000","748000","750000","751000","752000","754000","734000","732000","731000","730000","729000","728000","727000","726000","725000","722000","5","38","104","40","2","8","1","3","50","279","6","15","47","13","13","10","24","3","14","20","530","165","0","0","0","0","0","-725000","5","-100.00","9","-54","7","0","0","","0","0","0","","",""
"080002","0001","0","735000","736000","739000","740000","747000","748000","750000","751000","752000","754000","734000","732000","731000","730000","729000","728000","727000","726000","725000","722000","5","38","104","40","2","10","11","3","50","279","6","15","47","13","13","10","24","3","24","20","542","175","0","0","0","0","0","-725000","5","-100.00","9","12","10","0","0","","0","0","0","","",""
"080003","0000","0","736000","739000","740000","747000","748000","750000","751000","752000","754000","755000","734000","732000","731000","730000","729000","728000","727000","726000","725000","722000","35","104","40","2","10","11","3","50","293","56","6","15","50","18","18","15","29","8","24","20","604","203","0","0","0","0","0","-725000","5","-100.00","17","62","28","0","0","","0","0","0","","",""
"080003","0001","0","736000","739000","740000","747000","748000","750000","751000","752000","754000","755000","734000","732000","731000","730000","729000","728000","727000","726000","725000","722000","31","104","40","2","10","11","3","50","293","56","6","15","50","18","18","15","29","8","24","20","600","203","0","0","0","0","0","-725000","5","-100.00","21","-4","0","0","0","","0","0","0","","",""
"080004","0000","0","736000","739000","740000","747000","748000","750000","751000","752000","754000","755000","735000","734000","732000","731000","730000","729000","728000","727000","726000","725000","31","104","40","2","10","11","3","50","293","56","10","6","15","50","18","18","15","59","8","24","600","223","0","0","0","0","0","-725000","5","-100.00","21","0","20","0","0","","0","0","0","","",""
"080004","0001","0","736000","739000","740000","747000","748000","750000","751000","752000","754000","755000","735000","734000","732000","731000","730000","729000","728000","727000","726000","725000","30","105","40","2","10","11","3","50","293","56","110","6","15","50","18","18","15","59","8","24","600","323","0","0","0","0","0","-725000","5","-100.00","22","0","100","0","0","","0","0","0","","",""
"080005","0000","0","736000","739000","740000","747000","748000","750000","751000","752000","754000","755000","735000","734000","732000","731000","730000","729000","728000","727000","726000","725000","30","105","40","2","10","11","3","50","293","56","110","6","15","50","18","18","15","59","8","34","600","333","0","0","0","0","0","-725000","5","-100.00","22","0","10","0","0","","0","0","0","","",""
"080005","0001","0","736000","739000","740000","747000","748000","750000","751000","752000","754000","755000","735000","734000","732000","731000","730000","729000","728000","727000","726000","725000","30","105","40","3","10","12","3","50","293","56","110","6","15","50","18","18","15","59","8","34","602","333","0","0","0","0","0","-725000","5","-100.00","22","2","0","0","0","","0","0","0","","",""
"080005","0002","0","736000","739000","740000","747000","748000","749000","750000","751000","752000","754000","735000","734000","732000","731000","730000","729000","728000","727000","726000","725000","30","105","40","3","10","2","12","3","50","293","110","6","15","60","18","18","15","59","8","34","548","343","0","0","0","0","0","-725000","5","-100.00","22","-54","10","0","0","","0","0","0","","",""
"080006","0000","0","736000","739000","740000","747000","748000","749000","750000","751000","752000","754000","735000","734000","732000","731000","730000","729000","728000","727000","726000","725000","40","105","40","3","10","2","26","3","50","293","109","6","15","63","18","18","15","59","8","34","572","345","0","0","0","0","0","-725000","5","-100.00","36","24","2","0","0","","0","0","0","","",""
"080006","0001","0","739000","740000","747000","748000","749000","750000","751000","752000","754000","755000","735000","734000","732000","731000","730000","729000","728000","727000","726000","725000","100","40","3","10","2","26","3","50","293","176","109","6","15","63","18","18","15","59","8","34","703","345","0","0","0","0","0","-725000","5","-100.00","81","131","0","0","0","","0","0","0","","",""
"080007","0000","0","739000","740000","747000","748000","749000","750000","751000","752000","754000","755000","735000","734000","732000","731000","730000","729000","728000","727000","726000","725000","100","40","3","10","2","26","3","50","293","176","102","6","15","63","18","18","15","59","8","39","703","343","0","0","0","0","0","-725000","5","-100.00","88","0","-2","0","0","","0","0","0","","",""
"080007","0001","0","736000","739000","740000","747000","748000","749000","750000","751000","752000","754000","735000","734000","732000","731000","730000","729000","728000","727000","726000","725000","202","100","40","3","10","2","26","3","50","293","102","6","15","63","18","18","15","59","8","39","729","343","0","0","0","0","0","-725000","5","-100.00","100","26","0","0","0","","0","0","0","","",""
"080008","0000","0","736000","739000","740000","747000","748000","749000","750000","751000","752000","754000","735000","734000","732000","731000","730000","729000","728000","727000","726000","725000","202","100","40","3","10","2","26","3","50","293","95","6","15","63","18","18","15","59","8","39","729","336","0","0","0","0","0","-725000","5","-100.00","107","0","-7","0","0","","0","0","0","","",""
"080008","0001","0","736000","739000","740000","747000","748000","749000","750000","751000","752000","754000","735000","734000","732000","731000","730000","729000","728000","727000","726000","725000","180","100","40","3","10","2","26","3","50","293","105","6","15","63","18","18","15","59","8","39","707","346","0","0","0","0","0","-725000","5","-100.00","130","-22","10","0","0","","0","0","0","","",""
"080008","0002","0","736000","739000","740000","745000","747000","748000","749000","750000","751000","752000","735000","732000","731000","730000","729000","728000","727000","726000","725000","724000","180","100","40","8","3","10","2","26","3","50","105","15","63","18","18","15","60","8","39","5","422","346","0","0","0","0","0","-725000","5","-100.00","130","-285","0","0","0","","0","0","0","","",""
"080009","0000","0","736000","738000","739000","740000","745000","747000","748000","749000","750000","751000","735000","732000","731000","730000","729000","728000","727000","726000","725000","724000","179","44","100","40","8","3","10","2","26","3","105","16","63","18","18","15","61","8","39","5","415","348","0","0","0","0","0","-725000","5","-100.00","131","-7","2","0","0","","0","0","0","","",""
"080009","0001","0","736000","738000","739000","740000","745000","747000","748000","749000","750000","751000","735000","732000","731000","730000","729000","728000","727000","726000","725000","724000","179","44","100","40","8","3","10","2","26","3","98","16","64","18","18","15","61","8","39","5","415","342","0","0","0","0","0","-725000","5","-100.00","138","0","-6","0","0","","0","0","0","","",""
"080009","0002","0","736000","738000","739000","740000","745000","747000","748000","749000","750000","751000","735000","732000","731000","730000","729000","728000","727000","726000","725000","724000","157","47","100","40","8","24","10","2","26","3","104","16","64","18","18","15","61","8","39","5","417","348","0","0","0","0","0","-725000","5","-100.00","160","2","6","0","0","","0","0","0","","",""
"080010","0000","0","736000","738000","739000","740000","745000","747000","748000","749000","750000","751000","735000","732000","731000","730000","729000","728000","727000","726000","725000","724000","157","47","100","40","8","24","10","2","27","3","104","16","64","18","18","15","61","8","39","5","418","348","0","0","0","0","0","-725000","5","-100.00","160","1","0","0","0","","0","0","0","","",""
"080010","0001","0","736000","738000","739000","740000","745000","747000","748000","749000","750000","751000","735000","732000","731000","730000","729000","728000","727000","726000","725000","724000","155","47","100","40","8","24","10","2","27","3","105","16","64","18","18","15","61","8","39","5","416","349","0","0","0","0","0","-725000","5","-100.00","162","-2","1","0","0","","0","0","0","","",""
"080011","0000","0","736000","737000","738000","739000","740000","745000","747000","748000","749000","750000","735000","732000","731000","730000","729000","728000","727000","726000","725000","724000","29","13","68","119","40","8","24","10","2","27","104","16","64","18","18","15","61","8","39","5","340","348","0","0","0","0","0","-725000","5","-100.00","325","-76","-1","0","0","","0","0","0","","",""
"080011","0001","0","736000","737000","738000","739000","740000","745000","747000","748000","749000","750000","735000","732000","731000","730000","729000","728000","727000","726000","725000","724000","29","13","68","120","40","8","24","10","2","27","104","16","64","18","18","15","61","8","39","5","341","348","0","0","0","0","0","-725000","5","-100.00","325","1","0","0","0","","0","0","0","","",""
"080011","0002","0","736000","737000","738000","739000","740000","745000","747000","748000","749000","750000","735000","732000","731000","730000","729000","728000","727000","726000","725000","724000","29","13","68","120","40","8","24","10","2","27","114","16","64","18","18","15","61","8","39","5","341","358","0","0","0","0","0","-725000","5","-100.00","325","0","10","0","0","","0","0","0","","",""
"080012","0000","0","736000","737000","738000","739000","740000","745000","747000","748000","749000","750000","735000","732000","731000","730000","729000","728000","727000","726000","725000","724000","64","13","68","120","40","8","24","10","2","33","114","16","64","18","18","15","61","8","39","5","382","358","0","0","0","0","0","-725000","5","-100.00","333","41","0","0","0","","0","0","0","","",""
"080012","0001","0","736000","737000","738000","739000","740000","745000","747000","748000","749000","750000","735000","732000","731000","730000","729000","728000","727000","726000","725000","724000","64","13","68","120","40","8","24","10","2","33","114","16","64","15","18","15","61","8","39","5","382","355","0","0","0","0","0","-725000","5","-100.00","333","0","-3","0","0","","0","0","0","","",""
"080012","0002","0","736000","737000","738000","739000","740000","745000","747000","748000","749000","750000","735000","732000","731000","730000","729000","728000","727000","726000","725000","724000","64","13","68","120","40","8","24","10","2","33","109","16","64","15","18","15","61","8","39","5","382","350","0","0","0","0","0","-725000","5","-100.00","338","0","-5","0","0","","0","0","0","","",""
"080013","0000","0","736000","737000","738000","739000","740000","745000","747000","748000","749000","750000","735000","732000","731000","730000","729000","728000","727000","726000","725000","724000","64","14","68","120","40","8","24","10","2","33","109","16","64","15","18","15","77","8","39","5","383","366","0","0","0","0","0","-725000","5","-100.00","338","1","16","0","0","","0","0","0","","",""
"080013","0001","0","736000","737000","738000","739000","740000","745000","747000","748000","749000","750000","735000","732000","731000","730000","729000","728000","727000","726000","725000","724000","64","14","68","162","40","8","24","10","2","33","109","166","64","15","18","15","77","8","39","5","425","516","0","0","0","0","0","-725000","5","-100.00","338","42","150","0","0","","0","0","0","","",""
"080014","0000","0","736000","737000","738000","739000","740000","745000","747000","748000","749000","750000","735000","732000","731000","730000","729000","728000","727000","726000","725000","724000","64","16","68","162","40","8","24","10","2","33","109","166","64","15","18","15","77","8","39","5","427","516","0","0","0","0","0","-725000","5","-100.00","338","2","0","0","0","","0","0","0","","",""
"080014","0001","0","736000","737000","738000","739000","740000","745000","747000","748000","749000","750000","735000","732000","731000","730000","729000","728000","727000","726000","725000","724000","64","17","68","162","40","8","24","10","2","33","109","166","64","15","18","15","77","8","44","5","428","521","0","0","0","0","0","-725000","5","-100.00","338","1","5","0","0","","0","0","0","","",""
"080014","0002","0","736000","737000","738000","739000","740000","745000","747000","748000","749000","750000","735000","732000","731000","730000","729000","728000","727000","726000","725000","724000","63","37","68","162","40","8","24","10","2","33","109","166","64","15","18","15","77","8","44","5","447","521","0","0","0","0","0","-725000","5","-100.00","339","19","0","0","0","","0","0","0","","",""
"080015","0000","0","735000","736000","737000","738000","739000","740000","745000","747000","748000","749000","732000","731000","730000","729000","728000","727000","726000","725000","724000","723000","171","63","37","69","162","40","8","24","10","2","166","64","15","18","22","77","8","44","5","5","586","424","0","0","0","0","0","-725000","5","-100.00","483","139","-97","0","0","","0","0","0","","",""
"080015","0001","0","735000","736000","737000","738000","739000","740000","745000","747000","748000","749000","732000","731000","730000","729000","728000","727000","726000","725000","724000","723000","181","63","37","69","162","40","8","24","10","2","166","64","16","18","22","77","8","44","5","5","596","425","0","0","0","0","0","-725000","5","-100.00","483","10","1","0","0","","0","0","0","","",""
"080015","0002","0","735000","736000","737000","738000","739000","740000","745000","747000","748000","749000","732000","731000","730000","729000","728000","727000","726000","725000","724000","723000","174","254","37","69","162","40","8","24","10","2","166","64","16","18","22","77","8","44","5","5","780","425","0","0","0","0","0","-725000","5","-100.00","490","184","0","0","0","","0","0","0","","",""
"080015","0003","0","735000","736000","737000","738000","739000","740000","745000","747000","748000","749000","732000","731000","730000","729000","728000","727000","726000","725000","724000","723000","89","254","37","69","162","40","8","24","10","3","166","64","16","18","22","77","8","44","5","5","696","425","0","0","0","0","0","-725000","5","-100.00","575","-84","0","0","0","","0","0","0","","",""
"080016","0000","0","735000","736000","737000","738000","739000","740000","745000","747000","748000","749000","732000","731000","730000","729000","728000","727000","726000","725000","724000","723000","97","254","37","69","162","40","8","24","10","3","156","64","16","18","22","77","8","44","5","5","704","415","0","0","0","0","0","-725000","5","-100.00","587","8","-10","0","0","","0","0","0","","",""
"080016","0001","0","735000","736000","737000","738000","739000","740000","745000","747000","748000","749000","732000","731000","730000","729000","728000","727000","726000","725000","724000","723000","92","261","37","69","162","40","8","24","10","3","156","64","16","18","22","77","8","44","5","5","706","415","0","0","0","0","0","-725000","5","-100.00","592","2","0","0","0","","0","0","0","","",""
"080016","0002","0","735000","736000","737000","738000","739000","740000","745000","747000","748000","749000","732000","731000","730000","729000","728000","727000","726000","725000","724000","723000","93","261","37","69","162","40","8","24","10","3","146","64","16","18","22","77","8","44","5","5","707","405","0","0","0","0","0","-725000","5","-100.00","602","1","-10","0","0","","0","0","0","","",""
"080017","0000","0","735000","736000","737000","738000","739000","740000","745000","747000","748000","749000","732000","731000","730000","729000","728000","727000","726000","725000","724000","723000","93","278","37","69","162","40","8","24","10","3","146","64","16","18","22","77","8","44","5","5","724","405","0","0","0","0","0","-725000","5","-100.00","602","17","0","0","0","","0","0","0","","",""
"080017","0001","0","734000","735000","736000","737000","738000","739000","740000","745000","747000","748000","732000","731000","730000","729000","728000","727000","726000","725000","724000","723000","3","93","278","37","69","162","123","8","24","10","146","64","16","18","22","77","8","44","5","5","807","405","0","0","0","0","0","-725000","5","-100.00","602","83","0","0","0","","0","0","0","","",""
"080017","0002","0","734000","735000","736000","737000","738000","739000","740000","745000","747000","748000","732000","731000","730000","729000","728000","727000","726000","725000","724000","723000","2","93","279","37","69","162","123","8","24","10","146","64","16","18","22","77","8","44","5","5","807","405","0","0","0","0","0","-725000","5","-100.00","603","0","0","0","0","","0","0","0","","",""
"080017","0003","0","734000","735000","736000","737000","738000","739000","740000","745000","747000","748000","732000","731000","730000","729000","728000","727000","726000","725000","724000","723000","2","186","279","37","69","291","123","8","24","10","146","64","16","18","22","77","8","44","5","5","1029","405","0","0","0","0","0","-725000","5","-100.00","603","222","0","0","0","","0","0","0","","",""
"080018","0000","0","734000","735000","736000","737000","738000","739000","740000","745000","747000","748000","732000","731000","730000","729000","728000","727000","726000","725000","724000","723000","2","187","280","37","69","291","123","8","24","10","146","64","16","18","22","77","8","44","5","5","1031","405","0","0","0","0","0","-725000","5","-100.00","603","2","0","0","0","","0","0","0","","",""
"080019","0000","0","734000","735000","736000","737000","738000","739000","740000","744000","745000","747000","732000","731000","730000","729000","728000","727000","726000","725000","724000","723000","2","187","280","38","69","291","123","1","8","24","146","64","16","18","22","78","8","44","5","5","1023","406","0","0","0","0","0","-725000","5","-100.00","603","-8","1","0","0","","0","0","0","","",""
"080019","0001","0","734000","735000","736000","737000","738000","739000","740000","744000","745000","747000","732000","731000","730000","729000","728000","727000","726000","725000","724000","723000","29","202","280","18","69","291","123","1","8","24","146","64","16","18","22","78","8","45","5","5","1045","407","0","0","0","0","0","-725000","5","-100.00","603","22","1","0","0","","0","0","0","","",""
"080019","0002","0","734000","735000","736000","737000","738000","739000","740000","744000","745000","747000","732000","731000","730000","729000","728000","727000","726000","725000","724000","723000","43","202","280","18","69","291","123","1","8","24","146","64","16","18","22","78","8","45","5","5","1059","407","0","0","0","0","0","-725000","5","-100.00","603","14","0","0","0","","0","0","0","","",""
"080019","0003","0","734000","735000","736000","737000","738000","739000","740000","744000","745000","747000","732000","731000","730000","729000","728000","727000","726000","725000","724000","723000","43","202","280","18","69","291","123","1","8","24","146","64","16","18","22","64","22","45","5","5","1059","407","0","0","0","0","0","-725000","5","-100.00","603","0","0","0","0","","0","0","0","","",""
"080020","0000","0","734000","735000","736000","737000","738000","739000","740000","744000","745000","747000","732000","731000","730000","729000","728000","727000","726000","725000","724000","723000","69","202","280","18","69","291","123","1","8","24","146","114","16","18","22","69","22","45","5","5","1085","462","0","0","0","0","0","-725000","5","-100.00","603","26","55","0","0","","0","0","0","","",""
"080021","0000","0","734000","735000","736000","737000","738000","739000","740000","744000","745000","747000","732000","731000","730000","729000","728000","727000","726000","725000","724000","723000","72","202","271","18","69","291","123","1","8","24","166","114","16","18","22","69","22","48","5","5","1079","485","0","0","0","0","0","-725000","5","-100.00","603","-6","23","0","0","","0","0","0","","",""
"080021","0001","0","734000","735000","736000","737000","738000","739000","740000","744000","745000","747000","732000","731000","730000","729000","728000","727000","726000","725000","724000","723000","74","202","271","18","69","291","123","1","8","24","166","114","16","18","22","69","22","48","5","5","1081","485","0","0","0","0","0","-725000","5","-100.00","603","2","0","0","0","","0","0","0","","",""
"080021","0002","0","734000","735000","736000","737000","738000","739000","740000","741000","744000","745000","732000","731000","730000","729000","728000","727000","726000","725000","724000","723000","74","202","271","18","69","291","123","3","1","8","166","114","16","18","22","69","22","48","5","5","1060","485","0","0","0","0","0","-725000","5","-100.00","603","-21","0","0","0","","0","0","0","","",""
"080022","0000","0","734000","735000","736000","737000","738000","739000","740000","741000","744000","745000","732000","731000","730000","729000","728000","727000","726000","725000","724000","723000","174","192","271","18","69","292","123","3","1","8","166","114","16","18","22","69","22","48","5","5","1151","485","0","0","0","0","0","-725000","5","-100.00","603","91","0","0","0","","0","0","0","","",""
"080022","0001","0","734000","735000","736000","737000","738000","739000","740000","741000","744000","745000","732000","731000","730000","729000","728000","727000","726000","725000","724000","723000","174","192","271","18","69","292","123","3","1","8","166","114","16","18","22","69","22","48","5","6","1151","486","0","0","0","0","0","-725000","5","-100.00","603","0","1","0","0","","0","0","0","","",""
"080022","0002","0","734000","735000","736000","737000","738000","739000","740000","741000","743000","744000","732000","731000","730000","729000","728000","727000","726000","725000","724000","723000","174","192","271","18","69","292","123","3","1","1","166","104","16","18","22","69","22","48","5","6","1144","476","0","0","0","0","0","-725000","5","-100.00","603","-7","-10","0","0","","0","0","0","","",""
"080022","0003","0","734000","735000","736000","737000","738000","739000","740000","741000","743000","744000","732000","731000","730000","729000","728000","727000","726000","725000","724000","723000","174","192","271","18","258","292","123","3","1","1","166","104","16","18","22","69","22","48","5","6","1333","476","0","0","0","0","0","-725000","5","-100.00","603","189","0","0","0","","0","0","0","","",""
"080023","0000","0","733000","734000","735000","736000","737000","738000","739000","740000","741000","743000","732000","731000","730000","729000","728000","727000","726000","725000","724000","723000","1","190","191","271","18","258","292","123","3","1","166","104","66","18","22","69","22","48","5","6","1348","526","0","0","0","0","0","-725000","5","-100.00","609","15","50","0","0","","0","0","0","","",""
"080023","0001","0","733000","734000","735000","736000","737000","738000","739000","740000","741000","743000","732000","731000","730000","729000","728000","727000","726000","725000","724000","723000","1","190","191","271","18","258","292","123","3","1","312","104","66","18","22","69","22","48","5","6","1348","672","0","0","0","0","0","-725000","5","-100.00","609","0","146","0","0","","0","0","0","","",""
"080023","0002","0","735000","736000","737000","738000","739000","740000","741000","743000","744000","745000","734000","732000","731000","730000","729000","728000","727000","726000","725000","724000","191","271","18","258","292","123","3","1","1","8","198","342","104","66","18","22","69","22","48","5","1166","894","0","0","0","0","0","-725000","5","-100.00","811","-182","222","0","0","","0","0","0","","",""
"080024","0000","0","735000","736000","737000","738000","739000","740000","741000","743000","744000","745000","734000","732000","731000","730000","729000","728000","727000","726000","725000","724000","190","271","18","258","292","123","3","1","1","8","196","342","104","66","18","22","69","22","48","5","1165","892","0","0","0","0","0","-725000","5","-100.00","814","-1","-2","0","0","","0","0","0","","",""
"080024","0001","0","735000","736000","737000","738000","739000","740000","741000","743000","744000","745000","734000","732000","731000","730000","729000","728000","727000","726000","725000","724000","185","271","18","258","292","123","3","1","1","8","191","342","104","66","18","22","69","22","48","5","1160","887","0","0","0","0","0","-725000","5","-100.00","819","-5","-5","0","0","","0","0","0","","",""
"080024","0002","0","735000","736000","737000","738000","739000","740000","741000","743000","744000","745000","734000","732000","731000","730000","729000","728000","727000","726000","725000","724000","185","271","18","258","302","123","3","1","1","8","191","344","104","66","18","22","69","22","48","5","1170","889","0","0","0","0","0","-725000","5","-100.00","819","10","2","0","0","","0","0","0","","",""
"080025","0000","0","735000","736000","737000","738000","739000","740000","741000","743000","744000","745000","734000","732000","731000","730000","729000","728000","727000","726000","725000","724000","185","271","18","258","302","123","3","1","1","8","161","344","104","66","18","22","69","22","48","5","1170","859","0","0","0","0","0","-725000","5","-100.00","849","0","-30","0","0","","0","0","0","","",""
"080025","0001","0","735000","736000","737000","738000","739000","740000","741000","743000","744000","745000","734000","732000","731000","730000","729000","728000","727000","726000","725000","724000","185","271","18","258","302","123","3","1","1","8","160","344","104","66","18","22","69","22","48","5","1170","858","0","0","0","0","0","-725000","5","-100.00","850","0","-1","0","0","","0","0","0","","",""
"080025","0002","0","735000","736000","737000","738000","739000","740000","741000","743000","744000","745000","734000","733000","732000","731000","730000","729000","728000","727000","726000","725000","185","271","18","258","302","123","3","1","1","8","160","174","364","104","66","18","22","69","23","48","1170","1048","0","0","0","0","0","-725000","5","-100.00","850","0","190","0","0","","0","0","0","","",""
"080026","0000","0","735000","736000","737000","738000","739000","740000","741000","743000","744000","745000","734000","733000","732000","731000","730000","729000","728000","727000","726000","725000","186","271","18","258","302","123","3","1","1","11","160","174","364","109","71","18","22","69","23","48","1174","1058","0","0","0","0","0","-725000","5","-100.00","850","4","10","0","0","","0","0","0","","",""
"080026","0001","0","735000","736000","737000","738000","739000","740000","741000","743000","744000","745000","734000","733000","732000","731000","730000","729000","728000","727000","726000","725000","186","256","18","258","302","123","3","1","1","11","146","174","364","109","71","18","22","69","23","48","1159","1044","0","0","0","0","0","-725000","5","-100.00","865","-15","-14","0","0","","0","0","0","","",""
"080027","0000","0","735000","736000","737000","738000","739000","740000","741000","743000","744000","745000","734000","733000","732000","731000","730000","729000","728000","727000","726000","725000","187","256","18","258","302","123","3","1","1","11","139","174","364","109","71","18","22","69","23","48","1160","1037","0","0","0","0","0","-725000","5","-100.00","873","1","-7","0","0","","0","0","0","","",""
"080027","0001","0","735000","736000","737000","738000","739000","740000","741000","743000","744000","745000","734000","733000","732000","731000","730000","729000","728000","727000","726000","725000","187","256","18","258","302","123","3","1","1","11","138","174","364","109","71","18","22","69","23","48","1160","1036","0","0","0","0","0","-725000","5","-100.00","874","0","-1","0","0","","0","0","0","","",""
"080027","0002","0","735000","736000","737000","738000","739000","740000","741000","743000","744000","745000","734000","733000","732000","731000","730000","729000","728000","727000","726000","725000","187","266","19","258","302","123","3","1","1","11","136","174","364","109","71","18","22","69","23","48","1171","1034","0","0","0","0","0","-725000","5","-100.00","876","11","-2","0","0","","0","0","0","","",""
"080027","0003","0","735000","736000","737000","738000","739000","740000","741000","743000","744000","745000","734000","733000","732000","731000","730000","729000","728000","727000","726000","725000","179","266","24","258","302","128","3","1","1","11","128","174","364","109","71","18","22","69","23","48","1173","1026","0","0","0","0","0","-725000","5","-100.00","884","2","-8","0","0","","0","0","0","","",""
"080028","0000","0","735000","736000","737000","738000","739000","740000","741000","743000","744000","745000","734000","733000","732000","731000","730000","729000","728000","727000","726000","725000","185","266","24","258","302","128","3","1","1","11","117","174","364","109","71","18","22","69","23","48","1179","1015","0","0","0","0","0","-725000","5","-100.00","895","6","-11","0","0","","0","0","0","","",""
"080028","0001","0","735000","736000","737000","738000","739000","740000","741000","743000","744000","745000","734000","733000","732000","731000","730000","729000","728000","727000","726000","725000","179","266","24","258","302","128","3","1","1","11","144","174","364","109","71","18","22","69","23","49","1173","1043","0","0","0","0","0","-725000","5","-100.00","895","-6","28","0","0","","0","0","0","","",""
"080028","0002","0","735000","736000","737000","738000","739000","740000","741000","743000","744000","745000","734000","733000","732000","731000","730000","729000","728000","727000","726000","725000","179","266","24","258","302","128","3","1","1","11","144","176","364","109","71","18","22","69","23","49","1173","1045","0","0","0","0","0","-725000","5","-100.00","895","0","2","0","0","","0","0","0","","",""
"080028","0003","0","735000","736000","737000","738000","739000","740000","741000","743000","744000","745000","733000","732000","731000","730000","729000","728000","727000","726000","725000","724000","179","75","28","258","302","128","3","1","1","11","176","364","109","71","18","22","69","23","49","5","986","906","0","0","0","0","0","-725000","5","-100.00","1101","-187","-139","0","0","","0","0","0","","",""
"080029","0000","0","734000","735000","736000","737000","738000","739000","740000","741000","743000","744000","733000","732000","731000","730000","729000","728000","727000","726000","725000","724000","40","164","75","28","258","302","128","3","1","1","176","364","109","71","18","22","69","23","49","5","1000","906","0","0","0","0","0","-725000","5","-100.00","1115","14","0","0","0","","0","0","0","","",""
"080029","0001","0","735000","736000","737000","738000","739000","740000","741000","743000","744000","745000","733000","732000","731000","730000","729000","728000","727000","726000","725000","724000","155","75","28","258","302","128","3","1","1","12","176","374","109","71","18","22","69","23","49","5","963","916","0","0","0","0","0","-725000","5","-100.00","1170","-37","10","0","0","","0","0","0","","",""
"080029","0002","0","735000","736000","737000","738000","739000","740000","741000","743000","744000","745000","733000","732000","731000","730000","729000","728000","727000","726000","725000","724000","155","75","28","258","302","128","3","1","1","12","176","374","113","71","18","22","69","23","49","5","963","920","0","0","0","0","0","-725000","5","-100.00","1170","0","4","0","0","","0","0","0","","",""
"080030","0000","0","735000","736000","737000","738000","739000","740000","741000","743000","744000","745000","733000","732000","731000","730000","729000","728000","727000","726000","725000","724000","155","75","28","258","173","128","3","1","1","12","176","374","113","71","18","22","69","23","49","5","834","920","0","0","0","0","0","-725000","5","-100.00","1171","-129","0","0","0","","0","0","0","","",""
"080030","0001","0","734000","735000","736000","737000","738000","739000","740000","741000","743000","744000","733000","732000","731000","730000","729000","728000","727000","726000","725000","724000","51","155","75","28","258","173","128","3","1","1","176","374","113","71","18","22","69","23","49","5","873","920","0","0","0","0","0","-725000","5","-100.00","1185","39","0","0","0","","0","0","0","","",""
"080030","0002","0","734000","735000","736000","737000","738000","739000","740000","741000","743000","744000","733000","732000","731000","730000","729000","728000","727000","726000","725000","724000","54","155","75","28","258","173","128","3","1","1","176","374","113","71","18","22","69","23","49","5","876","920","0","0","0","0","0","-725000","5","-100.00","1185","3","0","0","0","","0","0","0","","",""
"080030","0003","0","734000","735000","736000","737000","738000","739000","740000","741000","743000","744000","733000","732000","731000","730000","729000","728000","727000","726000","725000","724000","54","164","75","28","258","173","128","3","1","1","176","374","113","71","18","22","69","23","49","5","885","920","0","0","0","0","0","-725000","5","-100.00","1185","9","0","0","0","","0","0","0","","",""
"080031","0000","0","734000","735000","736000","737000","738000","739000","740000","741000","743000","744000","733000","732000","731000","730000","729000","728000","727000","726000","725000","724000","47","164","75","28","258","173","128","3","1","1","176","374","113","66","18","15","69","23","49","5","878","908","0","0","0","0","0","-725000","5","-100.00","1195","-7","-12","0","0","","0","0","0","","",""
"080031","0001","0","734000","735000","736000","737000","738000","739000","740000","741000","743000","744000","733000","732000","731000","730000","729000","728000","727000","726000","725000","724000","49","164","75","28","258","187","128","3","1","1","176","374","113","66","18","15","69","23","49","5","894","908","0","0","0","0","0","-725000","5","-100.00","1195","16","0","0","0","","0","0","0","","",""
"080031","0002","0","734000","735000","736000","737000","738000","739000","740000","741000","743000","744000","733000","732000","731000","730000","729000","728000","727000","726000","725000","724000","14","164","75","28","258","187","128","3","1","1","176","374","113","66","18","15","69","23","49","5","859","908","0","0","0","0","0","-725000","5","-100.00","1230","-35","0","0","0","","0","0","0","","",""
"080032","0000","0","734000","735000","736000","737000","738000","739000","740000","741000","743000","744000","733000","732000","731000","730000","729000","728000","727000","726000","725000","724000","15","164","76","28","258","187","128","3","1","1","176","374","113","66","18","15","69","23","49","5","861","908","0","0","0","0","0","-725000","5","-100.00","1230","2","0","0","0","","0","0","0","","",""
"080032","0001","0","734000","735000","736000","737000","738000","739000","740000","741000","743000","744000","733000","732000","731000","730000","729000","728000","727000","726000","725000","724000","25","164","76","29","257","187","128","3","1","1","176","374","113","66","18","15","69","23","49","5","871","908","0","0","0","0","0","-725000","5","-100.00","1230","10","0","0","0","","0","0","0","","",""
"080032","0002","0","734000","735000","736000","737000","738000","739000","740000","741000","743000","744000","733000","732000","731000","730000","729000","728000","727000","726000","725000","724000","25","165","76","29","262","187","128","3","1","1","176","374","113","66","18","15","69","23","49","5","877","908","0","0","0","0","0","-725000","5","-100.00","1231","6","0","0","0","","0","0","0","","",""
"080032","0003","0","734000","735000","736000","737000","738000","739000","740000","741000","743000","744000","733000","732000","731000","730000","729000","728000","727000","726000","725000","724000","20","165","76","29","262","187","128","3","1","1","176","374","113","66","18","15","69","23","49","5","872","908","0","0","0","0","0","-725000","5","-100.00","1236","-5","0","0","0","","0","0","0","","",""
"080033","0000","0","734000","735000","736000","737000","738000","739000","740000","741000","743000","744000","733000","732000","731000","730000","729000","728000","727000","726000","725000","724000","20","165","76","29","262","187","128","3","1","1","201","374","113","66","18","15","69","23","49","5","872","933","0","0","0","0","0","-725000","5","-100.00","1236","0","25","0","0","","0","0","0","","",""
"080033","0001","0","735000","736000","737000","738000","739000","740000","741000","743000","744000","745000","734000","733000","732000","731000","730000","729000","728000","727000","726000","725000","165","76","29","262","187","128","3","1","1","16","28","201","374","113","66","18","15","69","23","49","868","956","0","0","0","0","0","-725000","5","-100.00","1258","-4","23","0","0","","0","0","0","","",""
"080033","0002","0","735000","736000","737000","738000","739000","740000","741000","743000","744000","745000","734000","733000","732000","731000","730000","729000","728000","727000","726000","725000","165","76","29","262","187","128","3","1","1","16","25","201","374","113","66","18","15","69","23","49","868","953","0","0","0","0","0","-725000","5","-100.00","1261","0","-3","0","0","","0","0","0","","",""
"080034","0000","0","735000","736000","737000","738000","739000","740000","741000","743000","744000","745000","734000","733000","732000","731000","730000","729000","728000","727000","726000","725000","165","76","29","262","187","128","3","1","1","16","25","201","374","113","66","18","15","69","23","149","868","1053","0","0","0","0","0","-725000","5","-100.00","1261","0","100","0","0","","0","0","0","","",""
"080034","0001","0","735000","736000","737000","738000","739000","740000","741000","743000","744000","745000","734000","733000","732000","731000","730000","729000","728000","727000","726000","725000","166","76","29","262","187","128","3","1","1","16","21","27","374","113","67","18","15","69","23","149","869","876","0","0","0","0","0","-725000","5","-100.00","1265","1","-177","0","0","","0","0","0","","",""
"080034","0002","0","735000","736000","737000","738000","739000","740000","741000","743000","744000","745000","734000","733000","732000","731000","730000","729000","728000","727000","726000","725000","166","76","29","262","187","128","3","1","1","21","21","27","374","113","67","21","15","69","23","149","874","879","0","0","0","0","0","-725000","5","-100.00","1265","5","3","0","0","","0","0","0","","",""
"080035","0000","0","735000","736000","737000","738000","739000","740000","741000","743000","744000","745000","733000","732000","731000","730000","729000","728000","727000","726000","725000","724000","172","76","29","262","187","128","3","1","1","21","27","374","113","67","21","15","69","23","149","5","880","863","0","0","0","0","0","-725000","5","-100.00","1286","6","-16","0","0","","0","0","0","","",""
"080035","0001","0","735000","736000","737000","738000","739000","740000","741000","743000","744000","745000","734000","733000","732000","731000","730000","729000","728000","727000","726000","725000","166","76","42","262","187","128","3","1","1","21","20","27","374","113","67","21","15","69","23","149","887","878","0","0","0","0","0","-725000","5","-100.00","1286","7","15","0","0","","0","0","0","","",""
"080035","0002","0","735000","736000","737000","738000","739000","740000","741000","743000","744000","745000","734000","733000","732000","731000","730000","729000","728000","727000","726000","725000","172","76","42","262","187","128","3","1","1","21","13","127","374","113","67","21","15","69","23","149","893","971","0","0","0","0","0","-725000","5","-100.00","1293","6","93","0","0","","0","0","0","","",""
"080035","0003","0","735000","736000","737000","738000","739000","740000","741000","743000","744000","745000","734000","733000","732000","731000","730000","729000","728000","727000","726000","725000","174","76","42","262","187","128","3","1","1","21","13","127","374","113","67","21","15","69","23","149","895","971","0","0","0","0","0","-725000","5","-100.00","1293","2","0","0","0","","0","0","0","","",""
"080036","0000","0","735000","736000","737000","738000","739000","740000","741000","743000","744000","745000","734000","733000","732000","731000","730000","729000","728000","727000","726000","725000","168","76","42","262","187","128","3","1","1","21","18","127","374","113","67","21","15","69","23","149","889","976","0","0","0","0","0","-725000","5","-100.00","1293","-6","5","0","0","","0","0","0","","",""
"080036","0001","0","735000","736000","737000","738000","739000","740000","741000","743000","744000","745000","734000","733000","732000","731000","730000","729000","728000","727000","726000","725000","169","76","42","262","187","128","3","1","1","21","28","127","374","113","67","21","15","69","23","149","890","986","0","0","0","0","0","-725000","5","-100.00","1293","1","10","0","0","","0","0","0","","",""
"080037","0000","0","735000","736000","737000","738000","739000","740000","741000","743000","744000","745000","734000","733000","732000","731000","730000","729000","728000","727000","726000","725000","169","95","42","262","187","128","3","1","1","21","28","127","374","113","67","21","15","69","23","149","909","986","0","0","0","0","0","-725000","5","-100.00","1293","19","0","0","0","","0","0","0","","",""
"080037","0001","0","735000","736000","737000","738000","739000","740000","741000","743000","744000","745000","734000","733000","732000","731000","730000","729000","728000","727000","726000","725000","169","95","42","262","187","128","3","1","1","21","26","127","374","113","67","21","15","69","23","149","909","984","0","0","0","0","0","-725000","5","-100.00","1295","0","-2","0","0","","0","0","0","","",""
"080037","0002","0","735000","736000","737000","738000","739000","740000","741000","743000","744000","745000","734000","733000","732000","731000","730000","729000","728000","727000","726000","725000","169","95","42","262","187","128","3","1","1","21","26","273","228","113","67","21","15","69","23","149","909","984","0","0","0","0","0","-725000","5","-100.00","1295","0","0","0","0","","0","0","0","","",""
"080037","0003","0","735000","736000","737000","738000","739000","740000","741000","743000","744000","745000","734000","733000","732000","731000","730000","729000","728000","727000","726000","725000","169","98","42","262","187","128","3","1","1","21","200","707","228","113","67","21","15","69","23","149","912","1592","0","0","0","0","0","-725000","5","-100.00","1295","3","608","0","0","","0","0","0","","",""
"080038","0000","0","735000","736000","737000","738000","739000","740000","741000","743000","744000","745000","734000","733000","732000","731000","730000","729000","728000","727000","726000","725000","171","98","42","262","189","128","3","1","1","21","200","707","228","113","67","21","15","69","23","149","916","1592","0","0","0","0","0","-725000","5","-100.00","1295","4","0","0","0","","0","0","0","","",""
"080038","0001","0","735000","736000","737000","738000","739000","740000","741000","743000","744000","745000","734000","733000","732000","731000","730000","729000","728000","727000","726000","725000","171","98","42","262","189","128","3","1","1","21","200","708","228","113","67","21","15","69","23","149","916","1593","0","0","0","0","0","-725000","5","-100.00","1295","0","1","0","0","","0","0","0","","",""
"080038","0002","0","735000","736000","737000","738000","739000","740000","741000","743000","744000","745000","734000","733000","732000","731000","730000","729000","728000","727000","726000","725000","171","98","42","262","189","128","3","1","1","21","200","708","231","113","67","21","15","69","23","154","916","1601","0","0","0","0","0","-725000","5","-100.00","1295","0","8","0","0","","0","0","0","","",""
"080038","0003","0","735000","736000","737000","738000","739000","740000","741000","743000","744000","745000","734000","733000","732000","731000","730000","729000","728000","727000","726000","725000","172","98","42","262","189","128","3","1","1","21","200","708","231","113","67","21","15","69","23","154","917","1601","0","0","0","0","0","-725000","5","-100.00","1295","1","0","0","0","","0","0","0","","",""
"080039","0000","0","735000","736000","737000","738000","739000","740000","741000","743000","744000","745000","734000","733000","732000","731000","730000","729000","728000","727000","726000","725000","172","98","42","262","189","128","3","1","1","21","219","713","231","113","67","21","15","69","23","154","917","1625","0","0","0","0","0","-725000","5","-100.00","1302","0","24","0","0","","0","0","0","","",""
"080039","0001","0","735000","736000","737000","738000","739000","740000","741000","743000","744000","745000","734000","733000","732000","731000","730000","729000","728000","727000","726000","725000","172","98","42","262","189","128","3","1","1","21","213","713","231","113","67","21","15","69","23","154","917","1619","0","0","0","0","0","-725000","5","-100.00","1309","0","-6","0","0","","0","0","0","","",""
"080039","0002","0","735000","736000","737000","738000","739000","740000","741000","743000","744000","745000","734000","733000","732000","731000","730000","729000","728000","727000","726000","725000","172","98","42","262","189","128","3","1","1","21","224","713","231","113","67","21","15","69","23","154","917","1630","0","0","0","0","0","-725000","5","-100.00","1309","0","11","0","0","","0","0","0","","",""
"080039","0003","0","735000","736000","737000","738000","739000","740000","741000","743000","744000","745000","734000","733000","732000","731000","730000","729000","728000","727000","726000","725000","171","98","42","262","189","128","3","1","1","21","220","713","231","113","67","21","15","69","23","154","916","1626","0","0","0","0","0","-725000","5","-100.00","1314","-1","-4","0","0","","0","0","0","","",""
"080040","0000","0","735000","736000","737000","738000","739000","740000","741000","743000","744000","745000","734000","733000","732000","731000","730000","729000","728000","727000","726000","725000","171","98","42","262","189","128","3","1","1","21","377","713","231","118","77","21","15","69","23","154","916","1798","0","0","0","0","0","-725000","5","-100.00","1316","0","172","0","0","","0","0","0","","",""
"080040","0001","0","735000","736000","737000","738000","739000","740000","741000","743000","744000","745000","734000","733000","732000","731000","730000","729000","728000","727000","726000","725000","171","98","42","262","189","128","3","1","1","21","376","713","231","118","77","21","15","69","23","154","916","1797","0","0","0","0","0","-725000","5","-100.00","1317","0","-1","0","0","","0","0","0","","",""
"080041","0000","0","735000","736000","737000","738000","739000","740000","741000","743000","744000","745000","734000","733000","732000","731000","730000","729000","728000","727000","726000","725000","171","91","103","262","189","128","3","1","1","21","369","713","231","118","77","21","15","69","23","154","970","1790","0","0","0","0","0","-725000","5","-100.00","1324","54","-7","0","0","","0","0","0","","",""
"080041","0001","0","735000","736000","737000","738000","739000","740000","741000","743000","744000","745000","734000","733000","732000","731000","730000","729000","728000","727000","726000","725000","172","91","103","262","189","128","3","1","1","21","369","714","231","118","77","21","15","69","23","154","971","1791","0","0","0","0","0","-725000","5","-100.00","1324","1","1","0","0","","0","0","0","","",""
"080041","0002","0","735000","736000","737000","738000","739000","740000","741000","743000","744000","745000","734000","733000","732000","731000","730000","729000","728000","727000","726000","725000","186","91","103","262","189","128","3","1","1","21","369","714","231","118","77","21","15","69","23","154","985","1791","0","0","0","0","0","-725000","5","-100.00","1324","14","0","0","0","","0","0","0","","",""
"080041","0003","0","735000","736000","737000","738000","739000","740000","741000","743000","744000","745000","734000","733000","732000","731000","730000","729000","728000","727000","726000","725000","184","91","103","262","189","128","3","1","1","21","368","714","231","118","77","21","15","69","38","154","983","1805","0","0","0","0","0","-725000","5","-100.00","1327","-2","14","0","0","","0","0","0","","",""
"080042","0000","0","735000","736000","737000","738000","739000","740000","741000","743000","744000","745000","734000","733000","732000","731000","730000","729000","728000","727000","726000","725000","184","91","103","262","189","128","3","1","1","22","367","714","244","118","77","21","15","69","38","154","984","1817","0","0","0","0","0","-725000","5","-100.00","1328","1","12","0","0","","0","0","0","","",""
"080042","0001","0","735000","736000","737000","738000","739000","740000","741000","743000","744000","745000","734000","733000","732000","731000","730000","729000","728000","727000","726000","725000","185","91","100","262","189","128","3","1","1","22","367","714","244","118","77","21","15","69","38","154","982","1817","0","0","0","0","0","-725000","5","-100.00","1328","-2","0","0","0","","0","0","0","","",""
"080042","0002","0","735000","736000","737000","738000","739000","740000","741000","743000","744000","745000","734000","733000","732000","731000","730000","729000","728000","727000","726000","725000","185","91","101","262","189","128","3","1","1","22","417","714","244","118","77","21","15","69","38","154","983","1867","0","0","0","0","0","-725000","5","-100.00","1328","1","50","0","0","","0","0","0","","",""
"080042","0003","0","735000","736000","737000","738000","739000","740000","741000","743000","744000","745000","734000","733000","732000","731000","730000","729000","728000","727000","726000","725000","185","91","101","262","191","128","3","1","1","22","417","714","244","118","77","21","15","69","38","154","985","1867","0","0","0","0","0","-725000","5","-100.00","1328","2","0","0","0","","0","0","0","","",""
"080043","0000","0","735000","736000","737000","738000","739000","740000","741000","743000","744000","745000","734000","733000","732000","731000","730000","729000","728000","727000","726000","725000","185","91","101","262","191","143","3","1","1","22","412","714","244","118","77","21","15","69","38","154","1000","1862","0","0","0","0","0","-725000","5","-100.00","1333","15","-5","0","0","","0","0","0","","",""
"080043","0001","0","735000","736000","737000","738000","739000","740000","741000","743000","744000","745000","734000","733000","732000","731000","730000","729000","728000","727000","726000","725000","190","91","101","262","191","143","3","1","1","22","412","714","244","122","77","21","15","69","38","154","1005","1866","0","0","0","0","0","-725000","5","-100.00","1333","5","4","0","0","","0","0","0","","",""
"080043","0002","0","735000","736000","737000","738000","739000","740000","741000","743000","744000","745000","734000","733000","732000","731000","730000","729000","728000","727000","726000","725000","190","92","101","261","191","143","3","1","1","22","409","714","244","122","77","21","15","69","38","154","1005","1863","0","0","0","0","0","-725000","5","-100.00","1336","0","-3","0","0","","0","0","0","","",""
"080044","0000","0","735000","736000","737000","738000","739000","740000","741000","743000","744000","745000","734000","733000","732000","731000","730000","729000","728000","727000","726000","725000","170","92","101","261","191","143","3","1","1","23","409","714","244","122","77","21","15","69","38","154","986","1863","0","0","0","0","0","-725000","5","-100.00","1356","-19","0","0","0","","0","0","0","","",""
"080044","0001","0","735000","736000","737000","738000","739000","740000","741000","743000","744000","745000","734000","733000","732000","731000","730000","729000","728000","727000","726000","725000","160","92","101","262","191","143","3","1","1","23","409","714","244","122","77","21","15","69","38","154","977","1863","0","0","0","0","0","-725000","5","-100.00","1366","-9","0","0","0","","0","0","0","","",""
"080044","0002","0","735000","736000","737000","738000","739000","740000","741000","743000","744000","745000","734000","733000","732000","731000","730000","729000","728000","727000","726000","725000","160","92","101","262","191","143","3","1","1","23","555","568","244","122","77","21","15","69","38","195","977","1904","0","0","0","0","0","-725000","5","-100.00","1366","0","41","0","0","","0","0","0","","",""
"080044","0003","0","735000","736000","737000","738000","739000","740000","741000","743000","744000","745000","734000","733000","732000","731000","730000","729000","728000","727000","726000","725000","160","92","101","262","191","143","3","1","1","23","566","568","244","122","77","21","15","69","38","195","977","1915","0","0","0","0","0","-725000","5","-100.00","1366","0","11","0","0","","0","0","0","","",""
"080045","0000","0","735000","736000","737000","738000","739000","740000","741000","743000","744000","745000","734000","733000","732000","731000","730000","729000","728000","727000","726000","725000","161","92","101","263","192","143","3","1","1","23","566","568","244","122","77","21","15","69","38","195","980","1915","0","0","0","0","0","-725000","5","-100.00","1366","3","0","0","0","","0","0","0","","",""
"080045","0001","0","735000","736000","737000","738000","739000","740000","741000","743000","744000","745000","734000","733000","732000","731000","730000","729000","728000","727000","726000","725000","166","92","101","258","192","143","3","1","1","23","566","568","244","122","77","21","15","69","38","195","980","1915","0","0","0","0","0","-725000","5","-100.00","1366","0","0","0","0","","0","0","0","","",""
"080045","0002","0","735000","736000","737000","738000","739000","740000","741000","743000","744000","745000","734000","733000","732000","731000","730000","729000","728000","727000","726000","725000","166","92","101","258","192","143","3","1","1","23","567","568","244","122","77","21","15","69","38","201","980","1922","0","0","0","0","0","-725000","5","-100.00","1366","0","7","0","0","","0","0","0","","",""
"080045","0003","0","735000","736000","737000","738000","739000","740000","741000","743000","744000","745000","734000","733000","732000","731000","730000","729000","728000","727000","726000","725000","116","92","101","258","192","143","3","1","1","23","567","568","244","122","77","21","15","69","38","202","930","1923","0","0","0","0","0","-725000","5","-100.00","1416","-50","1","0","0","","0","0","0","","",""
"080046","0000","0","736000","737000","738000","739000","740000","741000","743000","744000","745000","746000","735000","734000","733000","732000","731000","730000","729000","728000","727000","726000","93","101","258","192","143","3","1","1","23","13","435","568","568","244","122","77","21","15","69","38","828","2157","0","0","0","0","0","-725000","5","-100.00","1532","-102","234","0","0","","0","0","0","","",""
"080046","0001","0","736000","737000","738000","739000","740000","741000","743000","744000","745000","746000","735000","734000","733000","732000","731000","730000","729000","728000","727000","726000","93","101","258","192","143","3","1","1","23","13","437","568","568","244","122","77","21","15","69","45","828","2166","0","0","0","0","0","-725000","5","-100.00","1532","0","9","0","0","","0","0","0","","",""
"080046","0002","0","736000","737000","738000","739000","740000","741000","743000","744000","745000","746000","735000","734000","733000","732000","731000","730000","729000","728000","727000","726000","93","122","258","192","143","3","1","1","23","13","437","568","568","244","122","77","21","15","69","45","849","2166","0","0","0","0","0","-725000","5","-100.00","1532","21","0","0","0","","0","0","0","","",""
"080047","0000","0","736000","737000","738000","739000","740000","741000","743000","744000","745000","746000","735000","734000","733000","732000","731000","730000","729000","728000","727000","726000","93","122","258","192","143","3","1","1","23","13","437","570","568","242","122","77","21","15","69","63","849","2184","0","0","0","0","0","-725000","5","-100.00","1532","0","18","0","0","","0","0","0","","",""
"080047","0001","0","736000","737000","738000","739000","740000","741000","743000","744000","745000","746000","735000","734000","733000","732000","731000","730000","729000","728000","727000","726000","93","122","258","192","143","3","1","1","23","13","148","570","568","242","122","77","21","15","69","63","849","1895","0","0","0","0","0","-725000","5","-100.00","1821","0","-289","0","0","","0","0","0","","",""
"080047","0002","0","736000","737000","738000","739000","740000","741000","743000","744000","745000","746000","735000","734000","733000","732000","731000","730000","729000","728000","727000","726000","93","127","258","192","143","3","1","1","23","13","147","570","568","242","122","77","21","15","69","63","854","1894","0","0","0","0","0","-725000","5","-100.00","1822","5","-1","0","0","","0","0","0","","",""
"080047","0003","0","736000","737000","738000","739000","740000","741000","743000","744000","745000","746000","735000","734000","733000","732000","731000","730000","729000","728000","727000","726000","93","127","258","192","143","3","1","1","23","13","147","570","568","229","122","77","21","15","69","63","854","1881","0","0","0","0","0","-725000","5","-100.00","1822","0","-13","0","0","","0","0","0","","",""
"080048","0000","0","736000","737000","738000","739000","740000","741000","743000","744000","745000","746000","735000","734000","733000","732000","731000","730000","729000","728000","727000","726000","93","127","258","192","143","3","1","1","23","13","147","570","568","229","122","77","21","15","69","64","854","1882","0","0","0","0","0","-725000","5","-100.00","1822","0","1","0","0","","0","0","0","","",""
"080048","0001","0","736000","737000","738000","739000","740000","741000","743000","744000","745000","746000","735000","734000","733000","732000","731000","730000","729000","728000","727000","726000","92","127","258","192","143","3","1","1","23","13","114","570","568","229","122","77","21","15","69","64","853","1849","0","0","0","0","0","-725000","5","-100.00","1865","-1","-33","0","0","","0","0","0","","",""
"080048","0002","0","736000","737000","738000","739000","740000","741000","743000","744000","745000","746000","735000","734000","733000","732000","731000","730000","729000","728000","727000","726000","92","127","258","192","143","3","1","1","23","13","61","570","568","229","122","77","21","15","69","64","853","1796","0","0","0","0","0","-725000","5","-100.00","1918","0","-53","0","0","","0","0","0","","",""
"080048","0003","0","736000","737000","738000","739000","740000","741000","743000","744000","745000","746000","735000","734000","733000","732000","731000","730000","729000","728000","727000","726000","91","127","258","192","143","3","1","1","23","13","60","570","568","229","122","77","21","15","69","64","852","1795","0","0","0","0","0","-725000","5","-100.00","1919","-1","-1","0","0","","0","0","0","","",""
"080049","0000","0","736000","737000","738000","739000","740000","741000","743000","744000","745000","746000","735000","734000","733000","732000","731000","730000","729000","728000","727000","726000","93","127","258","192","143","3","1","1","23","13","60","570","568","229","122","77","21","15","69","64","854","1795","0","0","0","0","0","-725000","5","-100.00","1919","2","0","0","0","","0","0","0","","",""
"080049","0001","0","736000","737000","738000","739000","740000","741000","743000","744000","745000","746000","735000","734000","733000","732000","731000","730000","729000","728000","727000","726000","93","127","258","206","193","3","1","1","23","13","60","570","568","229","122","77","21","15","69","64","918","1795","0","0","0","0","0","-725000","5","-100.00","1919","64","0","0","0","","0","0","0","","",""
"080050","0000","0","736000","737000","738000","739000","740000","741000","743000","744000","745000","746000","735000","734000","733000","732000","731000","730000","729000","728000","727000","726000","93","127","258","206","193","3","1","1","23","13","63","570","568","229","122","77","21","15","69","64","918","1798","0","0","0","0","0","-725000","5","-100.00","1919","0","3","0","0","","0","0","0","","",""
"080050","0001","0","736000","737000","738000","739000","740000","741000","743000","744000","745000","746000","735000","734000","733000","732000","731000","730000","729000","728000","727000","726000","93","127","258","206","193","3","1","1","23","13","61","600","568","229","122","77","21","15","69","64","918","1826","0","0","0","0","0","-725000","5","-100.00","1921","0","28","0","0","","0","0","0","","",""
"080050","0002","0","736000","737000","738000","739000","740000","741000","743000","744000","745000","746000","735000","734000","733000","732000","731000","730000","729000","728000","727000","726000","90","127","258","206","193","3","1","1","23","13","61","600","568","229","122","77","21","15","69","64","915","1826","0","0","0","0","0","-725000","5","-100.00","1924","-3","0","0","0","","0","0","0","","",""
"080050","0003","0","736000","737000","738000","739000","740000","741000","743000","744000","745000","746000","735000","734000","733000","732000","731000","730000","729000","728000","727000","726000","90","127","261","206","193","3","1","1","23","13","61","600","568","229","122","77","21","15","69","64","918","1826","0","0","0","0","0","-725000","5","-100.00","1924","3","0","0","0","","0","0","0","","",""
"080051","0000","0","736000","737000","738000","739000","740000","741000","743000","744000","745000","746000","735000","734000","733000","732000","731000","730000","729000","728000","727000","726000","90","127","261","206","194","3","1","1","23","13","91","441","568","209","122","77","21","15","69","64","919","1677","0","0","0","0","0","-725000","5","-100.00","1924","1","-149","0","0","","0","0","0","","",""
"080051","0001","0","736000","737000","738000","739000","740000","741000","743000","744000","745000","746000","735000","734000","733000","732000","731000","730000","729000","728000","727000","726000","89","127","261","206","194","3","1","1","23","13","91","445","568","209","122","77","21","15","69","64","918","1681","0","0","0","0","0","-725000","5","-100.00","1925","-1","4","0","0","","0","0","0","","",""
"080052","0000","0","736000","737000","738000","739000","740000","741000","743000","744000","745000","746000","735000","734000","733000","732000","731000","730000","729000","728000","727000","726000","89","127","261","206","194","3","1","1","23","13","91","455","568","209","122","77","21","15","69","64","918","1691","0","0","0","0","0","-725000","5","-100.00","1925","0","10","0","0","","0","0","0","","",""
"080052","0001","0","736000","737000","738000","739000","740000","741000","743000","744000","745000","746000","735000","734000","733000","732000","731000","730000","729000","728000","727000","726000","88","127","261","206","194","3","1","1","23","13","96","455","568","209","122","77","21","15","69","64","917","1696","0","0","0","0","0","-725000","5","-100.00","1928","-1","5","0","0","","0","0","0","","",""
"080052","0002","0","736000","737000","738000","739000","740000","741000","743000","744000","745000","746000","735000","734000","733000","732000","731000","730000","729000","728000","727000","726000","86","129","261","206","194","3","1","1","23","13","96","686","567","209","122","77","21","15","69","64","917","1926","0","0","0","0","0","-725000","5","-100.00","1928","0","230","0","0","","0","0","0","","",""
"080052","0003","0","736000","737000","738000","739000","740000","741000","743000","744000","745000","746000","735000","734000","733000","732000","731000","730000","729000","728000","727000","726000","89","129","258","206","194","3","1","1","23","13","116","686","567","209","122","77","21","15","69","64","917","1946","0","0","0","0","0","-725000","5","-100.00","1928","0","20","0","0","","0","0","0","","",""
"080053","0000","0","736000","737000","738000","739000","740000","741000","743000","744000","745000","746000","735000","734000","733000","732000","731000","730000","729000","728000","727000","726000","79","129","259","206","194","3","1","1","23","13","116","686","567","209","122","77","21","15","69","64","908","1946","0","0","0","0","0","-725000","5","-100.00","1938","-9","0","0","0","","0","0","0","","",""
"080053","0001","0","736000","737000","738000","739000","740000","741000","743000","744000","745000","746000","735000","734000","733000","732000","731000","730000","729000","728000","727000","726000","78","129","259","206","194","3","1","1","23","13","116","685","567","209","122","77","21","15","69","64","907","1945","0","0","0","0","0","-725000","5","-100.00","1939","-1","-1","0","0","","0","0","0","","",""
"080053","0002","0","736000","737000","738000","739000","740000","741000","743000","744000","745000","746000","735000","734000","733000","732000","731000","730000","729000","728000","727000","726000","78","129","259","206","194","3","1","1","23","13","130","685","567","211","122","77","21","15","69","64","907","1961","0","0","0","0","0","-725000","5","-100.00","1939","0","16","0","0","","0","0","0","","",""
"080053","0003","0","737000","738000","739000","740000","741000","743000","744000","745000","746000","747000","736000","735000","734000","733000","732000","731000","730000","729000","728000","727000","129","259","206","194","3","1","1","23","13","7","22","132","685","567","211","122","77","21","15","69","836","1921","0","0","0","0","0","-725000","5","-100.00","2017","-71","-40","0","0","","0","0","0","","",""
"080054","0000","0","737000","738000","739000","740000","741000","743000","744000","745000","746000","747000","736000","735000","734000","733000","732000","731000","730000","729000","728000","727000","129","259","206","194","3","1","1","23","13","7","18","134","683","567","211","122","77","21","15","69","836","1917","0","0","0","0","0","-725000","5","-100.00","2021","0","-4","0","0","","0","0","0","","",""
"080054","0001","0","737000","738000","739000","740000","741000","743000","744000","745000","746000","747000","736000","735000","734000","733000","732000","731000","730000","729000","728000","727000","129","259","206","194","3","1","1","23","13","7","16","137","683","567","181","122","77","21","15","69","836","1888","0","0","0","0","0","-725000","5","-100.00","2023","0","-29","0","0","","0","0","0","","",""
"080054","0002","0","737000","738000","739000","740000","741000","743000","744000","745000","746000","747000","736000","735000","734000","733000","732000","731000","730000","729000","728000","727000","129","259","206","194","3","1","1","24","13","7","16","137","683","567","181","122","77","21","15","69","837","1888","0","0","0","0","0","-725000","5","-100.00","2023","1","0","0","0","","0","0","0","","",""
"080054","0003","0","737000","738000","739000","740000","741000","743000","744000","745000","746000","747000","735000","734000","733000","732000","731000","730000","729000","728000","727000","726000","129","259","206","194","3","1","1","24","13","7","113","683","567","181","122","77","21","15","69","99","837","1947","0","0","0","0","0","-725000","5","-100.00","2073","0","59","0","0","","0","0","0","","",""
"080055","0000","0","737000","738000","739000","740000","741000","743000","744000","745000","746000","747000","735000","734000","733000","732000","731000","730000","729000","728000","727000","726000","129","259","206","194","6","1","1","24","13","7","113","683","567","181","122","77","21","15","69","99","840","1947","0","0","0","0","0","-725000","5","-100.00","2073","3","0","0","0","","0","0","0","","",""
"080055","0001","0","736000","737000","738000","739000","740000","741000","743000","744000","745000","746000","735000","734000","733000","732000","731000","730000","729000","728000","727000","726000","1","129","284","206","194","6","1","1","24","13","112","683","567","181","122","77","21","15","69","99","859","1946","0","0","0","0","0","-725000","5","-100.00","2074","19","-1","0","0","","0","0","0","","",""
"080056","0000","0","737000","738000","739000","740000","741000","743000","744000","745000","746000","747000","735000","734000","733000","732000","731000","730000","729000","728000","727000","726000","119","284","208","194","6","1","1","24","13","7","112","672","567","181","122","77","21","15","69","99","857","1935","0","0","0","0","0","-725000","5","-100.00","2085","-2","-11","0","0","","0","0","0","","",""
"080056","0001","0","737000","738000","739000","740000","741000","743000","744000","745000","746000","747000","736000","735000","734000","733000","732000","731000","730000","729000","728000","727000","119","284","208","204","6","1","1","24","13","7","1","112","672","567","181","122","78","21","15","69","867","1838","0","0","0","0","0","-725000","5","-100.00","2085","10","-97","0","0","","0","0","0","","",""
"080056","0002","0","737000","738000","739000","740000","741000","743000","744000","745000","746000","747000","736000","735000","734000","733000","732000","731000","730000","729000","728000","727000","119","284","208","204","6","1","1","24","13","7","2","112","702","567","181","122","78","21","15","69","867","1869","0","0","0","0","0","-725000","5","-100.00","2085","0","31","0","0","","0","0","0","","",""
"080056","0003","0","737000","738000","739000","740000","741000","743000","744000","745000","746000","747000","736000","735000","734000","733000","732000","731000","730000","729000","728000","727000","119","284","208","204","6","1","1","24","13","7","2","212","702","567","181","122","78","21","15","69","867","1969","0","0","0","0","0","-725000","5","-100.00","2085","0","100","0","0","","0","0","0","","",""
"080057","0000","0","737000","738000","739000","740000","741000","743000","744000","745000","746000","747000","735000","734000","733000","732000","731000","730000","729000","728000","727000","726000","119","284","208","204","6","1","1","24","13","7","212","702","567","181","122","78","21","15","69","99","867","2066","0","0","0","0","0","-725000","5","-100.00","2090","0","97","0","0","","0","0","0","","",""
"080057","0001","0","736000","737000","738000","739000","740000","741000","743000","744000","745000","746000","735000","734000","733000","732000","731000","730000","729000","728000","727000","726000","1","119","284","208","204","6","1","1","24","13","212","702","567","181","122","78","21","15","69","99","861","2066","0","0","0","0","0","-725000","5","-100.00","2091","-6","0","0","0","","0","0","0","","",""
"080058","0000","0","736000","737000","738000","739000","740000","741000","743000","744000","745000","746000","735000","734000","733000","732000","731000","730000","729000","728000","727000","726000","1","119","284","208","204","6","11","1","24","13","263","702","567","181","122","78","21","15","69","99","871","2117","0","0","0","0","0","-725000","5","-100.00","2091","10","51","0","0","","0","0","0","","",""
"080058","0001","0","736000","737000","738000","739000","740000","741000","743000","744000","745000","746000","735000","734000","733000","732000","731000","730000","729000","728000","727000","726000","1","119","284","194","204","6","11","1","24","13","263","702","567","181","122","78","21","15","69","99","857","2117","0","0","0","0","0","-725000","5","-100.00","2091","-14","0","0","0","","0","0","0","","",""
"080058","0002","0","736000","737000","738000","739000","740000","741000","743000","744000","745000","746000","735000","734000","733000","732000","731000","730000","729000","728000","727000","726000","1","124","284","194","204","6","11","1","24","13","274","701","567","181","122","78","21","15","69","99","862","2127","0","0","0","0","0","-725000","5","-100.00","2093","5","10","0","0","","0","0","0","","",""
"080058","0003","0","736000","737000","738000","739000","740000","741000","743000","744000","745000","746000","735000","734000","733000","732000","731000","730000","729000","728000","727000","726000","1","125","284","194","204","6","11","1","24","13","274","701","567","181","122","78","21","15","69","99","863","2127","0","0","0","0","0","-725000","5","-100.00","2093","1","0","0","0","","0","0","0","","",""
"080059","0000","0","737000","738000","739000","740000","741000","743000","744000","745000","746000","747000","735000","734000","733000","732000","731000","730000","729000","728000","727000","726000","125","284","194","204","6","11","1","24","13","7","274","701","567","181","122","78","21","15","69","99","869","2127","0","0","0","0","0","-725000","5","-100.00","2094","6","0","0","0","","0","0","0","","",""
"080059","0001","0","737000","738000","739000","740000","741000","743000","744000","745000","746000","747000","735000","734000","733000","732000","731000","730000","729000","728000","727000","726000","125","288","194","204","6","11","1","24","13","7","274","701","567","181","122","78","21","15","69","99","873","2127","0","0","0","0","0","-725000","5","-100.00","2094","4","0","0","0","","0","0","0","","",""
"080059","0002","0","737000","738000","739000","740000","741000","743000","744000","745000","746000","747000","735000","734000","733000","732000","731000","730000","729000","728000","727000","726000","125","288","194","204","6","14","1","24","13","7","277","701","567","178","122","78","21","15","69","99","876","2127","0","0","0","0","0","-725000","5","-100.00","2094","3","0","0","0","","0","0","0","","",""
"080100","0000","0","737000","738000","739000","740000","741000","743000","744000","745000","746000","747000","735000","734000","733000","732000","731000","730000","729000","728000","727000","726000","111","293","194","204","6","14","1","24","13","7","263","701","567","178","123","78","21","15","69","99","867","2114","0","0","0","0","0","-725000","5","-100.00","2108","-9","-13","0","0","","0","0","0","","",""
"080101","0000","0","737000","738000","739000","740000","741000","743000","744000","745000","746000","747000","735000","734000","733000","732000","731000","730000","729000","728000","727000","726000","111","293","194","204","6","14","1","24","13","8","263","701","767","178","123","78","21","15","69","99","868","2314","0","0","0","0","0","-725000","5","-100.00","2108","1","200","0","0","","0","0","0","","",""
"080101","0001","0","737000","738000","739000","740000","741000","743000","744000","745000","746000","747000","735000","734000","733000","732000","731000","730000","729000","728000","727000","726000","113","293","323","204","6","14","1","24","13","8","263","701","333","178","123","78","21","15","69","99","999","1880","0","0","0","0","0","-725000","5","-100.00","2108","131","-434","0","0","","0","0","0","","",""
"080101","0002","0","736000","737000","738000","739000","740000","741000","743000","744000","745000","746000","735000","734000","733000","732000","731000","730000","729000","728000","727000","726000","1","113","293","324","204","6","14","1","24","13","263","701","333","178","123","78","21","15","69","99","993","1880","0","0","0","0","0","-725000","5","-100.00","2108","-6","0","0","0","","0","0","0","","",""
"080102","0000","0","737000","738000","739000","740000","741000","743000","744000","745000","746000","747000","736000","735000","734000","733000","732000","731000","730000","729000","728000","727000","108","294","324","204","6","15","1","24","13","8","1","263","701","333","178","123","78","21","15","69","997","1782","0","0","0","0","0","-725000","5","-100.00","2114","4","-98","0","0","","0","0","0","","",""
"080102","0001","0","737000","738000","739000","740000","741000","743000","744000","745000","746000","747000","735000","734000","733000","732000","731000","730000","729000","728000","727000","726000","104","294","324","204","6","15","1","24","13","8","263","701","333","188","123","78","21","15","59","99","993","1880","0","0","0","0","0","-725000","5","-100.00","2121","-4","98","0","0","","0","0","0","","",""
"080102","0002","0","736000","737000","738000","739000","740000","741000","743000","744000","745000","746000","735000","734000","733000","732000","731000","730000","729000","728000","727000","726000","1","104","294","324","204","6","15","1","24","13","263","701","333","188","123","78","21","15","59","99","986","1880","0","0","0","0","0","-725000","5","-100.00","2121","-7","0","0","0","","0","0","0","","",""
"080102","0003","0","737000","738000","739000","740000","741000","743000","744000","745000","746000","747000","735000","734000","733000","732000","731000","730000","729000","728000","727000","726000","1","294","324","204","6","15","1","24","13","8","264","700","333","188","123","78","21","15","59","99","890","1880","0","0","0","0","0","-725000","5","-100.00","2225","-96","0","0","0","","0","0","0","","",""
"080103","0000","0","738000","739000","740000","741000","743000","744000","745000","746000","747000","748000","737000","735000","734000","733000","732000","731000","730000","729000","728000","727000","294","324","204","6","15","1","24","13","8","18","87","365","700","333","188","123","78","21","15","59","907","1969","0","0","0","0","0","-725000","5","-100.00","2226","17","89","0","0","","0","0","0","","",""
"080103","0001","0","738000","739000","740000","741000","743000","744000","745000","746000","747000","748000","737000","736000","735000","734000","733000","732000","731000","730000","729000","728000","294","324","204","6","15","1","24","13","8","18","97","17","365","700","333","188","123","78","21","15","907","1937","0","0","0","0","0","-725000","5","-100.00","2226","0","-32","0","0","","0","0","0","","",""
"080104","0000","0","738000","739000","740000","741000","743000","744000","745000","746000","747000","748000","737000","736000","735000","734000","733000","732000","731000","730000","729000","728000","294","324","204","6","15","1","24","13","8","18","94","17","365","700","742","188","123","78","21","15","907","2343","0","0","0","0","0","-725000","5","-100.00","2229","0","406","0","0","","0","0","0","","",""
"080104","0001","0","738000","739000","740000","741000","743000","744000","745000","746000","747000","748000","737000","736000","735000","734000","733000","732000","731000","730000","729000","728000","294","324","204","6","15","1","24","13","8","18","92","17","365","700","742","188","123","78","21","15","907","2341","0","0","0","0","0","-725000","5","-100.00","2231","0","-2","0","0","","0","0","0","","",""
"080104","0002","0","738000","739000","740000","741000","743000","744000","745000","746000","747000","748000","737000","736000","735000","734000","733000","732000","731000","730000","729000","728000","294","324","204","6","15","2","24","13","8","18","92","17","365","700","742","188","123","78","21","15","908","2341","0","0","0","0","0","-725000","5","-100.00","2231","1","0","0","0","","0","0","0","","",""
"080104","0003","0","738000","739000","740000","741000","743000","744000","745000","746000","747000","748000","737000","736000","735000","734000","733000","732000","731000","730000","729000","728000","294","324","204","6","15","2","24","13","8","18","92","17","367","700","742","188","123","78","21","15","908","2343","0","0","0","0","0","-725000","5","-100.00","2231","0","2","0","0","","0","0","0","","",""
"080105","0000","0","738000","739000","740000","741000","743000","744000","745000","746000","747000","748000","737000","736000","735000","734000","733000","732000","731000","730000","729000","728000","294","324","204","6","15","2","24","13","8","18","91","17","367","700","742","188","123","78","21","15","908","2342","0","0","0","0","0","-725000","5","-100.00","2232","0","-1","0","0","","0","0","0","","",""
"080105","0001","0","738000","739000","740000","741000","743000","744000","745000","746000","747000","748000","737000","736000","735000","734000","733000","732000","731000","730000","729000","728000","281","324","204","6","15","2","24","13","8","18","122","17","366","670","742","188","123","78","21","15","895","2342","0","0","0","0","0","-725000","5","-100.00","2245","-13","0","0","0","","0","0","0","","",""
"080105","0002","0","738000","739000","740000","741000","743000","744000","745000","746000","747000","748000","737000","736000","735000","734000","733000","732000","731000","730000","729000","728000","281","324","204","6","15","2","24","13","8","18","122","17","366","670","742","186","123","80","21","15","895","2342","0","0","0","0","0","-725000","5","-100.00","2245","0","0","0","0","","0","0","0","","",""
"080105","0003","0","738000","739000","740000","741000","743000","744000","745000","746000","747000","748000","737000","736000","735000","734000","733000","732000","731000","730000","729000","728000","281","324","204","6","15","2","24","13","8","19","116","17","366","670","742","186","123","80","21","15","896","2336","0","0","0","0","0","-725000","5","-100.00","2251","1","-6","0","0","","0","0","0","","",""
"080106","0000","0","738000","739000","740000","741000","743000","744000","745000","746000","747000","748000","737000","736000","735000","734000","733000","732000","731000","730000","729000","728000","281","324","204","6","15","2","24","13","8","19","115","17","366","670","742","186","123","80","21","15","896","2335","0","0","0","0","0","-725000","5","-100.00","2252","0","-1","0","0","","0","0","0","","",""
"080106","0001","0","738000","739000","740000","741000","743000","744000","745000","746000","747000","748000","737000","736000","735000","734000","733000","732000","731000","730000","729000","728000","281","324","204","6","15","2","24","13","8","19","102","17","359","670","742","186","123","80","21","15","896","2315","0","0","0","0","0","-725000","5","-100.00","2272","0","-20","0","0","","0","0","0","","",""
"080106","0002","0","738000","739000","740000","741000","743000","744000","745000","746000","747000","748000","737000","736000","735000","734000","733000","732000","731000","730000","729000","728000","286","324","214","6","15","2","24","13","8","19","104","17","357","670","742","186","123","80","21","15","911","2315","0","0","0","0","0","-725000","5","-100.00","2272","15","0","0","0","","0","0","0","","",""
"080106","0003","0","738000","739000","740000","741000","743000","744000","745000","746000","747000","748000","737000","736000","735000","734000","733000","732000","731000","730000","729000","728000","286","324","214","6","15","2","24","13","8","19","104","17","357","670","742","187","123","80","21","15","911","2316","0","0","0","0","0","-725000","5","-100.00","2272","0","1","0","0","","0","0","0","","",""
"080107","0000","0","738000","739000","740000","741000","743000","744000","745000","746000","747000","748000","737000","736000","735000","734000","733000","732000","731000","730000","729000","728000","286","324","214","6","15","2","24","13","8","19","103","17","357","670","742","187","123","80","21","15","911","2315","0","0","0","0","0","-725000","5","-100.00","2274","0","-1","0","0","","0","0","0","","",""
"080107","0001","0","738000","739000","740000","741000","743000","744000","745000","746000","747000","748000","736000","735000","734000","733000","732000","731000","730000","729000","728000","727000","276","462","214","6","15","2","24","13","8","19","18","392","670","742","187","123","80","21","15","60","1039","2308","0","0","0","0","0","-725000","5","-100.00","2395","128","-7","0","0","","0","0","0","","",""
"080107","0002","0","738000","739000","740000","741000","743000","744000","745000","746000","747000","748000","736000","735000","734000","733000","732000","731000","730000","729000","728000","727000","289","462","222","6","15","2","24","13","8","20","18","392","670","742","187","123","80","21","15","60","1061","2308","0","0","0","0","0","-725000","5","-100.00","2395","22","0","0","0","","0","0","0","","",""
"080107","0003","0","738000","739000","740000","741000","743000","744000","745000","746000","747000","748000","737000","736000","735000","734000","733000","732000","731000","730000","729000","728000","289","462","222","6","15","2","24","13","8","20","12","18","362","670","742","187","123","80","21","15","1061","2230","0","0","0","0","0","-725000","5","-100.00","2413","0","-78","0","0","","0","0","0","","",""
"080108","0000","0","738000","739000","740000","741000","743000","744000","745000","746000","747000","748000","736000","735000","734000","733000","732000","731000","730000","729000","728000","727000","289","462","242","6","15","2","24","13","8","20","48","362","670","742","187","123","80","21","15","60","1081","2308","0","0","0","0","0","-725000","5","-100.00","2428","20","78","0","0","","0","0","0","","",""
"080108","0001","0","737000","738000","739000","740000","741000","743000","744000","745000","746000","747000","736000","735000","734000","733000","732000","731000","730000","729000","728000","727000","1","289","462","242","6","15","2","24","13","8","48","362","670","742","187","123","80","21","15","60","1062","2308","0","0","0","0","0","-725000","5","-100.00","2434","-19","0","0","0","","0","0","0","","",""
"080108","0002","0","737000","738000","739000","740000","741000","743000","744000","745000","746000","747000","736000","735000","734000","733000","732000","731000","730000","729000","728000","727000","19","292","462","242","6","15","2","24","13","8","48","362","670","742","187","123","80","21","15","60","1083","2308","0","0","0","0","0","-725000","5","-100.00","2434","21","0","0","0","","0","0","0","","",""
"080108","0003","0","737000","738000","739000","740000","741000","743000","744000","745000","746000","747000","736000","735000","734000","733000","732000","731000","730000","729000","728000","727000","44","292","462","242","6","15","2","24","13","8","48","362","508","742","187","123","80","21","15","60","1108","2146","0","0","0","0","0","-725000","5","-100.00","2434","25","-162","0","0","","0","0","0","","",""
"080109","0000","0","738000","739000","740000","741000","743000","744000","745000","746000","747000","748000","737000","736000","735000","734000","733000","732000","731000","730000","729000","728000","292","462","242","6","15","2","24","13","8","20","56","48","362","508","742","187","123","80","21","15","1084","2142","0","0","0","0","0","-725000","5","-100.00","2478","-24","-4","0","0","","0","0","0","","",""
"080109","0001","0","738000","739000","740000","741000","743000","744000","745000","746000","747000","748000","737000","736000","735000","734000","733000","732000","731000","730000","729000","728000","292","462","242","6","15","2","24","13","8","20","57","48","362","508","742","187","123","80","21","15","1084","2143","0","0","0","0","0","-725000","5","-100.00","2478","0","1","0","0","","0","0","0","","",""
"080109","0002","0","738000","739000","740000","741000","743000","744000","745000","746000","747000","748000","737000","736000","735000","734000","733000","732000","731000","730000","729000","728000","292","462","243","6","15","2","24","13","8","20","57","48","362","508","742","187","123","80","21","15","1085","2143","0","0","0","0","0","-725000","5","-100.00","2478","1","0","0","0","","0","0","0","","",""
"080110","0000","0","738000","739000","740000","741000","743000","744000","745000","746000","747000","748000","737000","736000","735000","734000","733000","732000","731000","730000","729000","728000","349","462","243","6","15","2","24","13","8","20","182","48","362","508","742","188","123","80","21","15","1142","2269","0","0","0","0","0","-725000","5","-100.00","2479","57","126","0","0","","0","0","0","","",""
"080110","0001","0","738000","739000","740000","741000","743000","744000","745000","746000","747000","748000","737000","736000","735000","734000","733000","732000","731000","730000","729000","728000","349","462","243","6","15","2","24","13","8","21","192","48","362","498","742","188","123","80","21","15","1143","2269","0","0","0","0","0","-725000","5","-100.00","2479","1","0","0","0","","0","0","0","","",""
"080110","0002","0","738000","739000","740000","741000","743000","744000","745000","746000","747000","748000","737000","736000","735000","734000","733000","732000","731000","730000","729000","728000","350","462","243","6","15","2","24","13","8","21","192","48","402","498","742","188","123","80","21","15","1144","2309","0","0","0","0","0","-725000","5","-100.00","2479","1","40","0","0","","0","0","0","","",""
"080110","0003","0","738000","739000","740000","741000","743000","744000","745000","746000","747000","748000","737000","736000","735000","734000","733000","732000","731000","730000","729000","728000","150","462","243","6","15","2","24","13","8","21","335","48","402","352","742","188","123","80","21","15","944","2306","0","0","0","0","0","-725000","5","-100.00","2687","-200","-3","0","0","","0","0","0","","",""
"080111","0000","0","738000","739000","740000","741000","743000","744000","745000","746000","747000","748000","737000","736000","735000","734000","733000","732000","731000","730000","729000","728000","150","462","243","6","15","2","24","13","8","21","333","48","402","352","742","188","123","80","21","15","944","2304","0","0","0","0","0","-725000","5","-100.00","2689","0","-2","0","0","","0","0","0","","",""
"080111","0001","0","738000","739000","740000","741000","743000","744000","745000","746000","747000","748000","737000","736000","735000","734000","733000","732000","731000","730000","729000","728000","157","462","243","6","15","2","24","13","8","21","315","48","402","352","742","188","123","80","21","15","951","2286","0","0","0","0","0","-725000","5","-100.00","2707","7","-18","0","0","","0","0","0","","",""
"080111","0002","0","738000","739000","740000","741000","743000","744000","745000","746000","747000","748000","737000","736000","735000","734000","733000","732000","731000","730000","729000","728000","140","462","243","6","15","2","24","13","8","21","475","31","412","352","742","188","123","80","21","15","934","2439","0","0","0","0","0","-725000","5","-100.00","2727","-17","153","0","0","","0","0","0","","",""
"080111","0003","0","738000","739000","740000","741000","743000","744000","745000","746000","747000","748000","737000","736000","735000","734000","733000","732000","731000","730000","729000","728000","140","462","243","6","15","2","24","13","8","21","475","31","412","352","742","188","123","30","21","15","934","2389","0","0","0","0","0","-725000","5","-100.00","2727","0","-50","0","0","","0","0","0","","",""
"080112","0000","0","738000","739000","740000","741000","743000","744000","745000","746000","747000","748000","737000","736000","735000","734000","733000","732000","731000","730000","729000","728000","155","462","243","6","15","2","24","13","8","21","475","31","447","352","742","178","123","30","21","15","949","2414","0","0","0","0","0","-725000","5","-100.00","2727","15","25","0","0","","0","0","0","","",""
"080112","0001","0","738000","739000","740000","741000","743000","744000","745000","746000","747000","748000","737000","736000","735000","734000","733000","732000","731000","730000","729000","728000","155","462","297","9","15","2","24","13","8","21","475","31","447","352","742","178","123","30","21","15","1006","2414","0","0","0","0","0","-725000","5","-100.00","2727","57","0","0","0","","0","0","0","","",""
"080112","0002","0","738000","739000","740000","741000","743000","744000","745000","746000","747000","748000","737000","736000","735000","734000","733000","732000","731000","730000","729000","728000","155","463","297","9","15","2","24","13","8","21","475","31","447","352","742","178","123","30","21","15","1007","2414","0","0","0","0","0","-725000","5","-100.00","2728","1","0","0","0","","0","0","0","","",""
"080112","0003","0","738000","739000","740000","741000","743000","744000","745000","746000","747000","748000","737000","736000","735000","734000","733000","732000","731000","730000","729000","728000","154","463","297","9","15","2","24","13","8","20","474","41","447","352","742","178","123","30","21","15","1005","2423","0","0","0","0","0","-725000","5","-100.00","2730","-2","9","0","0","","0","0","0","","",""
"080113","0000","0","738000","739000","740000","741000","743000","744000","745000","746000","747000","748000","737000","736000","735000","734000","733000","732000","731000","730000","729000","728000","154","463","297","9","15","2","24","13","8","20","479","41","447","352","742","178","123","30","21","15","1005","2428","0","0","0","0","0","-725000","5","-100.00","2730","0","5","0","0","","0","0","0","","",""
"080113","0001","0","738000","739000","740000","741000","743000","744000","745000","746000","747000","748000","737000","736000","735000","734000","733000","732000","731000","730000","729000","728000","117","449","297","9","15","2","24","13","8","20","479","41","447","352","717","178","123","30","21","15","954","2403","0","0","0","0","0","-725000","5","-100.00","2772","-51","-25","0","0","","0","0","0","","",""
"080113","0002","0","738000","739000","740000","741000","743000","744000","745000","746000","747000","748000","737000","736000","735000","734000","733000","732000","731000","730000","729000","728000","118","320","297","138","15","2","24","13","8","20","479","41","447","352","717","178","123","30","21","15","955","2403","0","0","0","0","0","-725000","5","-100.00","2772","1","0","0","0","","0","0","0","","",""
"080113","0003","0","738000","739000","740000","741000","743000","744000","745000","746000","747000","748000","737000","736000","735000","734000","733000","732000","731000","730000","729000","728000","118","320","297","138","15","2","24","13","8","20","484","41","447","352","717","178","123","30","21","15","955","2408","0","0","0","0","0","-725000","5","-100.00","2772","0","5","0","0","","0","0","0","","",""
"080114","0000","0","738000","739000","740000","741000","743000","744000","745000","746000","747000","748000","737000","736000","735000","734000","733000","732000","731000","730000","729000","728000","118","320","297","138","15","2","24","13","8","20","483","41","447","352","717","178","123","30","21","15","955","2407","0","0","0","0","0","-725000","5","-100.00","2773","0","-1","0","0","","0","0","0","","",""
"080114","0001","0","738000","739000","740000","741000","743000","744000","745000","746000","747000","748000","737000","736000","735000","734000","733000","732000","731000","730000","729000","728000","123","320","297","138","15","2","24","13","8","20","483","41","447","352","717","178","123","30","21","16","960","2408","0","0","0","0","0","-725000","5","-100.00","2773","5","1","0","0","","0","0","0","","",""
"080114","0002","0","738000","739000","740000","741000","743000","744000","745000","746000","747000","748000","737000","736000","735000","734000","733000","732000","731000","730000","729000","728000","123","323","297","138","15","2","24","13","8","20","483","41","447","352","717","178","123","30","21","16","963","2408","0","0","0","0","0","-725000","5","-100.00","2773","3","0","0","0","","0","0","0","","",""
"080114","0003","0","738000","739000","740000","741000","743000","744000","745000","746000","747000","748000","737000","736000","735000","734000","733000","732000","731000","730000","729000","728000","123","323","297","138","15","2","24","13","8","20","351","141","447","352","717","178","123","30","21","16","963","2376","0","0","0","0","0","-725000","5","-100.00","2773","0","-32","0","0","","0","0","0","","",""
"080115","0000","0","738000","739000","740000","741000","743000","744000","745000","746000","747000","748000","737000","736000","735000","734000","733000","732000","731000","730000","729000","728000","123","324","297","138","15","2","24","13","8","20","368","141","447","352","717","178","123","30","21","16","964","2393","0","0","0","0","0","-725000","5","-100.00","2773","1","17","0","0","","0","0","0","","",""
"080115","0001","0","738000","739000","740000","741000","743000","744000","745000","746000","747000","748000","737000","736000","735000","734000","733000","732000","731000","730000","729000","728000","73","324","297","138","15","2","24","13","8","20","368","141","447","302","717","178","123","31","21","16","914","2344","0","0","0","0","0","-725000","5","-100.00","2823","-50","-49","0","0","","0","0","0","","",""
"080115","0002","0","738000","739000","740000","741000","743000","744000","745000","746000","747000","748000","737000","736000","735000","734000","733000","732000","731000","730000","729000","728000","74","327","297","138","15","2","24","13","8","20","368","141","447","302","717","178","123","31","21","16","918","2344","0","0","0","0","0","-725000","5","-100.00","2823","4","0","0","0","","0","0","0","","",""
"080115","0003","0","738000","739000","740000","741000","743000","744000","745000","746000","747000","748000","737000","736000","735000","734000","733000","732000","731000","730000","729000","728000","74","327","297","138","15","2","24","13","8","20","368","143","447","302","717","178","123","31","21","16","918","2346","0","0","0","0","0","-725000","5","-100.00","2823","0","2","0","0","","0","0","0","","",""
"080115","0004","0","738000","739000","740000","741000","743000","744000","745000","746000","747000","748000","737000","736000","735000","734000","733000","732000","731000","730000","729000","728000","74","327","297","138","15","2","24","13","8","20","378","144","447","302","717","178","123","31","21","16","918","2357","0","0","0","0","0","-725000","5","-100.00","2823","0","11","0","0","","0","0","0","","",""
"080116","0000","0","738000","739000","740000","741000","743000","744000","745000","746000","747000","748000","737000","736000","735000","734000","733000","732000","731000","730000","729000","728000","74","327","297","138","15","2","24","13","8","20","378","144","447","303","717","178","123","32","21","16","918","2359","0","0","0","0","0","-725000","5","-100.00","2823","0","2","0","0","","0","0","0","","",""
