"time","millisec","HOUR_CLS_CODE","ASKP1","ASKP2","ASKP3","ASKP4","ASKP5","ASKP6","ASKP7","ASKP8","ASKP9","ASKP10","BIDP1","BIDP2","BIDP3","BIDP4","BIDP5","BIDP6","BIDP7","BIDP8","BIDP9","BIDP10","ASKP_RSQN1","ASKP_RSQN2","ASKP_RSQN3","ASKP_RSQN4","ASKP_RSQN5","ASKP_RSQN6","ASKP_RSQN7","ASKP_RSQN8","ASKP_RSQN9","ASKP_RSQN10","BIDP_RSQN1","BIDP_RSQN2","BIDP_RSQN3","BIDP_RSQN4","BIDP_RSQN5","BIDP_RSQN6","BIDP_RSQN7","BIDP_RSQN8","BIDP_RSQN9","BIDP_RSQN10","TOTAL_ASKP_RSQN","TOTAL_BIDP_RSQN","OVTM_TOTAL_ASKP_RSQN","OVTM_TOTAL_BIDP_RSQN","ANTC_CNPR","ANTC_CNQN","ANTC_VOL","ANTC_CNTG_VRSS","ANTC_CNTG_VRSS_SIGN","ANTC_CNTG_PRDY_CTRT","ACML_VOL","TOTAL_ASKP_RSQN_ICDC","TOTAL_BIDP_RSQN_ICDC","OVTM_TOTAL_ASKP_ICDC","OVTM_TOTAL_BIDP_ICDC","STCK_DEAL_CLS_CODE","KMID_PRC","KMID_TOTAL_RSQN","KMID_CLS_CODE","NMID_PRC","NMID_TOTAL_RSQN","NMID_CLS_CODE"
"080000","0000","0","468000","0","0","0","0","0","0","0","0","0","0","0","0","0","0","0","0","0","0","0","3","0","0","0","0","0","0","0","0","0","0","0","0","0","0","0","0","0","0","0","3","0","0","0","0","0","0","-443000","5","-100.00","0","0","0","0","0","","0","0","0","","",""
"080000","0001","0","453500","468000","489500","495000","498000","575000","0","0","0","0","425000","420000","350000","315000","0","0","0","0","0","0","20","3","3","1","6","74","0","0","0","0","16","50","89","46","0","0","0","0","0","0","107","201","0","0","0","0","0","-443000","5","-100.00","0","104","201","0","0","","0","0","0","","",""
"080000","0002","0","443000","445000","447000","450000","453500","459000","468000","475000","476000","476500","433500","429000","428000","425000","420000","412000","350000","315000","0","0","1","1","1","1","20","4","3","1","1","33","1","2","1","16","50","1","457","46","0","0","66","574","0","0","0","0","0","-443000","5","-100.00","0","-41","373","0","0","","0","0","0","","",""
"080001","0000","0","443000","445000","447000","450000","453500","459000","463000","468000","475000","476000","433500","431000","430000","429000","428000","426500","425000","420000","412500","412000","1","1","1","17","20","4","25","3","4","1","1","5","100","2","1","3","16","50","18","1","77","197","0","0","0","0","0","-443000","5","-100.00","0","11","-377","0","0","","0","0","0","","",""
"080001","0001","0","443000","445000","447000","449500","450000","453500","454500","455000","459000","459500","439500","439000","438500","435500","433500","431000","430500","430000","429000","428000","1","1","1","10","17","20","10","2","5","10","1","1","1","100","1","5","25","100","4","1","77","239","0","0","0","0","0","-443000","5","-100.00","0","0","42","0","0","","0","0","0","","",""
"080002","0000","0","444000","447000","448500","449500","450000","453500","454500","455000","459000","459500","443000","442000","439500","439000","438500","438000","437500","437000","436500","436000","1","1","1","10","17","20","10","102","5","10","38","2500","1","1","1","1","1","1","1","1","177","2546","0","0","0","0","0","-443000","5","-100.00","13","100","2307","0","0","","0","0","0","","",""
"080002","0001","0","444000","447000","448500","449500","450000","453500","454500","455000","459000","459500","443000","442000","439500","439000","438500","438000","437500","437000","436500","436000","1","1","1","10","17","20","10","102","5","10","61","2500","1","1","1","1","1","1","1","1","177","2569","0","0","0","0","0","-443000","5","-100.00","13","0","23","0","0","","0","0","0","","",""
"080003","0000","0","444000","447000","448500","449500","450000","451000","453500","454500","455000","459000","443000","442000","439500","439000","438500","438000","437500","437000","436500","436000","1","1","1","10","17","1","20","10","102","5","61","2500","1","1","1","1","1","1","1","1","168","2569","0","0","0","0","0","-443000","5","-100.00","13","-9","0","0","0","","0","0","0","","",""
"080003","0001","0","444000","447000","448500","449500","450000","451000","453500","454500","455000","459000","443000","442000","439500","439000","438500","438000","437500","437000","436500","436000","1","1","1","140","20","1","20","11","102","5","41","2500","1","1","1","1","1","1","1","1","302","2549","0","0","0","0","0","-443000","5","-100.00","33","134","-20","0","0","","0","0","0","","",""
"080003","0002","0","444000","447000","448500","449500","450000","451000","453500","454500","455000","459000","443500","443000","442000","439500","439000","438500","438000","437500","437000","436500","1","1","1","140","25","1","20","11","102","5","8","41","2500","1","1","1","1","1","1","1","307","2556","0","0","0","0","0","-443000","5","-100.00","33","5","7","0","0","","0","0","0","","",""
"080004","0000","0","443500","444000","447000","448500","449500","450000","451000","453500","454500","455000","443000","442000","439500","439000","438500","438000","437500","437000","436500","436000","8","1","1","1","140","25","1","20","11","102","41","2500","1","1","1","6","1","1","1","1","310","2554","0","0","0","0","0","-443000","5","-100.00","41","3","-2","0","0","","0","0","0","","",""
"080005","0000","0","443500","444000","447000","448500","449500","450000","451000","453500","454500","455000","443000","442000","439500","439000","438500","438000","437500","437000","436500","436000","8","1","1","1","140","25","2","20","11","102","41","2500","1","1","1","6","1","1","1","1","311","2554","0","0","0","0","0","-443000","5","-100.00","41","1","0","0","0","","0","0","0","","",""
"080005","0001","0","443500","444000","447000","448500","449500","450000","451000","453500","454500","455000","443000","442000","439500","439000","438500","438000","437500","437000","436500","436000","8","1","1","1","140","25","2","20","11","102","40","2500","1","1","1","6","1","1","1","1","311","2553","0","0","0","0","0","-443000","5","-100.00","42","0","-1","0","0","","0","0","0","","",""
"080005","0002","0","443500","444000","447000","448500","449500","450000","451000","453500","454500","455000","443000","442000","439500","439000","438500","438000","437500","437000","436500","436000","8","1","1","1","140","25","2","20","11","102","72","2500","1","1","1","6","1","1","1","1","311","2585","0","0","0","0","0","-443000","5","-100.00","42","0","32","0","0","","0","0","0","","",""
"080006","0000","0","443500","444000","447000","448500","449500","450000","451000","453500","454500","455000","443000","442000","439500","439000","438500","438000","437500","437000","436500","436000","8","1","1","1","140","25","2","20","11","102","82","2500","1","1","1","6","1","1","1","1","311","2595","0","0","0","0","0","-443000","5","-100.00","42","0","10","0","0","","0","0","0","","",""
"080006","0001","0","443500","444000","447000","448500","449500","450000","451000","453500","454500","455000","443000","442000","439500","439000","438500","438000","437500","437000","436500","436000","8","1","1","1","140","25","2","20","11","102","82","2500","1","1","1","6","1","1","1","2","311","2596","0","0","0","0","0","-443000","5","-100.00","42","0","1","0","0","","0","0","0","","",""
"080007","0000","0","443500","444000","447000","448500","449500","450000","451000","453500","454500","455000","443000","442000","439500","439000","438500","438000","437500","437000","436500","436000","8","1","1","1","140","25","2","20","11","102","83","2500","1","1","1","6","1","1","1","2","311","2597","0","0","0","0","0","-443000","5","-100.00","42","0","1","0","0","","0","0","0","","",""
"080007","0001","0","443500","444000","447000","448500","449500","450000","451000","453500","454500","455000","443000","442000","439500","439000","438500","438000","437500","437000","436500","436000","8","1","1","1","140","26","2","20","11","102","83","2500","1","1","1","6","1","1","1","2","312","2597","0","0","0","0","0","-443000","5","-100.00","42","1","0","0","0","","0","0","0","","",""
"080008","0000","0","443500","444000","447000","448500","449500","450000","451000","453500","454500","455000","443000","442000","439500","439000","438500","438000","437500","437000","436500","436000","8","1","1","1","140","33","2","20","11","102","83","2500","1","1","1","6","1","1","1","2","319","2597","0","0","0","0","0","-443000","5","-100.00","42","7","0","0","0","","0","0","0","","",""
"080008","0001","0","443500","444000","447000","448500","449000","449500","450000","451000","453500","454500","443000","442000","439500","439000","438500","438000","437500","437000","436500","436000","8","1","1","1","8","140","33","2","20","11","83","2500","1","1","1","6","1","1","1","1","225","2596","0","0","0","0","0","-443000","5","-100.00","42","-94","-1","0","0","","0","0","0","","",""
"080009","0000","0","443500","444000","447000","448500","449000","449500","450000","451000","453500","454500","443000","442000","439500","439000","438500","438000","437500","437000","436500","436000","8","1","1","1","8","140","34","2","20","11","83","2500","1","1","1","6","1","1","1","1","226","2596","0","0","0","0","0","-443000","5","-100.00","42","1","0","0","0","","0","0","0","","",""
"080009","0001","0","443500","444000","447000","448500","449000","449500","450000","451000","453500","454500","443000","442000","439500","439000","438500","438000","437500","437000","436500","436000","5","1","1","1","8","140","34","2","20","11","83","2500","1","1","1","6","1","1","1","1","223","2596","0","0","0","0","0","-443000","5","-100.00","45","-3","0","0","0","","0","0","0","","",""
"080010","0000","0","443500","444000","447000","448500","449000","449500","450000","451000","453500","454500","443000","442000","439500","439000","438500","438000","437500","437000","436500","436000","5","1","1","1","8","140","34","2","20","11","79","2500","1","1","1","6","1","1","1","1","223","2592","0","0","0","0","0","-443000","5","-100.00","51","0","-4","0","0","","0","0","0","","",""
"080010","0001","0","443500","444000","447000","448500","449000","449500","450000","451000","453500","454500","443000","442000","439500","439000","438500","438000","437500","437000","436500","436000","5","1","1","1","8","140","34","2","20","11","79","2500","1","1","1","6","1","1","1","1","223","2592","0","0","0","0","0","-443000","5","-100.00","51","0","0","0","0","","0","0","0","","",""
"080010","0002","0","443500","444000","447000","448500","449000","449500","450000","451000","453500","454500","443000","442500","442000","439500","439000","438500","438000","437500","437000","436500","5","1","1","1","8","140","34","2","20","11","79","1","2500","1","1","1","6","1","1","1","223","2592","0","0","0","0","0","-443000","5","-100.00","51","0","0","0","0","","0","0","0","","",""
"080011","0000","0","443500","444000","447000","448500","449000","449500","450000","451000","453500","454500","443000","442500","442000","439500","439000","438500","438000","437500","437000","436500","5","1","3","1","8","140","34","2","20","11","79","1","2500","1","1","1","6","1","1","1","225","2592","0","0","0","0","0","-443000","5","-100.00","51","2","0","0","0","","0","0","0","","",""
"080011","0001","0","443500","444000","447000","448500","449000","449500","450000","451000","453500","454500","443000","442500","442000","439500","439000","438500","438000","437500","437000","436500","5","1","3","11","8","140","34","2","20","11","79","1","2500","1","1","1","6","1","1","1","235","2592","0","0","0","0","0","-443000","5","-100.00","51","10","0","0","0","","0","0","0","","",""
"080012","0000","0","443500","444000","447000","448500","449000","449500","450000","451000","453500","454500","443000","442500","442000","439500","439000","438500","438000","437500","437000","436500","5","2","3","11","8","140","34","2","20","11","79","1","2500","1","1","1","6","1","1","1","236","2592","0","0","0","0","0","-443000","5","-100.00","51","1","0","0","0","","0","0","0","","",""
"080012","0001","0","443500","444000","447000","448500","449000","449500","450000","451000","453500","454500","443000","442500","442000","439500","439000","438500","438000","437500","437000","436500","5","2","3","11","8","140","34","2","20","11","85","1","2500","1","1","1","6","1","1","1","236","2598","0","0","0","0","0","-443000","5","-100.00","51","0","6","0","0","","0","0","0","","",""
"080013","0000","0","443500","444000","447000","448500","449000","449500","450000","451000","453500","454500","443000","442500","442000","439500","439000","438500","438000","437500","437000","436500","5","2","3","11","8","140","34","2","20","11","50","1","2500","1","1","1","6","1","1","1","236","2563","0","0","0","0","0","-443000","5","-100.00","86","0","-35","0","0","","0","0","0","","",""
"080014","0000","0","443500","444000","447000","448500","449000","449500","450000","451000","453500","454500","443000","442500","442000","439500","439000","438500","438000","437500","437000","436500","5","2","3","12","8","140","34","2","20","11","50","24","2500","1","1","1","6","1","1","1","237","2586","0","0","0","0","0","-443000","5","-100.00","86","1","23","0","0","","0","0","0","","",""
"080014","0001","0","443500","444000","447000","448500","449000","449500","450000","451000","453500","454500","443000","442500","442000","439500","439000","438500","438000","437500","437000","436500","5","2","3","12","8","140","34","2","20","11","50","24","2501","1","1","1","6","1","1","1","237","2587","0","0","0","0","0","-443000","5","-100.00","86","0","1","0","0","","0","0","0","","",""
"080015","0000","0","443500","444000","447000","448500","449000","449500","450000","451000","453500","454500","443000","442500","442000","439500","439000","438500","438000","437500","437000","436500","5","2","3","12","8","140","34","2","20","12","50","24","2501","1","1","1","6","1","1","1","238","2587","0","0","0","0","0","-443000","5","-100.00","86","1","0","0","0","","0","0","0","","",""
"080015","0001","0","443500","444000","447000","448500","449000","449500","450000","451000","453500","454500","443000","442500","442000","439500","439000","438500","438000","437500","437000","436500","5","2","3","12","8","140","35","2","20","12","50","24","2501","1","1","1","6","1","1","1","239","2587","0","0","0","0","0","-443000","5","-100.00","86","1","0","0","0","","0","0","0","","",""
"080016","0000","0","443500","444000","447000","448500","449000","449500","450000","451000","453500","454500","443000","442500","442000","439500","439000","438500","438000","437500","437000","436500","5","2","3","12","8","140","35","2","20","12","60","24","2501","1","1","1","6","1","1","1","239","2597","0","0","0","0","0","-443000","5","-100.00","86","0","10","0","0","","0","0","0","","",""
"080016","0001","0","443500","444000","447000","448500","449000","449500","450000","451000","453500","454500","443000","442500","442000","439500","439000","438500","438000","437500","437000","436500","5","2","3","12","8","140","35","2","20","12","50","24","2501","1","1","1","6","1","1","1","239","2587","0","0","0","0","0","-443000","5","-100.00","90","0","-4","0","0","","0","0","0","","",""
"080016","0002","0","443500","444000","447000","448500","449000","449500","450000","451000","453500","454500","443000","442500","442000","439500","439000","438500","438000","437500","437000","436500","5","2","3","13","8","140","35","2","20","12","50","24","2501","1","1","1","6","1","1","1","240","2587","0","0","0","0","0","-443000","5","-100.00","90","1","0","0","0","","0","0","0","","",""
"080017","0000","0","443500","444000","447000","448500","449000","449500","450000","451000","453500","454500","443000","442500","442000","439500","439000","438500","438000","437500","437000","436500","5","2","3","13","8","140","35","2","20","12","22","24","2501","1","1","1","6","1","6","1","240","2564","0","0","0","0","0","-443000","5","-100.00","118","0","-23","0","0","","0","0","0","","",""
"080017","0001","0","443500","444000","447000","448500","449000","449500","450000","451000","453500","454500","443000","442500","442000","439500","439000","438500","438000","437500","437000","436500","5","2","3","13","8","140","40","2","20","12","22","24","2501","1","1","1","6","1","6","1","245","2564","0","0","0","0","0","-443000","5","-100.00","118","5","0","0","0","","0","0","0","","",""
"080018","0000","0","443500","444000","445000","447000","448500","449000","449500","450000","451000","453500","443000","442500","442000","439500","439000","438500","438000","437500","437000","436500","5","2","1","3","13","8","140","40","2","20","22","24","2501","1","1","1","6","1","6","1","234","2564","0","0","0","0","0","-443000","5","-100.00","118","-11","0","0","0","","0","0","0","","",""
"080018","0001","0","443500","444000","445000","447000","448500","449000","449500","450000","451000","453500","443000","442500","442000","440000","439500","439000","438500","438000","437500","437000","5","2","1","5","13","8","140","40","2","20","22","24","2501","4","1","1","1","6","1","6","236","2567","0","0","0","0","0","-443000","5","-100.00","118","2","3","0","0","","0","0","0","","",""
"080019","0000","0","443500","444000","445000","447000","448500","449000","449500","450000","451000","453500","443000","442500","442000","440000","439500","439000","438500","438000","437500","437000","5","2","1","5","13","8","140","40","2","20","21","24","2501","4","1","1","1","6","1","6","236","2566","0","0","0","0","0","-443000","5","-100.00","119","0","-1","0","0","","0","0","0","","",""
"080019","0001","0","443500","444000","445000","447000","448500","449000","449500","450000","451000","453500","443000","442500","442000","440000","439500","439000","438500","438000","437500","437000","5","2","1","5","13","8","140","40","2","20","21","24","2504","4","1","1","1","6","1","6","236","2569","0","0","0","0","0","-443000","5","-100.00","119","0","3","0","0","","0","0","0","","",""
"080020","0000","0","443500","444000","445000","447000","448500","449000","449500","450000","451000","453500","443000","442500","442000","440000","439500","439000","438500","438000","437500","437000","6","2","1","5","13","8","140","40","2","20","21","24","2504","4","1","1","1","6","1","6","237","2569","0","0","0","0","0","-443000","5","-100.00","119","1","0","0","0","","0","0","0","","",""
"080021","0000","0","443500","444000","445000","447000","448500","449000","449500","450000","451000","453500","443000","442500","442000","440000","439500","439000","438500","438000","437500","437000","6","2","1","5","13","19","140","89","2","20","21","24","2504","4","1","1","1","6","1","6","297","2569","0","0","0","0","0","-443000","5","-100.00","119","49","0","0","0","","0","0","0","","",""
"080021","0001","0","443500","444000","445000","446000","447000","448500","449000","449500","450000","451000","443000","442500","442000","440000","439500","439000","438500","438000","437500","437000","6","2","1","1","5","13","19","140","89","2","21","24","2504","4","1","1","1","6","1","6","278","2569","0","0","0","0","0","-443000","5","-100.00","119","-19","0","0","0","","0","0","0","","",""
"080021","0002","0","443500","444000","445000","446000","446500","447000","448500","449000","449500","450000","443000","442500","442000","440000","439500","439000","438500","438000","437500","437000","6","2","1","1","1","5","13","19","140","89","21","24","2504","4","1","1","1","6","1","6","277","2569","0","0","0","0","0","-443000","5","-100.00","119","-1","0","0","0","","0","0","0","","",""
"080022","0000","0","443500","444000","445000","446000","446500","447000","448500","449000","449500","450000","443000","442500","442000","440000","439500","439000","438500","438000","437500","437000","6","2","1","1","1","5","13","19","140","89","13","24","2504","4","1","1","1","6","1","6","277","2561","0","0","0","0","0","-443000","5","-100.00","127","0","-8","0","0","","0","0","0","","",""
"080022","0001","0","443500","444000","445000","446000","446500","447000","448500","449000","449500","450000","443000","442500","442000","440000","439500","439000","438500","438000","437500","437000","6","2","1","1","1","5","13","19","141","89","13","24","2504","4","1","1","1","6","1","6","278","2561","0","0","0","0","0","-443000","5","-100.00","127","1","0","0","0","","0","0","0","","",""
"080023","0000","0","443500","444000","445000","446000","446500","447000","448500","449000","449500","450000","443000","442500","442000","440000","439500","439000","438500","438000","437500","437000","6","2","1","1","1","5","13","19","141","89","5","24","2504","4","1","1","1","6","1","6","278","2553","0","0","0","0","0","-443000","5","-100.00","135","0","-8","0","0","","0","0","0","","",""
"080023","0001","0","443000","443500","444000","445000","446000","446500","447000","448500","449000","449500","442500","442000","440000","439500","439000","438500","438000","437500","437000","436500","8","16","2","1","1","1","5","13","19","141","24","2504","4","1","1","1","6","1","6","4","207","2552","0","0","0","0","0","-443000","5","-100.00","144","-81","-1","0","0","","0","0","0","","",""
"080024","0000","0","443000","443500","444000","444500","445000","446000","446500","447000","448500","449000","442500","442000","440000","439500","439000","438500","438000","437500","437000","436500","8","16","2","2","1","1","1","5","13","19","24","2504","4","1","1","1","6","1","6","4","68","2552","0","0","0","0","0","-443000","5","-100.00","144","-139","0","0","0","","0","0","0","","",""
"080024","0001","0","443000","443500","444000","444500","445000","446000","446500","447000","448500","449000","442500","442000","440000","439500","439000","438500","438000","437500","437000","436500","8","16","2","2","3","1","1","5","13","19","24","2504","4","1","1","1","6","1","6","4","70","2552","0","0","0","0","0","-443000","5","-100.00","144","2","0","0","0","","0","0","0","","",""
"080025","0000","0","443000","443500","444000","444500","445000","446000","446500","447000","448500","449000","442500","442000","440000","439500","439000","438500","438000","437500","437000","436500","7","16","2","2","3","1","1","5","13","19","24","2504","4","1","1","1","6","1","6","4","69","2552","0","0","0","0","0","-443000","5","-100.00","145","-1","0","0","0","","0","0","0","","",""
"080026","0000","0","443000","443500","444000","444500","445000","446000","446500","447000","448500","449000","442500","442000","440000","439500","439000","438500","438000","437500","437000","436500","7","16","2","2","3","1","1","5","13","19","24","2504","4","1","1","1","7","1","6","4","69","2553","0","0","0","0","0","-443000","5","-100.00","145","0","1","0","0","","0","0","0","","",""
"080026","0001","0","443000","443500","444000","444500","445000","446000","446500","447000","448500","449000","442500","442000","440000","439500","439000","438500","438000","437500","437000","436500","16","16","2","2","3","1","1","5","13","19","24","2504","4","1","1","1","7","1","6","4","78","2553","0","0","0","0","0","-443000","5","-100.00","146","-1","0","0","0","","0","0","0","","",""
"080026","0002","0","443000","443500","444000","444500","445000","446000","446500","447000","448500","449000","442500","442000","440000","439500","439000","438500","438000","437500","437000","436500","11","16","2","2","3","1","1","5","13","19","24","2504","4","1","1","1","7","1","6","4","73","2553","0","0","0","0","0","-443000","5","-100.00","151","-5","0","0","0","","0","0","0","","",""
"080026","0003","0","443500","444000","444500","445000","446000","446500","447000","448500","449000","449500","443000","442500","442000","440000","439500","439000","438500","438000","437500","437000","16","2","2","3","1","1","5","13","19","141","1","24","2504","4","1","1","1","7","1","6","203","2550","0","0","0","0","0","-443000","5","-100.00","162","130","-3","0","0","","0","0","0","","",""
"080027","0000","0","443500","444000","444500","445000","446000","446500","447000","448500","449000","449500","442500","442000","440000","439500","439000","438500","438000","437500","437000","436500","16","2","2","3","1","1","5","13","19","141","24","2504","4","1","1","1","7","1","6","4","203","2553","0","0","0","0","0","-443000","5","-100.00","165","0","3","0","0","","0","0","0","","",""
"080029","0000","0","443500","444000","444500","445000","446000","446500","447000","448500","449000","449500","443000","442500","442000","440000","439500","439000","438500","438000","437500","437000","16","2","2","3","1","1","5","13","19","141","1","24","2504","4","1","1","1","7","1","6","203","2550","0","0","0","0","0","-443000","5","-100.00","165","0","-3","0","0","","0","0","0","","",""
"080029","0001","0","443500","444000","444500","445000","446000","446500","447000","448500","449000","449500","443000","442500","442000","440000","439500","439000","438500","438000","437500","437000","16","2","2","3","1","1","5","13","19","141","2","24","2504","4","1","1","1","7","1","6","203","2551","0","0","0","0","0","-443000","5","-100.00","165","0","1","0","0","","0","0","0","","",""
"080029","0002","0","443000","443500","444000","444500","445000","446000","446500","447000","448500","449000","442500","442000","440000","439500","439000","438500","438000","437500","437000","436500","16","16","2","2","3","1","1","5","13","19","24","2504","4","1","1","1","7","1","6","4","78","2553","0","0","0","0","0","-443000","5","-100.00","167","-125","2","0","0","","0","0","0","","",""
"080030","0000","0","443000","443500","444000","444500","445000","446000","446500","447000","448500","449000","442500","442000","440000","439500","439000","438500","438000","437500","437000","436500","16","16","2","2","3","1","1","5","13","19","24","2504","4","1","1","1","7","1","6","4","78","2553","0","0","0","0","0","-443000","5","-100.00","167","0","0","0","0","","0","0","0","","",""
"080030","0001","0","443000","443500","444000","444500","445000","446000","446500","447000","448500","449000","442500","442000","440000","439500","439000","438500","438000","437500","437000","436500","14","16","2","2","3","1","1","5","13","19","24","2504","4","1","1","1","7","1","6","4","76","2553","0","0","0","0","0","-443000","5","-100.00","169","-2","0","0","0","","0","0","0","","",""
"080031","0000","0","443000","443500","444000","444500","445000","446000","446500","447000","448500","449000","442500","442000","440000","439500","439000","438500","438000","437500","437000","436500","13","16","2","2","3","1","1","5","13","19","24","2504","4","1","1","1","7","1","6","4","75","2553","0","0","0","0","0","-443000","5","-100.00","170","-1","0","0","0","","0","0","0","","",""
"080031","0001","0","443000","443500","444000","444500","445000","446000","446500","447000","448500","449000","442500","442000","440000","439500","439000","438500","438000","437500","437000","436500","13","16","2","2","3","1","1","5","13","19","24","2504","4","1","1","1","7","1","7","4","75","2554","0","0","0","0","0","-443000","5","-100.00","170","0","1","0","0","","0","0","0","","",""
"080031","0002","0","443000","443500","444000","444500","445000","446000","446500","447000","448500","449000","442500","442000","440000","439500","439000","438500","438000","437500","437000","436500","13","26","2","2","3","1","1","5","23","19","24","2504","4","1","1","1","7","1","7","4","95","2554","0","0","0","0","0","-443000","5","-100.00","170","20","0","0","0","","0","0","0","","",""
"080031","0003","0","443000","443500","444000","444500","445000","446000","446500","447000","448500","449000","442500","442000","440000","439500","439000","438500","438000","437500","437000","436500","13","26","2","2","3","1","1","5","23","19","30","2504","4","1","1","1","7","1","7","4","95","2560","0","0","0","0","0","-443000","5","-100.00","170","0","6","0","0","","0","0","0","","",""
"080031","0004","0","443000","443500","444000","444500","445000","446000","446500","447000","448500","449000","442500","442000","440000","439500","439000","438500","438000","437500","437000","436500","13","26","2","2","3","1","1","5","23","19","30","2504","4","1","1","1","7","1","9","4","95","2562","0","0","0","0","0","-443000","5","-100.00","170","0","2","0","0","","0","0","0","","",""
"080032","0000","0","443000","443500","444000","444500","445000","446000","446500","447000","448500","449000","442500","442000","440000","439500","439000","438500","438000","437500","437000","436500","10","26","2","2","3","1","1","5","23","19","30","2504","4","1","1","1","7","1","9","4","92","2562","0","0","0","0","0","-443000","5","-100.00","173","-3","0","0","0","","0","0","0","","",""
"080033","0000","0","443000","443500","444000","444500","445000","446000","446500","447000","448500","449000","442500","442000","440000","439500","439000","438500","438000","437500","437000","436500","10","16","2","2","3","1","1","5","23","19","20","2504","4","1","1","1","7","1","9","4","82","2552","0","0","0","0","0","-443000","5","-100.00","183","-10","-10","0","0","","0","0","0","","",""
"080033","0001","0","443000","443500","444000","444500","445000","446000","446500","447000","448500","449000","442500","442000","440000","439500","439000","438500","438000","437500","437000","436500","10","16","2","2","3","1","1","5","23","19","50","2504","4","1","1","1","7","1","9","4","82","2582","0","0","0","0","0","-443000","5","-100.00","183","0","30","0","0","","0","0","0","","",""
"080033","0002","0","443000","443500","444000","444500","445000","446000","446500","447000","448500","449000","442500","442000","440000","439500","439000","438500","438000","437500","437000","436500","15","16","2","2","3","1","1","5","23","19","50","2504","4","1","1","1","7","1","9","4","87","2582","0","0","0","0","0","-443000","5","-100.00","183","5","0","0","0","","0","0","0","","",""
"080034","0000","0","443000","443500","444000","444500","445000","446000","446500","447000","448500","449000","442500","442000","440000","439500","439000","438500","438000","437500","437000","436500","15","16","2","2","3","1","1","5","23","20","50","2504","4","1","1","1","7","1","9","4","88","2582","0","0","0","0","0","-443000","5","-100.00","183","1","0","0","0","","0","0","0","","",""
"080034","0001","0","443000","443500","444000","444500","445000","446000","446500","447000","448500","449000","442500","442000","440000","439500","439000","438500","438000","437500","437000","436500","15","16","2","2","3","1","1","5","23","20","47","2504","4","1","1","1","7","1","9","4","88","2579","0","0","0","0","0","-443000","5","-100.00","186","0","-3","0","0","","0","0","0","","",""
"080035","0000","0","443000","443500","444000","444500","445000","446000","446500","447000","448500","449000","442500","442000","440000","439500","439000","438500","438000","437500","437000","436500","15","16","2","2","3","1","1","5","23","20","67","2504","4","1","1","1","7","1","9","4","88","2599","0","0","0","0","0","-443000","5","-100.00","186","0","20","0","0","","0","0","0","","",""
"080036","0000","0","443000","443500","444000","444500","445000","446000","446500","447000","448500","449000","442500","442000","440000","439500","439000","438500","438000","437500","437000","436500","15","16","2","2","3","1","1","5","23","21","67","2504","4","1","1","1","7","1","9","4","89","2599","0","0","0","0","0","-443000","5","-100.00","186","1","0","0","0","","0","0","0","","",""
"080036","0001","0","443000","443500","444000","444500","445000","446000","446500","447000","448500","449000","442500","442000","440000","439500","439000","438500","438000","437500","437000","436500","15","16","4","2","3","1","1","5","23","21","67","2504","4","1","1","1","7","1","9","4","91","2599","0","0","0","0","0","-443000","5","-100.00","186","2","0","0","0","","0","0","0","","",""
"080036","0002","0","443000","443500","444000","445000","446000","446500","447000","448500","449000","449500","442500","442000","440000","439500","439000","438500","438000","437500","437000","436500","15","16","4","3","1","1","5","23","21","142","67","2504","4","1","1","1","7","1","9","4","231","2599","0","0","0","0","0","-443000","5","-100.00","186","140","0","0","0","","0","0","0","","",""
"080037","0000","0","443000","443500","444000","445000","446000","446500","447000","448500","449000","449500","442500","442000","440000","439500","439000","438500","438000","437500","437000","436500","15","16","4","3","1","1","5","23","21","142","74","2504","4","1","1","1","7","1","9","4","231","2606","0","0","0","0","0","-443000","5","-100.00","186","0","7","0","0","","0","0","0","","",""
"080038","0000","0","443000","443500","444000","445000","446000","446500","447000","448500","449000","449500","442500","442000","440000","439500","439000","438500","438000","437500","437000","436500","15","16","4","3","1","1","5","23","21","142","80","2504","4","1","1","1","7","1","9","4","231","2612","0","0","0","0","0","-443000","5","-100.00","186","0","6","0","0","","0","0","0","","",""
"080038","0001","0","443000","443500","444000","445000","446000","446500","447000","448500","449000","449500","442500","442000","440000","439500","439000","438500","438000","437500","437000","436500","15","16","4","3","1","1","5","23","21","142","80","2504","4","1","1","1","7","1","9","4","231","2612","0","0","0","0","0","-443000","5","-100.00","186","0","0","0","0","","0","0","0","","",""
"080038","0002","0","443000","443500","444000","445000","446000","446500","447000","448500","449000","449500","442500","442000","440000","439500","439000","438500","438000","437500","437000","436500","16","16","4","3","1","1","5","23","21","142","80","2504","4","1","1","1","7","1","9","4","232","2612","0","0","0","0","0","-443000","5","-100.00","186","1","0","0","0","","0","0","0","","",""
"080039","0000","0","442500","443000","443500","444000","445000","446000","446500","447000","448500","449000","442000","440000","439500","439000","438500","438000","437500","437000","436500","436000","16","16","16","4","3","1","1","5","23","21","2504","9","1","1","1","7","1","9","4","2","106","2539","0","0","0","0","0","-443000","5","-100.00","267","0","5","0","0","","0","0","0","","",""
"080040","0000","0","442500","443000","443500","444000","445000","446000","446500","447000","448500","449000","442000","440000","439500","439000","438500","438000","437500","437000","436500","436000","16","16","16","5","3","1","1","5","23","21","2504","9","1","1","1","7","1","9","4","2","107","2539","0","0","0","0","0","-443000","5","-100.00","267","1","0","0","0","","0","0","0","","",""
"080040","0001","0","443000","443500","444000","445000","446000","446500","447000","448500","449000","449500","442500","442000","440000","439500","439000","438500","438000","437500","437000","436500","16","16","5","3","1","1","5","23","21","142","39","2504","9","1","1","1","7","1","9","4","233","2576","0","0","0","0","0","-443000","5","-100.00","283","126","37","0","0","","0","0","0","","",""
"080040","0002","0","443000","443500","444000","445000","446000","446500","447000","448500","449000","449500","442500","442000","440000","439500","439000","438500","438000","437500","437000","436500","16","16","7","3","1","1","5","23","21","142","39","2504","9","1","1","1","7","1","9","4","235","2576","0","0","0","0","0","-443000","5","-100.00","283","2","0","0","0","","0","0","0","","",""
"080040","0003","0","443000","443500","444000","445000","446000","446500","447000","448500","449000","449500","442500","442000","440000","439500","439000","438500","438000","437500","437000","436500","16","16","7","3","1","1","5","23","21","142","33","2504","9","1","1","1","7","1","9","4","235","2570","0","0","0","0","0","-443000","5","-100.00","289","0","-6","0","0","","0","0","0","","",""
"080041","0000","0","443000","443500","444000","445000","446000","446500","447000","448500","449000","449500","442500","442000","440000","439500","439000","438500","438000","437500","437000","436500","16","16","7","5","1","1","5","23","21","142","33","2504","9","1","1","1","7","1","9","4","237","2570","0","0","0","0","0","-443000","5","-100.00","289","2","0","0","0","","0","0","0","","",""
"080041","0001","0","442500","443000","443500","444000","445000","446000","446500","447000","448500","449000","442000","440000","439500","439000","438500","438000","437500","437000","436500","436000","62","16","16","7","5","1","1","5","23","21","2504","9","1","1","1","7","1","9","4","2","157","2539","0","0","0","0","0","-443000","5","-100.00","327","-80","-31","0","0","","0","0","0","","",""
"080042","0000","0","442500","443000","443500","444000","445000","446000","446500","447000","448500","449000","442000","440000","439500","439000","438500","438000","437500","437000","436500","436000","67","16","11","7","5","1","1","5","23","21","2504","9","1","1","1","7","1","9","4","2","157","2539","0","0","0","0","0","-443000","5","-100.00","327","0","0","0","0","","0","0","0","","",""
"080044","0000","0","442500","443000","443500","444000","445000","446000","446500","447000","448500","449000","442000","440000","439500","439000","438500","438000","437500","437000","436500","436000","73","16","11","7","5","1","1","5","23","21","2504","9","1","1","1","7","1","9","4","2","163","2539","0","0","0","0","0","-443000","5","-100.00","327","6","0","0","0","","0","0","0","","",""
"080044","0001","0","442500","443000","443500","444000","445000","446000","446500","447000","448500","449000","442000","440000","439500","439000","438500","438000","437500","437000","436500","436000","72","16","11","7","5","1","1","5","23","21","2504","9","1","2","1","7","1","9","4","2","162","2540","0","0","0","0","0","-443000","5","-100.00","328","-1","0","0","0","","0","0","0","","",""
"080045","0000","0","442500","443000","443500","444000","445000","446000","446500","447000","448500","449000","442000","440000","439500","439000","438500","438000","437500","437000","436500","436000","70","16","11","7","5","1","1","5","23","21","2504","9","1","2","1","7","1","9","4","2","160","2540","0","0","0","0","0","-443000","5","-100.00","330","-2","0","0","0","","0","0","0","","",""
"080045","0001","0","442500","443000","443500","444000","445000","446000","446500","447000","448500","449000","442000","440000","439500","439000","438500","438000","437500","437000","436500","436000","70","16","11","7","5","1","1","5","23","21","2504","9","1","2","1","7","1","9","14","2","160","2550","0","0","0","0","0","-443000","5","-100.00","330","0","10","0","0","","0","0","0","","",""
"080045","0002","0","442500","443000","443500","444000","445000","446000","446500","447000","448500","449000","442000","440000","439500","439000","438500","438000","437500","437000","436500","436000","69","16","11","7","5","1","1","5","23","21","2509","9","1","2","1","7","1","9","14","2","159","2555","0","0","0","0","0","-443000","5","-100.00","331","-1","5","0","0","","0","0","0","","",""
"080046","0000","0","442500","443000","443500","444000","445000","446000","446500","447000","448500","449000","442000","440000","439500","439000","438500","438000","437500","437000","436500","436000","72","16","11","7","5","1","1","5","23","21","2509","9","1","2","1","7","1","9","14","2","162","2555","0","0","0","0","0","-443000","5","-100.00","331","3","0","0","0","","0","0","0","","",""
"080046","0001","0","442500","443000","443500","444000","445000","446000","446500","447000","448500","449000","442000","440000","439500","439000","438500","438000","437500","437000","436500","436000","73","18","11","7","5","1","1","5","23","21","2509","9","1","2","1","7","1","9","14","2","165","2555","0","0","0","0","0","-443000","5","-100.00","331","3","0","0","0","","0","0","0","","",""
"080047","0000","0","443500","444000","445000","446000","446500","447000","448500","449000","449500","450000","443000","442000","440000","439500","439000","438500","438000","437500","437000","436500","1","7","5","1","1","5","23","21","142","58","2409","9","9","1","2","1","7","1","9","14","264","2462","0","0","0","0","0","-443000","5","-100.00","422","-10","0","0","0","","0","0","0","","",""
"080047","0001","0","443500","444000","445000","446000","446500","447000","448500","449000","449500","450000","443000","442000","440000","439500","439000","438500","438000","437500","437000","436500","1","7","5","1","1","5","23","21","142","58","2408","9","9","1","2","1","7","1","9","14","264","2461","0","0","0","0","0","-443000","5","-100.00","423","0","-1","0","0","","0","0","0","","",""
"080047","0002","0","443500","444000","445000","446000","446500","447000","448500","449000","449500","450000","443000","442500","442000","440000","439500","439000","438500","438000","437500","437000","1","7","5","1","1","5","23","21","142","58","2408","5","9","11","1","2","1","7","1","9","264","2454","0","0","0","0","0","-443000","5","-100.00","423","0","-9","0","0","","0","0","0","","",""
"080047","0003","0","443500","444000","445000","446000","446500","447000","448500","449000","449500","450000","443000","442500","442000","440000","439500","439000","438500","438000","437500","437000","1","7","5","1","1","5","23","21","142","58","2408","6","9","11","1","2","1","7","2","9","264","2456","0","0","0","0","0","-443000","5","-100.00","423","0","2","0","0","","0","0","0","","",""
"080048","0000","0","443500","444000","445000","446000","446500","447000","448500","449000","449500","450000","443000","442500","442000","440000","439500","439000","438500","438000","437500","437000","1","7","5","1","1","5","23","21","142","58","2408","6","9","16","1","2","1","7","2","9","264","2461","0","0","0","0","0","-443000","5","-100.00","423","0","5","0","0","","0","0","0","","",""
"080049","0000","0","442000","443500","444000","445000","446000","446500","447000","448500","449000","449500","440000","439500","439000","438500","438000","437500","437000","436500","436000","435500","967","1","7","5","1","1","5","23","21","142","16","1","2","1","7","2","9","14","2","102","1173","156","0","0","0","0","0","-443000","5","-100.00","2853","909","-2305","0","0","","0","0","0","","",""
"080049","0001","0","442000","443500","444000","445000","446000","446500","447000","448500","449000","449500","440000","439500","439000","438500","438000","437500","437000","436500","436000","435500","967","9","7","5","1","1","5","23","13","142","16","1","2","1","7","2","9","14","2","102","1173","156","0","0","0","0","0","-443000","5","-100.00","2853","0","0","0","0","","0","0","0","","",""
"080050","0000","0","442000","443500","444000","445000","446000","446500","447000","448500","449000","449500","440000","439500","439000","438500","438000","437500","437000","436500","436000","435500","962","9","7","5","1","1","5","23","13","142","16","1","2","1","7","2","9","14","2","102","1168","156","0","0","0","0","0","-443000","5","-100.00","2858","-5","0","0","0","","0","0","0","","",""
"080050","0001","0","442000","443500","444000","445000","446000","446500","447000","448500","449000","449500","440000","439500","439000","438500","438000","437500","437000","436500","436000","435500","962","9","7","5","1","1","5","23","13","142","16","1","2","1","7","2","9","24","2","102","1168","166","0","0","0","0","0","-443000","5","-100.00","2858","0","10","0","0","","0","0","0","","",""
"080051","0000","0","442000","443500","444000","445000","446000","446500","447000","448500","449000","449500","440000","439500","439000","438500","438000","437500","437000","436500","436000","435500","936","9","7","5","1","1","5","23","13","142","16","1","2","1","7","2","9","24","2","102","1142","166","0","0","0","0","0","-443000","5","-100.00","2888","-26","0","0","0","","0","0","0","","",""
"080051","0001","0","442000","443500","444000","445000","446000","446500","447000","448500","449000","449500","440000","439500","439000","438500","438000","437500","437000","436500","436000","435500","936","9","7","5","1","1","5","23","13","142","6","1","2","1","7","2","9","24","2","102","1142","156","0","0","0","0","0","-443000","5","-100.00","2898","0","-10","0","0","","0","0","0","","",""
"080052","0000","0","442000","443500","444000","445000","446000","446500","447000","448500","449000","449500","440000","439500","439000","438500","438000","437500","437000","436500","436000","435500","936","9","7","5","1","1","5","23","13","142","6","1","1","1","7","2","9","24","2","102","1142","155","0","0","0","0","0","-443000","5","-100.00","2898","0","-1","0","0","","0","0","0","","",""
"080052","0001","0","442000","443000","443500","444000","445000","446000","446500","447000","448500","449000","440000","439500","439000","438500","438000","437500","437000","436500","436000","435500","936","1","9","7","5","1","1","5","23","13","6","1","1","1","7","2","9","24","2","102","1001","155","0","0","0","0","0","-443000","5","-100.00","2898","-141","0","0","0","","0","0","0","","",""
"080052","0002","0","442000","443000","443500","444000","445000","446000","446500","447000","448500","449000","440000","439500","439000","438500","438000","437500","437000","436500","436000","435500","936","1","9","7","5","1","1","5","23","13","6","1","1","1","7","2","9","24","2","104","1001","157","0","0","0","0","0","-443000","5","-100.00","2898","0","2","0","0","","0","0","0","","",""
"080053","0000","0","442000","443000","443500","444000","445000","446000","446500","447000","448500","449000","440000","439500","439000","438500","438000","437500","437000","436500","436000","435500","936","31","9","7","5","1","1","5","23","13","6","1","1","1","7","2","9","24","2","104","1031","157","0","0","0","0","0","-443000","5","-100.00","2898","30","0","0","0","","0","0","0","","",""
"080053","0001","0","442000","443000","443500","444000","445000","446000","446500","447000","448500","449000","440000","439500","439000","438500","438000","437500","437000","436500","436000","435500","936","31","9","7","6","1","1","5","23","13","6","1","1","1","7","2","9","24","2","104","1032","157","0","0","0","0","0","-443000","5","-100.00","2898","1","0","0","0","","0","0","0","","",""
"080053","0002","0","442000","443000","443500","444000","445000","446000","446500","447000","448500","449000","440000","439500","439000","438500","438000","437500","437000","436500","436000","435500","936","31","9","7","7","1","1","5","23","13","6","1","1","1","7","2","4","24","2","114","1033","162","0","0","0","0","0","-443000","5","-100.00","2898","1","-5","0","0","","0","0","0","","",""
"080054","0000","0","442000","443000","443500","444000","445000","446000","446500","447000","448500","449000","440000","439500","439000","438500","438000","437500","437000","436500","436000","435500","936","31","9","7","7","1","1","5","23","13","7","1","1","1","7","2","4","24","2","114","1033","163","0","0","0","0","0","-443000","5","-100.00","2898","0","1","0","0","","0","0","0","","",""
"080054","0001","0","442000","443000","443500","444000","445000","446000","446500","447000","448500","449000","440000","439500","439000","438500","438000","437500","437000","436500","436000","435500","936","31","9","7","7","1","1","5","23","13","7","1","1","1","7","2","6","24","2","114","1033","165","0","0","0","0","0","-443000","5","-100.00","2898","0","2","0","0","","0","0","0","","",""
"080054","0002","0","442000","443000","443500","444000","445000","446500","447000","448500","449000","449500","440000","439500","439000","438500","438000","437500","437000","436500","436000","435500","936","31","9","7","7","1","5","23","13","155","7","1","1","1","7","2","6","24","2","114","1187","165","0","0","0","0","0","-443000","5","-100.00","2898","0","0","0","0","","0","0","0","","",""
"080055","0000","0","442000","443000","443500","444000","445000","446500","447000","448500","449000","449500","440000","439500","439000","438500","438000","437500","437000","436500","436000","435500","936","31","9","7","7","1","5","23","13","155","2","1","1","1","7","2","6","24","2","114","1187","160","0","0","0","0","0","-443000","5","-100.00","2903","0","-5","0","0","","0","0","0","","",""
"080055","0001","0","442000","443000","443500","444000","445000","446500","447000","448500","449000","449500","440000","439500","439000","438500","438000","437500","437000","436500","436000","435500","936","31","11","8","7","1","5","23","13","156","2","1","1","1","7","2","6","24","2","114","1191","160","0","0","0","0","0","-443000","5","-100.00","2903","2","0","0","0","","0","0","0","","",""
"080055","0002","0","442000","443000","443500","444000","445000","446500","447000","448500","449000","449500","440000","439500","439000","438500","438000","437500","437000","436500","436000","435500","946","31","11","8","7","1","6","23","13","156","2","1","1","1","7","2","6","24","2","114","1202","160","0","0","0","0","0","-443000","5","-100.00","2903","10","0","0","0","","0","0","0","","",""
"080056","0000","0","442000","443000","443500","444000","445000","446500","447000","448500","449000","449500","440000","439500","439000","438500","438000","437500","437000","436500","436000","435500","14","31","11","8","7","1","6","23","13","156","2","1","1","1","7","2","6","24","2","114","270","160","0","0","0","0","0","-443000","5","-100.00","2903","-932","0","0","0","","0","0","0","","",""
"080056","0001","0","442000","443000","443500","444000","445000","446500","447000","448500","449000","449500","440000","439500","439000","438500","438000","437500","437000","436500","436000","435500","14","31","11","8","7","1","6","23","13","156","2","1","1","1","7","2","6","24","2","114","270","160","0","0","0","0","0","-443000","5","-100.00","2903","0","0","0","0","","0","0","0","","",""
"080057","0000","0","442000","443000","443500","444000","445000","446500","447000","448500","449000","449500","440000","439500","439000","438500","438000","437500","437000","436500","436000","435500","14","32","11","8","7","1","6","23","13","156","2","1","1","1","7","2","6","24","2","114","271","160","0","0","0","0","0","-443000","5","-100.00","2903","1","0","0","0","","0","0","0","","",""
"080057","0001","0","442000","443000","443500","444000","445000","446500","447000","448500","449000","449500","440000","439500","439000","438500","438000","437500","437000","436500","436000","435500","14","32","11","8","7","1","6","23","13","156","4","1","1","1","7","2","6","24","2","114","271","162","0","0","0","0","0","-443000","5","-100.00","2903","0","2","0","0","","0","0","0","","",""
"080058","0000","0","442000","443000","443500","444000","445000","446500","447000","448500","449000","449500","440000","439500","439000","438500","438000","437500","437000","436500","436000","435500","14","32","11","8","9","1","6","23","13","156","4","1","1","1","7","2","6","24","2","114","273","162","0","0","0","0","0","-443000","5","-100.00","2903","2","0","0","0","","0","0","0","","",""
"080058","0001","0","442000","443000","443500","444000","445000","446500","447000","448500","449000","449500","440000","439500","439000","438500","438000","437500","437000","436500","436000","435500","14","32","11","8","9","1","6","23","14","156","4","1","1","1","7","2","6","24","2","114","274","162","0","0","0","0","0","-443000","5","-100.00","2903","1","0","0","0","","0","0","0","","",""
"080059","0000","0","440000","442000","443000","443500","444000","445000","446500","447000","448500","449000","439500","439000","438500","438000","437500","437000","436500","436000","435500","435000","4","14","43","11","8","9","1","6","23","24","1","1","1","7","2","6","24","2","114","212","143","370","0","0","0","0","0","-443000","5","-100.00","2907","11","0","0","0","","0","0","0","","",""
"080059","0001","0","440000","442000","443000","443500","444000","445000","446500","447000","448500","449000","439500","439000","438500","438000","437500","437000","436500","436000","435500","435000","8","10","43","11","8","9","1","6","23","24","1","1","1","7","2","6","24","2","114","212","143","370","0","0","0","0","0","-443000","5","-100.00","2907","0","0","0","0","","0","0","0","","",""
"080059","0002","0","440000","442000","443000","443500","444000","445000","446500","447000","448500","449000","439500","439000","438500","438000","437500","437000","436500","436000","435500","435000","8","10","43","11","8","9","1","6","23","24","1","1","1","8","2","6","24","2","114","212","143","371","0","0","0","0","0","-443000","5","-100.00","2907","0","1","0","0","","0","0","0","","",""
"080100","0000","0","440000","442000","443000","443500","444000","444500","445000","446500","447000","448500","439500","439000","438500","438000","437500","437000","436500","436000","435500","435000","9","10","43","11","8","2","9","1","6","23","1","1","1","8","2","6","24","2","114","212","122","371","0","0","0","0","0","-443000","5","-100.00","2907","1","0","0","0","","0","0","0","","",""
"080100","0001","0","442000","443000","443500","444000","444500","445000","446500","447000","448500","449000","440000","439500","439000","438500","438000","437500","437000","436500","436000","435500","2","43","11","8","2","9","1","6","23","24","1","1","1","1","9","2","6","24","2","114","129","161","0","0","0","0","0","-443000","5","-100.00","2927","0","-210","0","0","","0","0","0","","",""
"080100","0002","0","442000","443000","443500","444000","444500","445000","446500","447000","448500","449000","440000","439500","439000","438500","438000","437500","437000","436500","436000","435500","2","43","11","8","2","9","1","6","23","24","1","1","1","1","9","2","6","24","2","115","129","162","0","0","0","0","0","-443000","5","-100.00","2927","0","1","0","0","","0","0","0","","",""
"080101","0000","0","442000","443000","443500","444000","444500","445000","446500","447000","448500","449000","440000","439500","439000","438500","438000","437500","437000","436500","436000","435500","2","43","11","8","2","9","1","6","23","24","2","1","1","1","9","2","6","24","2","115","129","163","0","0","0","0","0","-443000","5","-100.00","2927","0","1","0","0","","0","0","0","","",""
"080101","0001","0","442000","443000","443500","444000","444500","445000","446500","447000","448500","449000","440000","439500","439000","438500","438000","437500","437000","436500","436000","435500","2","43","11","8","2","9","1","6","23","24","1","1","1","1","9","2","6","24","2","115","129","162","0","0","0","0","0","-443000","5","-100.00","2928","0","-1","0","0","","0","0","0","","",""
"080102","0000","0","442000","443000","443500","444000","444500","445000","446500","447000","448500","449000","440000","439500","439000","438500","438000","437500","437000","436500","436000","435500","2","43","11","8","2","9","1","6","23","24","1","3","1","1","9","2","6","24","2","115","129","164","0","0","0","0","0","-443000","5","-100.00","2928","0","2","0","0","","0","0","0","","",""
"080103","0000","0","442000","443000","443500","444000","444500","445000","446500","447000","448500","449000","440000","439500","439000","438500","438000","437500","437000","436500","436000","435500","2","43","11","8","2","9","1","6","23","24","1","4","1","1","9","2","6","24","2","115","129","165","0","0","0","0","0","-443000","5","-100.00","2928","0","1","0","0","","0","0","0","","",""
"080103","0001","0","442000","443000","443500","444000","444500","445000","446500","447000","448500","449000","439500","439000","438500","438000","437500","437000","436500","436000","435500","435000","1","43","11","8","2","9","1","6","23","24","4","1","1","9","2","6","24","2","115","212","128","376","0","0","0","0","0","-443000","5","-100.00","2979","0","210","0","0","","0","0","0","","",""
"080103","0002","0","442000","443000","443500","444000","444500","445000","446500","447000","448500","449000","440000","439500","439000","438500","438000","437500","437000","436500","436000","435500","1","43","11","8","2","9","1","6","23","24","4","4","1","1","9","2","6","24","2","115","128","168","0","0","0","0","0","-443000","5","-100.00","2983","0","-208","0","0","","0","0","0","","",""
"080103","0003","0","442000","443000","443500","444000","444500","445000","446500","447000","448500","449000","440000","439500","439000","438500","438000","437500","437000","436500","436000","435500","1","43","11","8","2","9","1","6","23","24","4","5","1","1","9","2","6","24","2","116","128","170","0","0","0","0","0","-443000","5","-100.00","2983","0","2","0","0","","0","0","0","","",""
"080104","0000","0","442000","443000","443500","444000","444500","445000","446500","447000","448500","449000","440000","439500","439000","438500","438000","437500","437000","436500","436000","435500","2","43","11","8","2","9","1","6","23","24","4","5","1","1","9","2","6","24","2","116","129","170","0","0","0","0","0","-443000","5","-100.00","2983","1","0","0","0","","0","0","0","","",""
"080104","0001","0","442000","443000","443500","444000","444500","445000","446500","447000","448500","449000","440000","439500","439000","438500","438000","437500","437000","436500","436000","435500","2","43","11","8","2","9","1","7","23","24","8","5","1","1","9","2","6","24","2","116","130","174","0","0","0","0","0","-443000","5","-100.00","2983","1","4","0","0","","0","0","0","","",""
"080104","0002","0","442000","443000","443500","444000","444500","445000","446500","447000","448500","449000","440000","439500","439000","438500","438000","437500","437000","436500","436000","435500","2","43","11","8","2","9","1","7","23","24","8","5","2","1","9","2","6","24","2","116","130","175","0","0","0","0","0","-443000","5","-100.00","2983","0","1","0","0","","0","0","0","","",""
"080105","0000","0","442000","443000","443500","444000","444500","445000","446500","447000","448500","449000","440000","439500","439000","438500","438000","437500","437000","436500","436000","435500","2","43","11","8","2","9","1","7","23","24","4","5","2","1","9","2","6","24","2","116","130","171","0","0","0","0","0","-443000","5","-100.00","2987","0","-4","0","0","","0","0","0","","",""
"080106","0000","0","442000","443000","443500","444000","444500","445000","446500","447000","448500","449000","440000","439500","439000","438500","438000","437500","437000","436500","436000","435500","2","53","11","8","2","9","1","7","23","24","24","5","2","1","9","2","6","24","2","116","140","191","0","0","0","0","0","-443000","5","-100.00","2987","10","20","0","0","","0","0","0","","",""
"080106","0001","0","442000","443000","443500","444000","444500","445000","446500","447000","448500","449000","440000","439500","439000","438500","438000","437500","437000","436500","436000","435500","2","53","11","8","2","9","1","7","23","24","28","5","2","1","9","2","6","24","2","116","140","195","0","0","0","0","0","-443000","5","-100.00","2987","0","4","0","0","","0","0","0","","",""
"080106","0002","0","442000","443000","443500","444000","444500","445000","446500","447000","448500","449000","440000","439500","439000","438500","438000","437500","437000","436500","436000","435500","2","53","11","8","2","9","1","7","23","24","28","5","2","1","9","2","6","24","2","116","140","195","0","0","0","0","0","-443000","5","-100.00","2987","0","0","0","0","","0","0","0","","",""
"080106","0003","0","442000","443000","443500","444000","444500","445000","446500","447000","448500","449000","440000","439500","439000","438500","438000","437500","437000","436500","436000","435500","2","53","11","8","2","9","1","7","23","24","18","5","2","1","9","13","6","24","2","116","140","196","0","0","0","0","0","-443000","5","-100.00","2997","0","1","0","0","","0","0","0","","",""
"080107","0000","0","442000","443000","443500","444000","444500","445000","446500","447000","448500","449000","440000","439500","439000","438500","438000","437500","437000","436500","436000","435500","2","53","11","8","2","9","1","7","23","24","17","5","2","1","9","13","6","24","2","116","140","195","0","0","0","0","0","-443000","5","-100.00","2998","0","-1","0","0","","0","0","0","","",""
"080107","0001","0","441500","442000","443000","443500","444000","444500","445000","446500","447000","448500","440000","439500","439000","438500","438000","437500","437000","436500","436000","435500","5","4","53","11","8","2","9","1","7","23","17","5","2","1","9","13","6","24","2","116","123","195","0","0","0","0","0","-443000","5","-100.00","2998","-17","0","0","0","","0","0","0","","",""
"080108","0000","0","441500","442000","443000","443500","444000","444500","445000","446500","447000","448500","440000","439500","439000","438500","438000","437500","437000","436500","436000","435500","5","4","53","11","8","2","10","1","7","23","17","5","2","1","9","13","6","24","2","116","124","195","0","0","0","0","0","-443000","5","-100.00","2998","1","0","0","0","","0","0","0","","",""
"080108","0001","0","441500","442000","443000","443500","444000","444500","445000","446500","447000","448500","440500","440000","439500","439000","438500","438000","437500","437000","436500","436000","5","4","53","11","8","2","10","1","7","23","11","17","5","2","2","9","13","6","24","2","124","91","0","0","0","0","0","-443000","5","-100.00","2998","0","-105","0","0","","0","0","0","","",""
"080108","0002","0","441500","442000","443000","443500","444000","444500","445000","446500","447000","448500","440500","440000","439500","439000","438500","438000","437500","437000","436500","436000","5","4","53","11","8","2","10","1","7","23","11","25","5","2","2","9","13","6","24","2","124","99","0","0","0","0","0","-443000","5","-100.00","2998","0","8","0","0","","0","0","0","","",""
"080109","0000","0","441500","442000","443000","443500","444000","444500","445000","446500","447000","448500","440500","440000","439500","439000","438500","438000","437500","437000","436500","436000","5","3","53","11","8","2","10","1","7","23","10","25","5","2","2","9","13","6","24","2","123","98","0","0","0","0","0","-443000","5","-100.00","2999","-1","-1","0","0","","0","0","0","","",""
"080109","0001","0","441500","442000","443000","443500","444000","444500","445000","446500","447000","448500","440500","440000","439500","439000","438500","438000","437500","437000","436500","436000","5","3","53","11","8","2","10","1","7","23","10","26","5","2","2","9","13","6","24","2","123","99","0","0","0","0","0","-443000","5","-100.00","2999","0","1","0","0","","0","0","0","","",""
"080109","0002","0","441500","442000","443000","443500","444000","444500","445000","446500","447000","448500","440000","439500","439000","438500","438000","437500","437000","436500","436000","435500","5","3","53","11","8","2","10","1","7","23","40","5","2","2","9","14","6","24","2","117","123","221","0","0","0","0","0","-443000","5","-100.00","3009","0","4","0","0","","0","0","0","","",""
"080110","0000","0","441500","442000","443000","443500","444000","444500","445000","446500","447000","448500","440000","439500","439000","438500","438000","437500","437000","436500","436000","435500","5","3","53","11","7","2","10","1","7","23","40","5","2","2","9","14","6","24","2","117","122","221","0","0","0","0","0","-443000","5","-100.00","3009","-1","0","0","0","","0","0","0","","",""
"080110","0001","0","441500","442000","443000","443500","444000","444500","445000","446500","447000","448500","440000","439500","439000","438500","438000","437500","437000","436500","436000","435500","6","3","53","11","7","2","10","1","7","23","40","5","2","2","9","14","6","24","2","117","123","221","0","0","0","0","0","-443000","5","-100.00","3009","1","0","0","0","","0","0","0","","",""
"080110","0002","0","441500","442000","443000","443500","444000","444500","445000","446500","447000","448500","440000","439500","439000","438500","438000","437500","437000","436500","436000","435500","6","3","53","11","7","2","10","1","7","23","60","5","2","2","9","14","6","21","2","117","123","238","0","0","0","0","0","-443000","5","-100.00","3009","0","-3","0","0","","0","0","0","","",""
"080111","0000","0","441500","442000","443000","443500","444000","444500","445000","446500","447000","448500","440000","439500","439000","438500","438000","437500","437000","436500","436000","435500","6","3","53","11","7","2","10","1","7","23","60","5","2","2","9","14","4","21","2","117","123","236","0","0","0","0","0","-443000","5","-100.00","3009","0","-2","0","0","","0","0","0","","",""
"080111","0001","0","441500","442000","443000","443500","444000","444500","445000","446500","447000","448500","440000","439500","439000","438500","438000","437500","437000","436500","436000","435500","6","3","53","11","7","2","10","1","7","23","63","5","2","2","9","14","4","21","2","117","123","239","0","0","0","0","0","-443000","5","-100.00","3009","0","3","0","0","","0","0","0","","",""
"080111","0002","0","441500","442000","443000","443500","444000","444500","445000","446500","447000","448500","440000","439500","439000","438500","438000","437500","437000","436500","436000","435500","11","3","53","11","7","2","10","1","7","23","63","5","2","2","9","14","4","21","2","117","128","239","0","0","0","0","0","-443000","5","-100.00","3009","5","0","0","0","","0","0","0","","",""
"080112","0000","0","441500","442000","443000","443500","444000","444500","445000","446500","447000","448500","440500","440000","439500","439000","438500","438000","437500","437000","436500","436000","11","3","53","11","7","2","10","1","7","23","11","63","5","2","2","9","14","4","21","2","128","133","0","0","0","0","0","-443000","5","-100.00","3009","0","-106","0","0","","0","0","0","","",""
"080112","0001","0","441500","442000","443000","443500","444000","444500","445000","446500","447000","448500","440500","440000","439500","439000","438500","438000","437500","437000","436500","436000","11","3","54","11","7","2","10","1","7","23","11","63","5","2","2","9","14","4","21","2","129","133","0","0","0","0","0","-443000","5","-100.00","3009","1","0","0","0","","0","0","0","","",""
"080112","0002","0","441500","442000","443000","443500","444000","444500","445000","446500","447000","448500","440500","440000","439500","439000","438500","438000","437500","437000","436500","436000","11","3","54","11","7","2","10","1","7","23","11","63","5","2","2","9","14","4","22","2","129","134","0","0","0","0","0","-443000","5","-100.00","3009","0","1","0","0","","0","0","0","","",""
"080112","0003","0","441500","442000","443000","443500","444000","444500","445000","446500","447000","448500","440500","440000","439500","439000","438500","438000","437500","437000","436500","436000","11","3","54","11","7","2","10","1","7","23","11","64","5","2","2","9","14","4","23","2","129","136","0","0","0","0","0","-443000","5","-100.00","3009","0","1","0","0","","0","0","0","","",""
"080113","0000","0","441500","442000","443000","443500","444000","444500","445000","446500","447000","448500","440500","440000","439500","439000","438500","438000","437500","437000","436500","436000","11","3","54","11","7","2","10","1","7","23","10","64","5","2","2","9","14","4","23","2","129","135","0","0","0","0","0","-443000","5","-100.00","3010","0","-1","0","0","","0","0","0","","",""
"080113","0001","0","441500","442000","443000","443500","444000","444500","445000","446500","447000","448500","440500","440000","439500","439000","438500","438000","437500","437000","436500","436000","11","3","54","11","7","2","10","1","7","23","10","67","5","2","2","9","14","4","23","3","129","139","0","0","0","0","0","-443000","5","-100.00","3010","0","4","0","0","","0","0","0","","",""
"080113","0002","0","441500","442000","443000","443500","444000","444500","445000","446500","447000","448500","440500","440000","439500","439000","438500","438000","437500","437000","436500","436000","11","3","54","11","7","2","10","1","7","23","10","68","5","2","2","9","14","4","23","5","129","142","0","0","0","0","0","-443000","5","-100.00","3010","0","1","0","0","","0","0","0","","",""
"080114","0000","0","441500","442000","443000","443500","444000","444500","445000","446500","447000","448500","440500","440000","439500","439000","438500","438000","437500","437000","436500","436000","11","3","54","11","7","2","10","1","7","23","9","69","5","2","2","9","14","4","23","5","129","142","0","0","0","0","0","-443000","5","-100.00","3011","0","-1","0","0","","0","0","0","","",""
"080114","0001","0","441500","442000","443000","443500","444000","444500","445000","446500","447000","448500","440500","440000","439500","439000","438500","438000","437500","437000","436500","436000","11","3","54","11","7","2","10","1","7","23","9","69","5","2","2","9","14","4","22","6","129","142","0","0","0","0","0","-443000","5","-100.00","3011","0","0","0","0","","0","0","0","","",""
"080115","0000","0","441500","442000","443000","443500","444000","444500","445000","446500","447000","448500","440000","439500","439000","438500","438000","437500","437000","436500","436000","435500","11","3","54","11","7","2","10","1","7","23","37","5","2","2","9","14","4","22","6","117","129","218","0","0","0","0","0","-443000","5","-100.00","3052","0","76","0","0","","0","0","0","","",""
"080115","0001","0","441500","442000","443000","443500","444000","444500","445000","446500","447000","448500","440500","440000","439500","439000","438500","438000","437500","437000","436500","436000","11","3","54","11","7","2","10","1","7","23","30","44","9","2","2","9","14","4","22","6","129","142","0","0","0","0","0","-443000","5","-100.00","3052","0","-76","0","0","","0","0","0","","",""
"080115","0002","0","441500","442000","443000","443500","444000","444500","445000","446500","447000","448500","440500","440000","439500","439000","438500","438000","437500","437000","436500","436000","11","3","54","11","7","2","10","1","7","23","30","24","9","2","2","9","14","4","22","6","129","122","0","0","0","0","0","-443000","5","-100.00","3052","0","-20","0","0","","0","0","0","","",""
"080116","0000","0","441500","442000","443000","443500","444000","444500","445000","446500","447000","448500","440500","440000","439500","439000","438500","438000","437500","437000","436500","436000","11","3","54","11","10","2","10","1","7","23","30","24","11","2","2","9","14","4","22","6","132","124","0","0","0","0","0","-443000","5","-100.00","3052","3","2","0","0","","0","0","0","","",""
"080116","0001","0","441500","442000","443000","443500","444000","444500","445000","446500","447000","448500","440500","440000","439500","439000","438500","438000","437500","437000","436500","436000","11","3","54","11","10","2","10","1","7","23","30","25","11","2","2","9","14","4","22","6","132","125","0","0","0","0","0","-443000","5","-100.00","3052","0","1","0","0","","0","0","0","","",""
"080116","0002","0","441000","441500","442000","443000","443500","444000","444500","445000","446500","447000","440500","440000","439500","439000","438500","438000","437500","437000","436500","436000","5","11","3","54","11","10","2","10","1","7","30","25","11","2","2","9","14","4","22","6","114","125","0","0","0","0","0","-443000","5","-100.00","3052","-18","0","0","0","","0","0","0","","",""
"080116","0003","0","441000","441500","442000","443000","443500","444000","444500","445000","446500","447000","440500","440000","439500","439000","438500","438000","437500","437000","436500","436000","5","11","3","54","11","10","2","10","1","7","28","25","11","2","2","9","14","4","22","6","114","123","0","0","0","0","0","-443000","5","-100.00","3054","0","-2","0","0","","0","0","0","","",""
"080117","0000","0","441000","441500","442000","443000","443500","444000","444500","445000","446500","447000","440500","440000","439500","439000","438500","438000","437500","437000","436500","436000","5","11","3","54","11","10","2","10","1","7","28","25","11","2","2","9","14","4","22","6","114","123","0","0","0","0","0","-443000","5","-100.00","3054","0","0","0","0","","0","0","0","","",""
"080117","0001","0","441000","441500","442000","443000","443500","444000","444500","445000","446500","447000","440500","440000","439500","439000","438500","438000","437500","437000","436500","436000","5","11","3","54","11","10","2","10","1","7","28","25","11","2","2","9","14","4","22","6","114","123","0","0","0","0","0","-443000","5","-100.00","3054","0","0","0","0","","0","0","0","","",""
"080117","0002","0","441000","441500","442000","443000","443500","444000","444500","445000","446500","447000","440500","440000","439500","439000","438500","438000","437500","437000","436500","436000","5","11","3","54","11","10","2","10","1","7","22","25","11","2","7","9","14","4","22","6","114","122","0","0","0","0","0","-443000","5","-100.00","3060","0","5","0","0","","0","0","0","","",""
"080117","0003","0","441000","441500","442000","443000","443500","444000","444500","445000","446500","447000","440500","440000","439500","439000","438500","438000","437500","437000","436500","436000","5","11","3","54","11","10","2","10","1","7","20","25","11","2","7","9","15","4","22","6","114","121","0","0","0","0","0","-443000","5","-100.00","3062","0","1","0","0","","0","0","0","","",""
"080118","0000","0","441000","441500","442000","443000","443500","444000","444500","445000","446500","447000","440500","440000","439500","439000","438500","438000","437500","437000","436500","436000","5","11","3","54","11","10","2","10","1","7","20","25","11","2","7","9","15","4","22","6","114","121","0","0","0","0","0","-443000","5","-100.00","3062","0","0","0","0","","0","0","0","","",""
"080118","0001","0","440500","441000","441500","442000","443000","443500","444000","444500","445000","446500","440000","439500","439000","438500","438000","437500","437000","436500","436000","435500","51","5","11","3","54","11","10","2","10","5","25","11","2","7","9","15","4","22","6","117","162","218","0","0","0","0","0","-443000","5","-100.00","3082","48","97","0","0","","0","0","0","","",""
"080118","0002","0","440500","441000","441500","442000","443000","443500","444000","444500","445000","446500","440000","439500","439000","438500","438000","437500","437000","436500","436000","435500","51","5","11","3","54","12","10","2","10","5","25","11","2","7","9","15","4","22","6","117","163","218","0","0","0","0","0","-443000","5","-100.00","3082","1","0","0","0","","0","0","0","","",""
"080118","0003","0","440500","441000","441500","442000","443000","443500","444000","444500","445000","446500","440000","439500","439000","438500","438000","437500","437000","436500","436000","435500","51","5","11","3","54","12","10","2","10","5","25","11","2","7","9","15","4","23","6","117","163","219","0","0","0","0","0","-443000","5","-100.00","3082","0","1","0","0","","0","0","0","","",""
"080119","0000","0","440500","441000","441500","442000","443000","443500","444000","444500","445000","446500","440000","439500","439000","438500","438000","437500","437000","436500","436000","435500","61","5","6","3","54","12","10","2","10","5","45","11","2","7","9","15","4","23","6","117","168","239","0","0","0","0","0","-443000","5","-100.00","3082","5","0","0","0","","0","0","0","","",""
"080119","0001","0","440500","441000","441500","442000","443000","443500","444000","444500","445000","446500","440000","439500","439000","438500","438000","437500","437000","436500","436000","435500","61","5","6","3","54","12","10","2","10","5","45","11","2","7","9","15","4","23","6","117","168","239","0","0","0","0","0","-443000","5","-100.00","3082","0","0","0","0","","0","0","0","","",""
"080119","0002","0","440500","441000","441500","442000","443000","443500","444000","444500","445000","446500","440000","439500","439000","438500","438000","437500","437000","436500","436000","435500","61","5","6","3","54","12","10","2","10","5","48","11","2","7","9","15","4","23","6","117","168","242","0","0","0","0","0","-443000","5","-100.00","3082","0","2","0","0","","0","0","0","","",""
"080119","0003","0","440500","441000","441500","442000","443000","443500","444000","444500","445000","446500","440000","439500","439000","438500","438000","437500","437000","436500","436000","435500","62","5","6","3","54","12","10","2","10","5","48","11","2","7","9","15","4","23","6","117","169","242","0","0","0","0","0","-443000","5","-100.00","3082","1","0","0","0","","0","0","0","","",""
"080120","0000","0","440500","441000","441500","442000","443000","443500","444000","444500","445000","446500","440000","439500","439000","438500","438000","437500","437000","436500","436000","435500","62","5","6","3","54","12","10","2","10","6","48","11","2","7","9","15","5","23","6","117","170","243","0","0","0","0","0","-443000","5","-100.00","3082","1","1","0","0","","0","0","0","","",""
"080120","0001","0","440500","441000","441500","442000","443000","443500","444000","444500","445000","446500","440000","439500","439000","438500","438000","437500","437000","436500","436000","435500","61","5","6","3","54","12","10","2","10","6","48","11","2","7","9","15","5","23","6","117","169","243","0","0","0","0","0","-443000","5","-100.00","3083","-1","0","0","0","","0","0","0","","",""
"080120","0002","0","440500","441000","441500","442000","443000","443500","444000","444500","445000","446500","440000","439500","439000","438500","438000","437500","437000","436500","436000","435500","50","5","6","3","54","12","10","2","10","6","48","11","2","7","9","15","5","23","6","117","158","243","0","0","0","0","0","-443000","5","-100.00","3094","-11","0","0","0","","0","0","0","","",""
"080121","0000","0","440500","441000","441500","442000","443000","443500","444000","444500","445000","446500","440000","439500","439000","438500","438000","437500","437000","436500","436000","435500","50","5","6","3","54","12","10","2","10","6","51","11","2","7","9","15","5","23","6","117","158","246","0","0","0","0","0","-443000","5","-100.00","3094","0","1","0","0","","0","0","0","","",""
"080121","0001","0","440500","441000","441500","442000","443000","443500","444000","444500","445000","446500","440000","439500","439000","438500","438000","437500","437000","436500","436000","435500","48","5","6","3","54","12","10","2","10","6","51","11","2","7","9","15","5","23","6","117","156","246","0","0","0","0","0","-443000","5","-100.00","3096","-2","0","0","0","","0","0","0","","",""
"080121","0002","0","440500","441000","441500","442000","443000","443500","444000","444500","445000","446500","440000","439500","439000","438500","438000","437500","437000","436500","436000","435500","77","5","6","3","54","12","10","2","10","6","54","11","2","7","9","15","6","23","6","118","185","251","0","0","0","0","0","-443000","5","-100.00","3096","29","1","0","0","","0","0","0","","",""
"080121","0003","0","440500","441000","441500","442000","443000","443500","444000","444500","445000","446500","440000","439500","439000","438500","438000","437500","437000","436500","436000","435500","77","5","6","3","54","12","10","2","10","6","61","11","2","7","9","15","6","23","8","118","185","260","0","0","0","0","0","-443000","5","-100.00","3096","0","7","0","0","","0","0","0","","",""
"080122","0000","0","440500","441000","441500","442000","443000","443500","444000","444500","445000","446500","440000","439500","439000","438500","438000","437500","437000","436500","436000","435500","77","5","6","3","54","12","11","2","10","6","61","11","2","7","9","15","6","23","8","118","186","260","0","0","0","0","0","-443000","5","-100.00","3096","1","0","0","0","","0","0","0","","",""
"080122","0001","0","440500","441000","441500","442000","443000","443500","444000","444500","445000","446500","440000","439500","439000","438500","438000","437500","437000","436500","436000","435500","81","5","6","3","54","12","11","2","10","6","61","11","2","7","9","15","6","23","8","118","190","260","0","0","0","0","0","-443000","5","-100.00","3096","4","0","0","0","","0","0","0","","",""
"080122","0002","0","440500","441000","441500","442000","443000","443500","444000","444500","445000","446500","440000","439500","439000","438500","438000","437500","437000","436500","436000","435500","81","5","6","3","54","12","11","2","10","6","62","11","2","12","9","15","6","23","8","118","190","266","0","0","0","0","0","-443000","5","-100.00","3096","0","5","0","0","","0","0","0","","",""
"080122","0003","0","440500","441000","441500","442000","443000","443500","444000","444500","445000","446500","440000","439500","439000","438500","438000","437500","437000","436500","436000","435500","81","5","6","3","54","12","11","2","10","6","62","11","2","12","9","15","6","23","11","118","190","269","0","0","0","0","0","-443000","5","-100.00","3096","0","3","0","0","","0","0","0","","",""
"080122","0004","0","440500","441000","441500","442000","443000","443500","444000","444500","445000","446500","440000","439500","439000","438500","438000","437500","437000","436500","436000","435500","81","5","6","3","123","12","11","2","10","6","62","11","2","12","9","15","6","23","11","118","259","269","0","0","0","0","0","-443000","5","-100.00","3096","69","0","0","0","","0","0","0","","",""
"080123","0000","0","440500","441000","441500","442000","443000","443500","444000","444500","445000","446500","440000","439500","439000","438500","438000","437500","437000","436500","436000","435500","80","5","6","3","123","12","11","2","10","6","62","11","2","12","9","15","6","23","11","118","258","269","0","0","0","0","0","-443000","5","-100.00","3097","-1","0","0","0","","0","0","0","","",""
"080123","0001","0","440500","441000","441500","442000","443000","443500","444000","444500","445000","446500","440000","439500","439000","438500","438000","437500","437000","436500","436000","435500","80","5","6","3","123","12","11","2","10","6","62","11","2","12","9","15","7","23","11","118","258","270","0","0","0","0","0","-443000","5","-100.00","3097","0","1","0","0","","0","0","0","","",""
"080123","0002","0","440500","441000","441500","442000","443000","443500","444000","444500","445000","446500","440000","439500","439000","438500","438000","437500","437000","436500","436000","435500","80","5","6","3","123","12","11","2","10","6","64","11","2","12","9","15","7","23","11","118","258","272","0","0","0","0","0","-443000","5","-100.00","3097","0","2","0","0","","0","0","0","","",""
"080124","0000","0","440500","441000","441500","442000","443000","443500","444000","444500","445000","446500","440000","439500","439000","438500","438000","437500","437000","436500","436000","435500","77","5","6","3","123","12","11","2","10","6","64","11","2","12","9","15","7","23","11","118","255","272","0","0","0","0","0","-443000","5","-100.00","3100","-1","0","0","0","","0","0","0","","",""
"080124","0001","0","440500","441000","441500","442000","443000","443500","444000","444500","445000","446500","440000","439500","439000","438500","438000","437500","437000","436500","436000","435500","77","5","6","3","123","12","11","2","10","6","64","11","2","12","9","15","7","23","12","118","255","273","0","0","0","0","0","-443000","5","-100.00","3100","0","1","0","0","","0","0","0","","",""
"080124","0002","0","440500","441000","441500","442000","443000","443500","444000","444500","445000","446500","440000","439500","439000","438500","438000","437500","437000","436500","436000","435500","66","5","6","3","123","12","11","2","10","6","64","11","2","12","9","15","7","23","12","118","244","273","0","0","0","0","0","-443000","5","-100.00","3111","-11","0","0","0","","0","0","0","","",""
"080125","0000","0","440500","441000","441500","442000","443000","443500","444000","444500","445000","446500","440000","439500","439000","438500","438000","437500","437000","436500","436000","435500","66","5","6","3","123","12","11","2","10","6","57","11","2","12","9","15","7","23","12","118","244","266","0","0","0","0","0","-443000","5","-100.00","3112","0","-1","0","0","","0","0","0","","",""
"080125","0001","0","440500","441000","441500","442000","443000","443500","444000","444500","445000","446500","440000","439500","439000","438500","438000","437500","437000","436500","436000","435500","66","5","6","3","123","12","11","2","10","7","57","11","2","12","9","15","7","23","12","118","245","266","0","0","0","0","0","-443000","5","-100.00","3112","1","0","0","0","","0","0","0","","",""
"080126","0000","0","440500","441000","441500","442000","443000","443500","444000","444500","445000","446500","440000","439500","439000","438500","438000","437500","437000","436500","436000","435500","66","5","6","3","123","12","11","3","10","7","60","11","2","12","9","15","7","23","12","118","246","269","0","0","0","0","0","-443000","5","-100.00","3112","0","3","0","0","","0","0","0","","",""
"080126","0001","0","440500","441000","441500","442000","443000","443500","444000","444500","445000","446500","440000","439500","439000","438500","438000","437500","437000","436500","436000","435500","66","5","6","3","123","12","11","3","10","7","60","11","2","12","9","15","7","23","12","118","246","269","0","0","0","0","0","-443000","5","-100.00","3112","0","0","0","0","","0","0","0","","",""
"080126","0002","0","440500","441000","441500","442000","443000","443500","444000","444500","445000","446500","440000","439500","439000","438500","438000","437500","437000","436500","436000","435500","66","5","6","3","123","12","11","3","10","7","60","11","2","12","10","15","7","23","12","118","246","270","0","0","0","0","0","-443000","5","-100.00","3112","0","1","0","0","","0","0","0","","",""
"080127","0000","0","440500","441000","441500","442000","443000","443500","444000","444500","445000","446500","440000","439500","439000","438500","438000","437500","437000","436500","436000","435500","66","5","6","3","123","12","11","3","10","7","61","11","2","12","10","15","7","23","12","118","246","271","0","0","0","0","0","-443000","5","-100.00","3112","0","1","0","0","","0","0","0","","",""
"080127","0001","0","440500","441000","441500","442000","443000","443500","444000","444500","445000","446500","440000","439500","439000","438500","438000","437500","437000","436500","436000","435500","66","5","6","3","123","12","11","3","10","7","61","11","2","12","10","15","7","23","12","119","246","272","0","0","0","0","0","-443000","5","-100.00","3112","0","1","0","0","","0","0","0","","",""
"080127","0002","0","440500","441000","441500","442000","443000","443500","444000","444500","445000","446500","440000","439500","439000","438500","438000","437500","437000","436500","436000","435500","66","5","6","3","123","12","11","3","10","7","62","11","2","12","10","15","7","23","12","119","246","273","0","0","0","0","0","-443000","5","-100.00","3112","0","1","0","0","","0","0","0","","",""
"080127","0003","0","440500","441000","441500","442000","443000","443500","444000","444500","445000","446500","440000","439500","439000","438500","438000","437500","437000","436500","436000","435500","66","5","6","3","123","12","11","3","10","7","22","11","2","12","10","15","7","23","12","119","246","233","0","0","0","0","0","-443000","5","-100.00","3152","0","-40","0","0","","0","0","0","","",""
"080128","0000","0","440500","441000","441500","442000","443000","443500","444000","444500","445000","446500","440000","439500","439000","438500","438000","437500","437000","436500","436000","435500","66","5","6","3","123","12","11","4","10","7","27","11","2","12","10","15","7","23","12","119","247","238","0","0","0","0","0","-443000","5","-100.00","3152","1","0","0","0","","0","0","0","","",""
"080128","0001","0","440500","441000","441500","442000","443000","443500","444000","444500","445000","446500","440000","439500","439000","438500","438000","437500","437000","436500","436000","435500","66","5","6","3","123","12","11","4","10","7","27","11","2","12","10","15","8","23","12","119","247","239","0","0","0","0","0","-443000","5","-100.00","3152","0","1","0","0","","0","0","0","","",""
"080128","0002","0","440500","441000","441500","442000","443000","443500","444000","444500","445000","446500","440000","439500","439000","438500","438000","437500","437000","436500","436000","435500","153","5","6","3","123","12","11","4","10","7","27","11","2","12","11","15","8","23","12","119","334","240","0","0","0","0","0","-443000","5","-100.00","3152","87","1","0","0","","0","0","0","","",""
"080128","0003","0","440500","441000","441500","442000","443000","443500","444000","444500","445000","446500","440000","439500","439000","438500","438000","437500","437000","436500","436000","435500","153","5","6","3","123","12","11","4","10","7","18","11","2","12","11","16","8","23","12","119","334","232","0","0","0","0","0","-443000","5","-100.00","3162","0","-8","0","0","","0","0","0","","",""
"080128","0004","0","440500","441000","441500","442000","443000","443500","444000","444500","445000","446500","440000","439500","439000","438500","438000","437500","437000","436500","436000","435500","154","6","6","3","122","12","11","4","10","7","18","11","2","12","11","16","8","23","12","119","335","232","0","0","0","0","0","-443000","5","-100.00","3162","1","0","0","0","","0","0","0","","",""
"080128","0005","0","440500","441000","441500","442000","443000","443500","444000","444500","445000","446500","440000","439500","439000","438500","438000","437500","437000","436500","436000","435500","164","6","6","3","122","12","11","4","10","7","18","11","2","12","11","16","8","23","12","119","345","232","0","0","0","0","0","-443000","5","-100.00","3162","10","0","0","0","","0","0","0","","",""
"080129","0000","0","440500","441000","441500","442000","443000","443500","444000","444500","445000","446500","440000","439500","439000","438500","438000","437500","437000","436500","436000","435500","160","6","6","3","122","12","11","4","10","7","14","11","2","12","11","16","8","23","28","119","341","244","0","0","0","0","0","-443000","5","-100.00","3166","-4","-4","0","0","","0","0","0","","",""
"080129","0001","0","440500","441000","441500","442000","443000","443500","444000","444500","445000","446500","440000","439500","439000","438500","438000","437500","437000","436500","436000","435500","160","6","6","3","122","12","11","4","10","7","24","11","2","12","11","16","8","23","28","119","341","254","0","0","0","0","0","-443000","5","-100.00","3166","0","10","0","0","","0","0","0","","",""
"080130","0000","0","440500","441000","441500","442000","443000","443500","444000","444500","445000","446500","440000","439500","439000","438500","438000","437500","437000","436500","436000","435500","160","6","6","3","122","12","11","4","10","7","21","11","2","12","11","16","8","23","28","119","341","251","0","0","0","0","0","-443000","5","-100.00","3169","0","-3","0","0","","0","0","0","","",""
"080130","0001","0","440500","441000","441500","442000","443000","443500","444000","444500","445000","446500","440000","439500","439000","438500","438000","437500","437000","436500","436000","435500","160","6","6","3","122","12","11","4","10","7","41","11","2","12","11","16","8","23","28","119","341","271","0","0","0","0","0","-443000","5","-100.00","3169","0","20","0","0","","0","0","0","","",""
"080130","0002","0","440500","441000","441500","442000","443000","443500","444000","444500","445000","446500","440000","439500","439000","438500","438000","437500","437000","436500","436000","435500","160","6","6","3","122","12","11","4","10","7","42","11","2","12","11","16","8","23","28","119","341","272","0","0","0","0","0","-443000","5","-100.00","3169","0","1","0","0","","0","0","0","","",""
"080131","0000","0","440500","441000","441500","442000","443000","443500","444000","444500","445000","446500","440000","439500","439000","438500","438000","437500","437000","436500","436000","435500","158","6","6","3","122","12","11","4","10","7","43","11","2","12","11","16","8","23","28","119","339","273","0","0","0","0","0","-443000","5","-100.00","3171","-2","1","0","0","","0","0","0","","",""
"080131","0001","0","440500","441000","441500","442000","443000","443500","444000","444500","445000","446500","440000","439500","439000","438500","438000","437500","437000","436500","436000","435500","158","6","6","3","122","12","11","4","11","7","43","11","2","12","11","16","8","23","28","119","340","273","0","0","0","0","0","-443000","5","-100.00","3171","1","0","0","0","","0","0","0","","",""
"080132","0000","0","440500","441000","441500","442000","443000","443500","444000","444500","445000","446500","440000","439500","439000","438500","438000","437500","437000","436500","436000","435500","158","6","6","3","122","12","11","4","11","7","43","11","13","12","11","16","8","23","28","119","340","284","0","0","0","0","0","-443000","5","-100.00","3171","0","11","0","0","","0","0","0","","",""
"080132","0001","0","440500","441000","441500","442000","443000","443500","444000","444500","445000","446500","440000","439500","439000","438500","438000","437500","437000","436500","436000","435500","158","6","6","3","122","12","11","4","11","7","42","11","13","12","11","16","8","23","28","119","340","283","0","0","0","0","0","-443000","5","-100.00","3172","0","-1","0","0","","0","0","0","","",""
"080133","0000","0","440500","441000","441500","442000","443000","443500","444000","444500","445000","446500","440000","439500","439000","438500","438000","437500","437000","436500","436000","435500","158","6","6","3","122","12","11","4","11","7","45","11","13","12","11","16","8","23","28","119","340","286","0","0","0","0","0","-443000","5","-100.00","3172","0","3","0","0","","0","0","0","","",""
"080133","0001","0","440500","441000","441500","442000","443000","443500","444000","444500","445000","446500","440000","439500","439000","438500","438000","437500","437000","436500","436000","435500","161","6","6","3","122","12","11","4","11","7","46","11","13","12","11","16","8","23","28","119","343","287","0","0","0","0","0","-443000","5","-100.00","3172","3","1","0","0","","0","0","0","","",""
"080133","0002","0","440500","441000","441500","442000","443000","443500","444000","444500","445000","446500","440000","439500","439000","438500","438000","437500","437000","436500","436000","435500","161","6","6","3","122","12","11","4","11","7","38","11","13","12","11","16","8","23","28","119","343","279","0","0","0","0","0","-443000","5","-100.00","3180","0","-8","0","0","","0","0","0","","",""
"080133","0003","0","440500","441000","441500","442000","443000","443500","444000","444500","445000","446500","440000","439500","439000","438500","438000","437500","437000","436500","436000","435500","161","6","6","3","122","12","11","4","11","7","44","11","13","12","11","16","8","23","28","119","343","285","0","0","0","0","0","-443000","5","-100.00","3180","0","6","0","0","","0","0","0","","",""
"080134","0000","0","440500","441000","441500","442000","443000","443500","444000","444500","445000","446500","440000","439500","439000","438500","438000","437500","437000","436500","436000","435500","161","6","6","3","122","12","11","4","11","7","47","11","13","12","11","16","8","23","28","119","343","288","0","0","0","0","0","-443000","5","-100.00","3182","0","3","0","0","","0","0","0","","",""
"080134","0001","0","440500","441000","441500","442000","443000","443500","444000","444500","445000","446500","440000","439500","439000","438500","438000","437500","437000","436500","436000","435500","161","6","6","3","122","12","11","4","11","7","47","11","13","12","11","17","8","23","28","119","343","289","0","0","0","0","0","-443000","5","-100.00","3182","0","1","0","0","","0","0","0","","",""
"080134","0002","0","440500","441000","441500","442000","443000","443500","444000","444500","445000","446500","440000","439500","439000","438500","438000","437500","437000","436500","436000","435500","161","6","6","3","122","12","11","4","11","7","37","11","13","12","11","17","8","23","28","119","343","279","0","0","0","0","0","-443000","5","-100.00","3192","0","-10","0","0","","0","0","0","","",""
"080134","0003","0","440500","441000","441500","442000","443000","443500","444000","444500","445000","446500","440000","439500","439000","438500","438000","437500","437000","436500","436000","435500","160","6","6","3","122","12","11","4","11","7","38","11","13","12","11","17","8","23","28","119","342","280","0","0","0","0","0","-443000","5","-100.00","3192","-1","0","0","0","","0","0","0","","",""
"080135","0000","0","440500","441000","441500","442000","443000","443500","444000","444500","445000","445500","440000","439500","439000","438500","438000","437500","437000","436500","436000","435500","160","6","6","3","122","12","11","4","11","1","38","11","13","13","11","17","8","23","28","119","336","281","0","0","0","0","0","-443000","5","-100.00","3192","-6","1","0","0","","0","0","0","","",""
"080135","0001","0","440500","441000","441500","442000","443000","443500","444000","444500","445000","445500","440000","439500","439000","438500","438000","437500","437000","436500","436000","435500","160","6","6","3","122","12","11","4","11","1","40","11","13","13","11","17","8","23","28","119","336","283","0","0","0","0","0","-443000","5","-100.00","3192","0","2","0","0","","0","0","0","","",""
"080135","0002","0","440500","441000","441500","442000","443000","443500","444000","444500","445000","445500","440000","439500","439000","438500","438000","437500","437000","436500","436000","435500","160","6","6","3","122","12","11","4","11","1","39","11","13","13","11","17","8","23","31","119","336","285","0","0","0","0","0","-443000","5","-100.00","3193","0","1","0","0","","0","0","0","","",""
"080135","0003","0","440500","441000","441500","442000","443000","443500","444000","444500","445000","445500","440000","439500","439000","438500","438000","437500","437000","436500","436000","435500","160","6","6","3","122","12","11","4","11","1","39","11","13","13","16","17","8","23","32","119","336","291","0","0","0","0","0","-443000","5","-100.00","3193","0","1","0","0","","0","0","0","","",""
"080136","0000","0","440500","441000","441500","442000","443000","443500","444000","444500","445000","445500","440000","439500","439000","438500","438000","437500","437000","436500","436000","435500","160","6","6","3","122","12","11","4","11","1","39","11","13","18","16","17","8","23","32","119","336","296","0","0","0","0","0","-443000","5","-100.00","3193","0","5","0","0","","0","0","0","","",""
"080136","0001","0","440500","441000","441500","442000","443000","443500","444000","444500","445000","445500","440000","439500","439000","438500","438000","437500","437000","436500","436000","435500","160","6","6","3","122","12","11","4","11","1","34","11","13","18","16","17","8","23","32","119","336","291","0","0","0","0","0","-443000","5","-100.00","3198","0","-5","0","0","","0","0","0","","",""
"080136","0002","0","440500","441000","441500","442000","443000","443500","444000","444500","445000","445500","440000","439500","439000","438500","438000","437500","437000","436500","436000","435500","160","6","6","3","122","12","11","4","11","1","33","11","13","18","16","17","8","23","32","119","336","290","0","0","0","0","0","-443000","5","-100.00","3199","0","-1","0","0","","0","0","0","","",""
"080137","0000","0","440500","441000","441500","442000","443000","443500","444000","444500","445000","445500","440000","439500","439000","438500","438000","437500","437000","436500","436000","435500","162","6","6","3","122","12","11","4","11","1","33","15","13","18","16","17","8","23","32","119","338","294","0","0","0","0","0","-443000","5","-100.00","3199","0","4","0","0","","0","0","0","","",""
"080137","0001","0","440500","441000","441500","442000","443000","443500","444000","444500","445000","445500","440000","439500","439000","438500","438000","437500","437000","436500","436000","435500","166","6","6","3","122","12","11","4","11","1","33","15","13","18","16","18","8","23","32","119","342","295","0","0","0","0","0","-443000","5","-100.00","3199","0","1","0","0","","0","0","0","","",""
"080138","0000","0","440500","441000","441500","442000","443000","443500","444000","444500","445000","445500","440000","439500","439000","438500","438000","437500","437000","436500","436000","435500","161","6","6","3","122","12","11","4","11","1","30","15","13","18","16","18","8","23","32","119","337","292","0","0","0","0","0","-443000","5","-100.00","3207","-5","-3","0","0","","0","0","0","","",""
"080138","0001","0","440500","441000","441500","442000","443000","443500","444000","444500","445000","445500","440000","439500","439000","438500","438000","437500","437000","436500","436000","435500","161","6","6","3","122","12","11","4","11","1","30","15","13","18","17","18","8","23","32","119","337","293","0","0","0","0","0","-443000","5","-100.00","3207","0","1","0","0","","0","0","0","","",""
