"time","millisec","HOUR_CLS_CODE","ASKP1","ASKP2","ASKP3","ASKP4","ASKP5","ASKP6","ASKP7","ASKP8","ASKP9","ASKP10","BIDP1","BIDP2","BIDP3","BIDP4","BIDP5","BIDP6","BIDP7","BIDP8","BIDP9","BIDP10","ASKP_RSQN1","ASKP_RSQN2","ASKP_RSQN3","ASKP_RSQN4","ASKP_RSQN5","ASKP_RSQN6","ASKP_RSQN7","ASKP_RSQN8","ASKP_RSQN9","ASKP_RSQN10","BIDP_RSQN1","BIDP_RSQN2","BIDP_RSQN3","BIDP_RSQN4","BIDP_RSQN5","BIDP_RSQN6","BIDP_RSQN7","BIDP_RSQN8","BIDP_RSQN9","BIDP_RSQN10","TOTAL_ASKP_RSQN","TOTAL_BIDP_RSQN","OVTM_TOTAL_ASKP_RSQN","OVTM_TOTAL_BIDP_RSQN","ANTC_CNPR","ANTC_CNQN","ANTC_VOL","ANTC_CNTG_VRSS","ANTC_CNTG_VRSS_SIGN","ANTC_CNTG_PRDY_CTRT","ACML_VOL","TOTAL_ASKP_RSQN_ICDC","TOTAL_BIDP_RSQN_ICDC","OVTM_TOTAL_ASKP_ICDC","OVTM_TOTAL_BIDP_ICDC","STCK_DEAL_CLS_CODE","KMID_PRC","KMID_TOTAL_RSQN","KMID_CLS_CODE","NMID_PRC","NMID_TOTAL_RSQN","NMID_CLS_CODE"
"080000","0000","0","1460000","1713000","1846000","0","0","0","0","0","0","0","1420000","1008000","999000","0","0","0","0","0","0","0","18","1","26","0","0","0","0","0","0","0","10","1","2000","0","0","0","0","0","0","0","45","2011","0","0","0","0","0","-1420000","5","-100.00","0","0","0","0","0","","0","0","0","","",""
"080000","0001","0","1421000","1434000","1435000","1445000","1450000","1454000","1460000","1463000","1468000","1470000","1420000","1360000","1350000","1303000","1008000","999000","996000","0","0","0","1","21","1","1","1","4","19","66","300","1","10","5","5","1","1","2016","216","0","0","0","415","2254","0","0","0","0","0","-1420000","5","-100.00","0","370","243","0","0","","0","0","0","","",""
"080001","0000","0","1421000","1434000","1435000","1437000","1443000","1445000","1448000","1450000","1454000","1460000","1420000","1398000","1360000","1350000","1303000","1008000","999000","996000","994000","0","1","21","1","10","1","1","15","7","4","20","10","1","5","5","1","1","2016","216","1","0","81","2256","0","0","0","0","0","-1420000","5","-100.00","2","-334","2","0","0","","0","0","0","","",""
"080002","0000","0","1428000","1429000","1434000","1435000","1437000","1443000","1445000","1448000","1449000","1450000","1420000","1398000","1390000","1360000","1350000","1303000","1301000","1300000","1115000","1008000","10","81","20","1","11","1","177","15","2","7","10","1","2","5","5","1","1","1","2","1","325","29","0","0","0","0","0","-1420000","5","-100.00","2","244","-2227","0","0","","0","0","0","","",""
"080002","0001","0","1428000","1429000","1431000","1434000","1435000","1437000","1443000","1445000","1448000","1449000","1420000","1403000","1401000","1398000","1390000","1380000","1370000","1360000","1352000","1350000","8","81","30","20","1","11","1","177","15","2","10","5","1","1","3","1","1","6","800","6","346","834","0","0","0","0","0","-1420000","5","-100.00","4","21","805","0","0","","0","0","0","","",""
"080003","0000","0","1428000","1429000","1431000","1434000","1435000","1437000","1443000","1445000","1448000","1449000","1420000","1408000","1403000","1401000","1398000","1393000","1390000","1380000","1370000","1360000","5","81","30","20","1","11","1","177","15","2","10","3","5","1","1","2","3","1","1","6","343","33","0","0","0","0","0","-1420000","5","-100.00","7","-3","-801","0","0","","0","0","0","","",""
"080003","0001","0","1428000","1429000","1431000","1434000","1435000","1437000","1443000","1445000","1448000","1449000","1420000","1409000","1408000","1403000","1402000","1401000","1398000","1393000","1390000","1380000","4","81","30","20","1","11","1","177","15","2","10","12","3","5","1","1","1","2","3","1","342","39","0","0","0","0","0","-1420000","5","-100.00","8","-1","6","0","0","","0","0","0","","",""
"080004","0000","0","1428000","1429000","1431000","1434000","1435000","1437000","1443000","1445000","1446000","1448000","1420000","1409000","1408000","1403000","1402000","1401000","1400000","1398000","1393000","1390000","3","81","30","20","1","11","1","177","100","15","10","12","3","5","1","1","5","1","2","3","439","43","0","0","0","0","0","-1420000","5","-100.00","9","97","4","0","0","","0","0","0","","",""
"080004","0001","0","1428000","1429000","1431000","1434000","1435000","1437000","1443000","1445000","1446000","1448000","1421000","1420000","1409000","1408000","1403000","1402000","1401000","1400000","1398000","1393000","2","81","30","20","1","11","1","177","100","15","1","10","12","3","5","1","8","5","2","2","438","49","0","0","0","0","0","-1420000","5","-100.00","10","-1","6","0","0","","0","0","0","","",""
"080005","0000","0","1429000","1431000","1434000","1435000","1437000","1443000","1445000","1446000","1448000","1449000","1421000","1420000","1409000","1408000","1403000","1402000","1401000","1400000","1398000","1393000","81","30","20","1","11","1","177","100","15","2","1","10","12","3","5","1","8","5","2","2","438","49","0","0","0","0","0","-1420000","5","-100.00","12","0","0","0","0","","0","0","0","","",""
"080005","0001","0","1428000","1429000","1431000","1434000","1435000","1437000","1443000","1445000","1446000","1448000","1421000","1420000","1409000","1408000","1403000","1402000","1401000","1400000","1398000","1393000","1","81","30","20","1","11","1","177","100","15","1","12","12","3","5","1","8","5","2","2","437","51","0","0","0","0","0","-1420000","5","-100.00","13","-1","2","0","0","","0","0","0","","",""
"080005","0002","0","1429000","1431000","1434000","1435000","1437000","1443000","1445000","1446000","1448000","1449000","1421000","1420000","1409000","1408000","1403000","1402000","1401000","1400000","1398000","1397000","81","30","20","1","11","1","177","100","15","2","1","12","12","3","5","1","8","5","2","1","438","50","0","0","0","0","0","-1420000","5","-100.00","14","1","-1","0","0","","0","0","0","","",""
"080006","0000","0","1428000","1429000","1431000","1434000","1435000","1437000","1443000","1445000","1446000","1448000","1421000","1420000","1409000","1408000","1404000","1403000","1402000","1401000","1400000","1398000","21","81","30","20","1","11","1","177","100","15","1","12","12","3","2","5","1","8","8","2","457","54","0","0","0","0","0","-1420000","5","-100.00","14","19","4","0","0","","0","0","0","","",""
"080006","0001","0","1428000","1429000","1431000","1434000","1435000","1437000","1440000","1443000","1445000","1446000","1421000","1420000","1409000","1408000","1404000","1403000","1402000","1401000","1400000","1398000","20","81","30","20","1","11","3","1","177","100","1","19","12","3","2","5","1","8","8","2","444","61","0","0","0","0","0","-1420000","5","-100.00","16","-13","7","0","0","","0","0","0","","",""
"080007","0000","0","1428000","1429000","1431000","1434000","1435000","1437000","1440000","1443000","1445000","1446000","1409000","1408000","1404000","1403000","1402000","1401000","1400000","1398000","1397000","1393000","60","81","30","20","1","11","3","1","177","100","3","3","2","5","1","8","8","2","1","2","484","35","0","0","0","0","0","-1420000","5","-100.00","45","40","-26","0","0","","0","0","0","","",""
"080007","0001","0","1427000","1428000","1429000","1431000","1434000","1435000","1437000","1440000","1443000","1445000","1410000","1409000","1408000","1404000","1403000","1402000","1401000","1400000","1398000","1397000","9","60","81","30","20","26","11","3","2","177","1","3","3","2","5","1","8","8","2","1","419","34","0","0","0","0","0","-1420000","5","-100.00","45","-65","-1","0","0","","0","0","0","","",""
"080008","0000","0","1427000","1428000","1429000","1431000","1434000","1435000","1437000","1440000","1443000","1445000","1410000","1409000","1408000","1404000","1403000","1402000","1401000","1400000","1398000","1397000","9","60","81","30","20","26","11","3","2","178","1","3","3","2","5","1","8","8","2","1","420","34","0","0","0","0","0","-1420000","5","-100.00","45","1","0","0","0","","0","0","0","","",""
"080008","0001","0","1427000","1428000","1429000","1431000","1434000","1435000","1437000","1440000","1443000","1445000","1410000","1409000","1408000","1404000","1403000","1402000","1401000","1400000","1398000","1397000","9","60","81","30","20","26","11","3","2","192","1","3","3","2","5","1","8","8","2","1","434","34","0","0","0","0","0","-1420000","5","-100.00","45","14","0","0","0","","0","0","0","","",""
"080009","0000","0","1427000","1428000","1429000","1431000","1434000","1435000","1437000","1440000","1443000","1445000","1410000","1409000","1408000","1404000","1403000","1402000","1401000","1400000","1398000","1397000","9","60","81","30","20","26","11","3","2","192","1","3","3","2","5","1","8","10","2","1","434","36","0","0","0","0","0","-1420000","5","-100.00","45","0","2","0","0","","0","0","0","","",""
"080009","0001","0","1427000","1428000","1429000","1431000","1434000","1435000","1437000","1440000","1443000","1445000","1410000","1409000","1408000","1405000","1404000","1403000","1402000","1401000","1400000","1398000","9","60","81","30","20","26","11","3","2","192","1","3","3","2","2","5","1","8","13","2","434","40","0","0","0","0","0","-1420000","5","-100.00","45","0","4","0","0","","0","0","0","","",""
"080010","0000","0","1426000","1427000","1428000","1429000","1431000","1434000","1435000","1437000","1440000","1443000","1408000","1405000","1404000","1403000","1402000","1401000","1400000","1398000","1397000","1395000","1","12","60","81","30","20","26","11","3","2","3","2","2","5","1","8","13","2","1","1","246","38","0","0","0","0","0","-1420000","5","-100.00","50","-188","-2","0","0","","0","0","0","","",""
"080010","0001","0","1426000","1427000","1428000","1429000","1431000","1434000","1435000","1437000","1440000","1443000","1408000","1405000","1404000","1403000","1402000","1401000","1400000","1398000","1397000","1395000","2","12","60","81","30","20","26","11","3","2","3","2","2","5","1","8","13","2","2","1","247","39","0","0","0","0","0","-1420000","5","-100.00","50","1","1","0","0","","0","0","0","","",""
"080010","0002","0","1426000","1427000","1428000","1429000","1431000","1434000","1435000","1437000","1440000","1443000","1408000","1405000","1404000","1403000","1402000","1401000","1400000","1398000","1397000","1395000","2","12","60","81","30","22","26","11","3","2","3","2","2","5","1","8","13","2","2","1","249","39","0","0","0","0","0","-1420000","5","-100.00","51","2","0","0","0","","0","0","0","","",""
"080012","0000","0","1426000","1427000","1428000","1429000","1431000","1434000","1435000","1437000","1440000","1443000","1409000","1408000","1405000","1404000","1403000","1402000","1401000","1400000","1398000","1397000","2","12","63","81","30","22","26","11","3","2","1","3","2","2","5","1","8","13","2","2","252","39","0","0","0","0","0","-1420000","5","-100.00","51","3","0","0","0","","0","0","0","","",""
"080012","0001","0","1426000","1427000","1428000","1429000","1431000","1433000","1434000","1435000","1437000","1440000","1409000","1408000","1405000","1404000","1403000","1402000","1401000","1400000","1398000","1397000","2","12","63","81","30","2","22","26","11","3","1","3","2","2","5","1","8","13","2","2","252","39","0","0","0","0","0","-1420000","5","-100.00","51","0","0","0","0","","0","0","0","","",""
"080012","0002","0","1426000","1427000","1428000","1429000","1431000","1433000","1434000","1435000","1437000","1440000","1420000","1409000","1408000","1405000","1404000","1403000","1402000","1401000","1400000","1398000","2","12","63","81","30","2","22","26","11","3","1","1","3","2","2","5","1","8","13","2","252","38","0","0","0","0","0","-1420000","5","-100.00","51","0","-1","0","0","","0","0","0","","",""
"080012","0003","0","1425000","1426000","1427000","1428000","1429000","1431000","1433000","1434000","1435000","1437000","1420000","1409000","1408000","1405000","1404000","1403000","1402000","1401000","1400000","1398000","69","3","12","63","81","30","2","22","26","11","1","2","3","2","2","5","1","8","13","2","319","39","0","0","0","0","0","-1420000","5","-100.00","51","67","1","0","0","","0","0","0","","",""
"080013","0000","0","1425000","1426000","1427000","1428000","1429000","1431000","1433000","1434000","1435000","1437000","1420000","1411000","1409000","1408000","1405000","1404000","1403000","1402000","1401000","1400000","69","3","12","63","81","30","2","22","26","11","1","1","2","3","2","2","5","1","8","13","319","38","0","0","0","0","0","-1420000","5","-100.00","51","0","-1","0","0","","0","0","0","","",""
"080014","0000","0","1425000","1426000","1427000","1428000","1429000","1431000","1433000","1434000","1435000","1437000","1420000","1411000","1409000","1408000","1405000","1404000","1403000","1402000","1401000","1400000","69","3","12","64","81","30","2","22","26","11","1","1","2","3","2","2","5","1","8","13","320","38","0","0","0","0","0","-1420000","5","-100.00","51","1","0","0","0","","0","0","0","","",""
"080014","0001","0","1425000","1426000","1427000","1428000","1429000","1430000","1431000","1433000","1434000","1435000","1420000","1409000","1408000","1407000","1405000","1404000","1403000","1402000","1401000","1400000","69","3","12","64","81","8","30","2","22","26","1","2","3","1","2","2","5","1","8","13","317","38","0","0","0","0","0","-1420000","5","-100.00","51","-3","0","0","0","","0","0","0","","",""
"080015","0000","0","1425000","1426000","1427000","1428000","1429000","1430000","1431000","1433000","1434000","1435000","1420000","1410000","1409000","1408000","1407000","1405000","1404000","1403000","1402000","1401000","69","3","12","64","81","8","30","2","22","26","1","1","2","3","1","2","2","5","1","8","317","26","0","0","0","0","0","-1420000","5","-100.00","51","0","-12","0","0","","0","0","0","","",""
"080015","0001","0","1425000","1426000","1427000","1428000","1429000","1430000","1431000","1433000","1434000","1435000","1410000","1409000","1408000","1407000","1405000","1404000","1403000","1402000","1401000","1400000","69","3","12","64","81","8","30","3","22","26","1","2","3","1","2","2","5","1","8","13","318","38","0","0","0","0","0","-1420000","5","-100.00","52","1","12","0","0","","0","0","0","","",""
"080015","0002","0","1425000","1426000","1427000","1428000","1429000","1430000","1431000","1433000","1434000","1435000","1409000","1408000","1407000","1405000","1404000","1403000","1402000","1401000","1400000","1398000","69","3","12","64","81","8","30","3","22","26","2","3","1","2","2","5","1","8","13","2","318","39","0","0","0","0","0","-1420000","5","-100.00","77","0","1","0","0","","0","0","0","","",""
"080016","0000","0","1425000","1426000","1427000","1428000","1429000","1430000","1431000","1433000","1434000","1435000","1409000","1408000","1407000","1405000","1404000","1403000","1402000","1401000","1400000","1398000","69","3","12","64","81","8","30","3","22","26","2","4","1","2","2","5","1","8","13","2","318","40","0","0","0","0","0","-1420000","5","-100.00","77","0","1","0","0","","0","0","0","","",""
"080016","0001","0","1425000","1426000","1427000","1428000","1429000","1430000","1431000","1433000","1434000","1435000","1409000","1408000","1407000","1405000","1404000","1403000","1402000","1401000","1400000","1398000","69","3","12","64","81","8","30","4","22","26","2","4","1","2","2","5","1","8","13","2","319","40","0","0","0","0","0","-1420000","5","-100.00","77","1","0","0","0","","0","0","0","","",""
"080017","0000","0","1425000","1426000","1427000","1428000","1429000","1430000","1431000","1433000","1434000","1435000","1409000","1408000","1407000","1405000","1404000","1403000","1402000","1401000","1400000","1398000","69","3","12","64","81","8","30","4","22","26","2","4","1","2","2","5","1","8","13","2","319","40","0","0","0","0","0","-1420000","5","-100.00","84","0","0","0","0","","0","0","0","","",""
"080017","0001","0","1424000","1425000","1426000","1427000","1428000","1429000","1430000","1431000","1433000","1434000","1409000","1408000","1407000","1405000","1404000","1403000","1402000","1401000","1400000","1398000","1","69","3","12","64","81","8","31","4","22","2","4","1","2","2","5","1","8","13","7","295","45","0","0","0","0","0","-1420000","5","-100.00","84","-24","5","0","0","","0","0","0","","",""
"080017","0002","0","1425000","1426000","1427000","1428000","1429000","1430000","1431000","1433000","1434000","1435000","1409000","1408000","1407000","1405000","1404000","1403000","1402000","1401000","1400000","1398000","68","3","12","64","82","9","31","34","22","26","2","4","1","3","2","7","1","8","13","7","351","48","0","0","0","0","0","-1420000","5","-100.00","86","56","3","0","0","","0","0","0","","",""
"080018","0000","0","1425000","1426000","1427000","1428000","1429000","1430000","1431000","1433000","1434000","1435000","1409000","1408000","1407000","1405000","1404000","1403000","1402000","1401000","1400000","1398000","68","3","12","64","82","9","31","34","22","26","2","4","1","3","2","7","1","8","13","7","351","48","0","0","0","0","0","-1420000","5","-100.00","86","0","0","0","0","","0","0","0","","",""
"080018","0001","0","1424000","1425000","1426000","1427000","1428000","1429000","1430000","1431000","1433000","1434000","1409000","1408000","1407000","1405000","1404000","1403000","1402000","1401000","1400000","1398000","1","68","2","12","64","82","9","31","34","22","2","4","1","3","2","7","1","8","13","7","325","48","0","0","0","0","0","-1420000","5","-100.00","86","-26","0","0","0","","0","0","0","","",""
"080019","0000","0","1424000","1425000","1426000","1427000","1428000","1429000","1430000","1431000","1433000","1434000","1409000","1408000","1407000","1405000","1404000","1403000","1402000","1401000","1400000","1398000","3","68","2","12","64","82","9","31","34","22","17","4","1","3","2","7","1","8","13","7","327","63","0","0","0","0","0","-1420000","5","-100.00","110","2","15","0","0","","0","0","0","","",""
"080019","0001","0","1424000","1425000","1426000","1427000","1428000","1429000","1430000","1431000","1433000","1434000","1417000","1410000","1409000","1408000","1407000","1405000","1404000","1403000","1402000","1401000","3","68","2","12","64","82","9","31","33","22","1","1","17","4","1","3","2","7","1","8","326","45","0","0","0","0","0","-1420000","5","-100.00","110","-1","-18","0","0","","0","0","0","","",""
"080020","0000","0","1424000","1425000","1426000","1427000","1428000","1429000","1430000","1431000","1433000","1434000","1417000","1410000","1409000","1408000","1407000","1405000","1404000","1403000","1402000","1401000","3","68","2","12","64","82","9","31","33","22","1","1","27","4","1","3","2","7","1","8","326","55","0","0","0","0","0","-1420000","5","-100.00","112","0","10","0","0","","0","0","0","","",""
"080020","0001","0","1424000","1425000","1426000","1427000","1428000","1429000","1430000","1431000","1433000","1434000","1417000","1411000","1410000","1409000","1408000","1407000","1405000","1404000","1403000","1402000","73","68","2","12","64","82","9","31","33","22","1","1","1","27","4","1","3","2","9","2","396","51","0","0","0","0","0","-1420000","5","-100.00","112","70","-4","0","0","","0","0","0","","",""
"080020","0002","0","1424000","1425000","1426000","1427000","1428000","1429000","1430000","1431000","1433000","1434000","1417000","1411000","1410000","1409000","1408000","1407000","1405000","1404000","1403000","1402000","73","68","2","12","64","82","9","31","34","23","1","1","1","27","4","2","3","2","10","2","398","53","0","0","0","0","0","-1420000","5","-100.00","112","2","2","0","0","","0","0","0","","",""
"080021","0000","0","1423000","1424000","1425000","1426000","1427000","1428000","1429000","1430000","1431000","1433000","1417000","1411000","1410000","1409000","1408000","1407000","1405000","1404000","1403000","1402000","1","73","68","2","12","64","82","9","31","34","1","1","1","27","4","2","3","2","10","2","376","53","0","0","0","0","0","-1420000","5","-100.00","112","-22","0","0","0","","0","0","0","","",""
"080022","0000","0","1423000","1424000","1425000","1426000","1427000","1428000","1429000","1430000","1431000","1433000","1417000","1411000","1410000","1409000","1408000","1407000","1405000","1404000","1403000","1402000","1","73","68","2","12","64","82","9","31","34","1","1","2","27","4","2","3","2","10","2","376","54","0","0","0","0","0","-1420000","5","-100.00","112","0","1","0","0","","0","0","0","","",""
"080022","0001","0","1423000","1424000","1425000","1426000","1427000","1428000","1429000","1430000","1431000","1433000","1417000","1411000","1410000","1409000","1408000","1407000","1405000","1404000","1403000","1402000","1","73","68","2","12","64","82","9","31","34","1","1","34","27","4","2","3","2","10","2","376","86","0","0","0","0","0","-1420000","5","-100.00","112","0","32","0","0","","0","0","0","","",""
"080022","0002","0","1423000","1424000","1425000","1426000","1427000","1428000","1429000","1430000","1431000","1433000","1417000","1411000","1410000","1409000","1408000","1407000","1405000","1404000","1403000","1402000","1","73","68","2","12","64","82","11","31","34","1","1","34","27","4","2","3","2","10","2","378","86","0","0","0","0","0","-1420000","5","-100.00","112","2","0","0","0","","0","0","0","","",""
"080023","0000","0","1423000","1424000","1425000","1426000","1427000","1428000","1429000","1430000","1431000","1433000","1417000","1411000","1410000","1409000","1408000","1407000","1405000","1404000","1403000","1402000","5","73","68","2","12","64","82","11","31","34","1","1","34","27","4","2","3","2","10","2","382","86","0","0","0","0","0","-1420000","5","-100.00","112","4","0","0","0","","0","0","0","","",""
"080023","0001","0","1423000","1424000","1425000","1426000","1427000","1428000","1429000","1430000","1431000","1433000","1417000","1411000","1410000","1409000","1408000","1407000","1405000","1404000","1403000","1402000","3","73","68","2","12","64","82","17","31","34","1","1","41","27","4","2","3","2","10","2","386","93","0","0","0","0","0","-1420000","5","-100.00","114","4","7","0","0","","0","0","0","","",""
"080024","0000","0","1422000","1423000","1424000","1425000","1426000","1427000","1428000","1429000","1430000","1431000","1411000","1410000","1409000","1408000","1407000","1405000","1404000","1403000","1402000","1401000","10","3","71","68","2","12","64","82","17","31","1","41","29","4","2","3","2","10","2","8","360","102","0","0","0","0","0","-1420000","5","-100.00","115","-26","9","0","0","","0","0","0","","",""
"080024","0001","0","1422000","1423000","1424000","1425000","1426000","1427000","1428000","1429000","1430000","1431000","1411000","1410000","1409000","1408000","1407000","1405000","1404000","1403000","1402000","1401000","50","4","71","68","2","12","24","82","17","31","1","41","29","4","2","3","2","10","2","9","361","103","0","0","0","0","0","-1420000","5","-100.00","115","1","1","0","0","","0","0","0","","",""
"080024","0002","0","1422000","1423000","1424000","1425000","1426000","1427000","1428000","1429000","1430000","1431000","1417000","1411000","1410000","1409000","1408000","1407000","1405000","1404000","1403000","1402000","50","4","71","68","2","12","24","82","17","31","1","1","41","38","4","2","3","2","10","2","361","104","0","0","0","0","0","-1420000","5","-100.00","115","0","1","0","0","","0","0","0","","",""
"080024","0003","0","1422000","1423000","1424000","1425000","1426000","1427000","1428000","1429000","1430000","1431000","1417000","1411000","1410000","1409000","1408000","1407000","1405000","1404000","1403000","1402000","50","6","71","68","2","12","24","82","17","31","1","1","41","40","4","2","3","2","10","2","363","106","0","0","0","0","0","-1420000","5","-100.00","115","2","2","0","0","","0","0","0","","",""
"080025","0000","0","1422000","1423000","1424000","1425000","1426000","1427000","1428000","1429000","1430000","1431000","1417000","1411000","1410000","1409000","1408000","1407000","1406000","1405000","1404000","1403000","50","6","71","68","2","12","24","82","17","31","1","1","41","43","4","2","1","3","2","10","363","108","0","0","0","0","0","-1420000","5","-100.00","115","0","2","0","0","","0","0","0","","",""
"080026","0000","0","1422000","1423000","1424000","1425000","1426000","1427000","1428000","1429000","1430000","1431000","1417000","1411000","1410000","1409000","1408000","1407000","1406000","1405000","1404000","1403000","50","7","70","68","2","12","24","82","17","31","1","1","41","43","4","2","1","3","2","11","363","109","0","0","0","0","0","-1420000","5","-100.00","115","0","1","0","0","","0","0","0","","",""
"080027","0000","0","1422000","1423000","1424000","1425000","1426000","1427000","1428000","1429000","1430000","1431000","1417000","1411000","1410000","1409000","1408000","1407000","1406000","1405000","1404000","1403000","53","7","70","68","2","12","24","82","17","31","1","1","41","43","4","2","1","3","2","11","366","109","0","0","0","0","0","-1420000","5","-100.00","115","3","0","0","0","","0","0","0","","",""
"080027","0001","0","1422000","1423000","1424000","1425000","1426000","1427000","1428000","1429000","1430000","1431000","1417000","1411000","1410000","1409000","1408000","1407000","1406000","1405000","1404000","1403000","52","7","70","68","2","12","24","82","17","31","1","2","41","43","4","2","1","3","2","11","365","110","0","0","0","0","0","-1420000","5","-100.00","116","-1","1","0","0","","0","0","0","","",""
"080028","0000","0","1422000","1423000","1424000","1425000","1426000","1427000","1428000","1429000","1430000","1431000","1417000","1411000","1410000","1409000","1408000","1407000","1406000","1405000","1404000","1403000","52","41","70","68","2","12","24","82","17","31","2","2","41","43","4","2","1","3","2","11","399","111","0","0","0","0","0","-1420000","5","-100.00","116","34","1","0","0","","0","0","0","","",""
"080028","0001","0","1422000","1423000","1424000","1425000","1426000","1427000","1428000","1429000","1430000","1431000","1417000","1411000","1410000","1409000","1408000","1407000","1406000","1405000","1404000","1403000","52","41","70","68","2","12","24","82","17","33","2","2","41","43","4","2","1","3","2","11","401","111","0","0","0","0","0","-1420000","5","-100.00","116","2","0","0","0","","0","0","0","","",""
"080029","0000","0","1421000","1422000","1423000","1424000","1425000","1426000","1427000","1428000","1429000","1430000","1417000","1411000","1410000","1409000","1408000","1407000","1406000","1405000","1404000","1403000","1","52","41","70","68","2","12","24","82","17","2","2","41","43","4","2","1","3","2","11","369","111","0","0","0","0","0","-1420000","5","-100.00","117","-32","0","0","0","","0","0","0","","",""
"080029","0001","0","1421000","1422000","1423000","1424000","1425000","1426000","1427000","1428000","1429000","1430000","1417000","1412000","1411000","1410000","1409000","1408000","1407000","1406000","1405000","1404000","1","52","41","70","122","2","12","24","82","17","2","1","2","41","43","4","2","1","3","2","423","101","0","0","0","0","0","-1420000","5","-100.00","117","54","-10","0","0","","0","0","0","","",""
"080030","0000","0","1421000","1422000","1423000","1424000","1425000","1426000","1427000","1428000","1429000","1430000","1417000","1412000","1411000","1410000","1409000","1408000","1407000","1406000","1405000","1404000","1","52","41","70","123","2","12","24","82","17","2","1","2","41","43","4","2","1","3","2","424","101","0","0","0","0","0","-1420000","5","-100.00","117","1","0","0","0","","0","0","0","","",""
"080030","0001","0","1421000","1422000","1423000","1424000","1425000","1426000","1427000","1428000","1429000","1430000","1417000","1412000","1411000","1410000","1409000","1408000","1407000","1406000","1405000","1404000","1","52","46","70","123","2","12","24","82","17","2","1","2","41","43","4","2","1","3","2","429","101","0","0","0","0","0","-1420000","5","-100.00","117","5","0","0","0","","0","0","0","","",""
"080030","0002","0","1421000","1422000","1423000","1424000","1425000","1426000","1427000","1428000","1429000","1430000","1417000","1412000","1411000","1410000","1409000","1408000","1407000","1406000","1405000","1404000","1","52","46","70","123","2","12","24","82","17","2","1","2","46","43","4","2","1","3","2","429","106","0","0","0","0","0","-1420000","5","-100.00","117","0","5","0","0","","0","0","0","","",""
"080031","0000","0","1421000","1422000","1423000","1424000","1425000","1426000","1427000","1428000","1429000","1430000","1417000","1412000","1411000","1410000","1409000","1408000","1407000","1406000","1405000","1404000","1","52","46","70","123","2","12","24","82","17","2","1","2","44","43","4","2","1","3","2","429","104","0","0","0","0","0","-1420000","5","-100.00","117","0","-2","0","0","","0","0","0","","",""
"080032","0000","0","1421000","1422000","1423000","1424000","1425000","1426000","1427000","1428000","1429000","1430000","1417000","1412000","1411000","1410000","1409000","1408000","1407000","1406000","1405000","1404000","1","52","46","70","123","2","12","24","82","17","2","1","2","44","44","4","2","1","3","2","429","105","0","0","0","0","0","-1420000","5","-100.00","117","0","1","0","0","","0","0","0","","",""
"080032","0001","0","1421000","1422000","1423000","1424000","1425000","1426000","1427000","1428000","1429000","1430000","1417000","1412000","1411000","1410000","1409000","1408000","1407000","1406000","1405000","1404000","5","52","46","70","123","2","12","24","82","17","2","1","2","44","44","4","2","1","3","2","433","105","0","0","0","0","0","-1420000","5","-100.00","117","4","0","0","0","","0","0","0","","",""
"080032","0002","0","1421000","1422000","1423000","1424000","1425000","1426000","1427000","1428000","1429000","1430000","1417000","1412000","1411000","1410000","1409000","1408000","1407000","1406000","1405000","1404000","10","52","46","70","123","2","12","24","82","17","5","1","2","12","43","4","2","1","3","2","438","75","0","0","0","0","0","-1420000","5","-100.00","117","5","-30","0","0","","0","0","0","","",""
"080032","0003","0","1421000","1422000","1423000","1424000","1425000","1426000","1427000","1428000","1429000","1430000","1417000","1412000","1411000","1410000","1409000","1408000","1407000","1406000","1405000","1404000","10","52","46","70","123","2","12","24","82","17","5","1","2","12","43","3","2","1","3","2","438","74","0","0","0","0","0","-1420000","5","-100.00","117","0","-1","0","0","","0","0","0","","",""
"080033","0000","0","1421000","1422000","1423000","1424000","1425000","1426000","1427000","1428000","1429000","1430000","1418000","1417000","1412000","1411000","1410000","1409000","1408000","1407000","1406000","1405000","10","52","46","70","123","2","12","24","82","17","1","5","1","2","12","43","3","2","1","3","438","73","0","0","0","0","0","-1420000","5","-100.00","117","0","-1","0","0","","0","0","0","","",""
"080033","0001","0","1421000","1422000","1423000","1424000","1425000","1426000","1427000","1428000","1429000","1430000","1418000","1417000","1412000","1411000","1410000","1409000","1408000","1407000","1406000","1405000","10","52","47","70","123","2","12","24","82","17","1","5","1","29","13","43","3","2","1","3","439","101","0","0","0","0","0","-1420000","5","-100.00","117","1","28","0","0","","0","0","0","","",""
"080034","0000","0","1421000","1422000","1423000","1424000","1425000","1426000","1427000","1428000","1429000","1430000","1418000","1417000","1412000","1411000","1410000","1409000","1408000","1407000","1406000","1405000","10","52","47","70","123","2","12","24","82","17","1","5","1","39","13","33","3","2","1","3","439","101","0","0","0","0","0","-1420000","5","-100.00","117","0","0","0","0","","0","0","0","","",""
"080034","0001","0","1421000","1422000","1423000","1424000","1425000","1426000","1427000","1428000","1429000","1430000","1418000","1417000","1412000","1411000","1410000","1409000","1408000","1407000","1406000","1405000","10","52","47","70","123","2","12","24","82","17","1","5","1","39","13","35","3","2","1","3","439","103","0","0","0","0","0","-1420000","5","-100.00","117","0","2","0","0","","0","0","0","","",""
"080034","0002","0","1421000","1422000","1423000","1424000","1425000","1426000","1427000","1428000","1429000","1430000","1418000","1417000","1412000","1411000","1410000","1409000","1408000","1407000","1406000","1405000","11","52","47","70","123","2","12","24","83","17","1","5","1","39","13","35","3","2","1","3","441","103","0","0","0","0","0","-1420000","5","-100.00","117","2","0","0","0","","0","0","0","","",""
"080034","0003","0","1421000","1422000","1423000","1424000","1425000","1426000","1427000","1428000","1429000","1430000","1418000","1417000","1412000","1411000","1410000","1409000","1408000","1407000","1406000","1405000","11","52","47","128","125","2","12","24","83","17","1","5","1","39","13","35","3","2","1","3","501","103","0","0","0","0","0","-1420000","5","-100.00","117","60","0","0","0","","0","0","0","","",""
"080035","0000","0","1421000","1422000","1423000","1424000","1425000","1426000","1427000","1428000","1429000","1430000","1418000","1417000","1412000","1411000","1410000","1409000","1408000","1407000","1406000","1405000","11","52","47","128","126","2","12","24","83","17","2","5","1","39","13","35","3","2","1","3","502","104","0","0","0","0","0","-1420000","5","-100.00","117","1","1","0","0","","0","0","0","","",""
"080035","0001","0","1421000","1422000","1423000","1424000","1425000","1426000","1427000","1428000","1429000","1430000","1418000","1417000","1412000","1411000","1410000","1409000","1408000","1407000","1406000","1405000","11","52","47","128","126","2","12","24","83","17","1","26","1","39","13","35","3","2","1","3","502","124","0","0","0","0","0","-1420000","5","-100.00","119","0","20","0","0","","0","0","0","","",""
"080035","0002","0","1421000","1422000","1423000","1424000","1425000","1426000","1427000","1428000","1429000","1430000","1418000","1417000","1412000","1411000","1410000","1409000","1408000","1407000","1406000","1405000","11","52","47","128","126","2","12","24","83","17","1","26","1","39","13","35","3","2","1","4","502","125","0","0","0","0","0","-1420000","5","-100.00","119","0","1","0","0","","0","0","0","","",""
"080036","0000","0","1417000","1421000","1422000","1423000","1424000","1425000","1426000","1427000","1428000","1429000","1411000","1410000","1409000","1408000","1407000","1406000","1405000","1404000","1403000","1402000","24","9","52","47","128","126","2","12","24","83","39","13","35","50","13","1","4","2","13","2","507","172","0","0","0","0","0","-1420000","5","-100.00","146","5","47","0","0","","0","0","0","","",""
"080037","0000","0","1421000","1422000","1423000","1424000","1425000","1426000","1427000","1428000","1429000","1430000","1412000","1411000","1410000","1409000","1408000","1407000","1406000","1405000","1404000","1403000","9","52","47","128","126","2","12","24","83","17","7","39","13","35","50","13","1","4","2","13","500","177","0","0","0","0","0","-1420000","5","-100.00","170","-7","5","0","0","","0","0","0","","",""
"080037","0001","0","1421000","1422000","1423000","1424000","1425000","1426000","1427000","1428000","1429000","1430000","1412000","1411000","1410000","1409000","1408000","1407000","1406000","1405000","1404000","1403000","118","52","47","128","126","2","12","24","83","17","7","39","13","35","50","13","1","4","2","13","609","177","0","0","0","0","0","-1420000","5","-100.00","170","109","0","0","0","","0","0","0","","",""
"080037","0002","0","1421000","1422000","1423000","1424000","1425000","1426000","1427000","1428000","1429000","1430000","1417000","1412000","1411000","1410000","1409000","1408000","1407000","1406000","1405000","1404000","118","52","47","128","126","2","12","24","83","17","1","7","39","13","35","50","13","1","4","2","609","165","0","0","0","0","0","-1420000","5","-100.00","171","0","-12","0","0","","0","0","0","","",""
"080038","0000","0","1418000","1421000","1422000","1423000","1424000","1425000","1426000","1427000","1428000","1429000","1412000","1411000","1410000","1409000","1408000","1407000","1406000","1405000","1404000","1403000","1","118","52","47","129","126","3","12","24","83","7","39","13","35","50","13","1","4","2","13","595","177","0","0","0","0","0","-1420000","5","-100.00","172","-14","12","0","0","","0","0","0","","",""
"080038","0001","0","1418000","1421000","1422000","1423000","1424000","1425000","1426000","1427000","1428000","1429000","1412000","1411000","1410000","1409000","1408000","1407000","1406000","1405000","1404000","1403000","1","118","52","47","129","126","3","12","24","83","7","38","13","35","50","13","1","4","2","13","595","176","0","0","0","0","0","-1420000","5","-100.00","172","0","-1","0","0","","0","0","0","","",""
"080038","0002","0","1418000","1421000","1422000","1423000","1424000","1425000","1426000","1427000","1428000","1429000","1412000","1411000","1410000","1409000","1408000","1407000","1406000","1405000","1404000","1403000","1","118","52","47","129","126","3","12","33","83","7","38","13","35","50","13","1","4","2","13","604","176","0","0","0","0","0","-1420000","5","-100.00","172","9","0","0","0","","0","0","0","","",""
"080040","0000","0","1418000","1421000","1422000","1423000","1424000","1425000","1426000","1427000","1428000","1429000","1412000","1411000","1410000","1409000","1408000","1407000","1406000","1405000","1404000","1403000","1","117","52","47","129","126","3","12","33","83","7","38","13","35","50","13","1","4","2","13","603","176","0","0","0","0","0","-1420000","5","-100.00","173","-1","0","0","0","","0","0","0","","",""
"080041","0000","0","1418000","1421000","1422000","1423000","1424000","1425000","1426000","1427000","1428000","1429000","1412000","1411000","1410000","1409000","1408000","1407000","1406000","1405000","1404000","1403000","1","117","52","47","129","126","3","12","30","83","7","38","13","35","50","13","1","4","2","13","600","176","0","0","0","0","0","-1420000","5","-100.00","173","-3","0","0","0","","0","0","0","","",""
"080041","0001","0","1418000","1421000","1422000","1423000","1424000","1425000","1426000","1427000","1428000","1429000","1415000","1412000","1411000","1410000","1409000","1408000","1407000","1406000","1405000","1404000","1","117","53","47","129","126","3","12","30","83","1","7","51","13","35","50","13","1","4","2","601","177","0","0","0","0","0","-1420000","5","-100.00","173","1","1","0","0","","0","0","0","","",""
"080042","0000","0","1418000","1421000","1422000","1423000","1424000","1425000","1426000","1427000","1428000","1429000","1415000","1413000","1412000","1411000","1410000","1409000","1408000","1407000","1406000","1405000","1","117","53","47","129","126","3","12","30","83","1","1","7","51","13","35","50","13","1","4","601","176","0","0","0","0","0","-1420000","5","-100.00","173","0","-1","0","0","","0","0","0","","",""
"080042","0001","0","1418000","1421000","1422000","1423000","1424000","1425000","1426000","1427000","1428000","1429000","1412000","1411000","1410000","1409000","1408000","1407000","1406000","1405000","1404000","1403000","1","117","53","47","129","126","3","12","30","83","9","51","13","35","50","13","1","4","2","13","601","191","0","0","0","0","0","-1420000","5","-100.00","197","0","15","0","0","","0","0","0","","",""
"080043","0000","0","1418000","1421000","1422000","1423000","1424000","1425000","1426000","1427000","1428000","1429000","1412000","1411000","1410000","1409000","1408000","1407000","1406000","1405000","1404000","1403000","1","117","53","51","129","126","3","12","30","83","9","51","13","35","50","13","1","4","2","13","605","191","0","0","0","0","0","-1420000","5","-100.00","197","4","0","0","0","","0","0","0","","",""
"080043","0001","0","1418000","1421000","1422000","1423000","1424000","1425000","1426000","1427000","1428000","1429000","1412000","1411000","1410000","1409000","1408000","1407000","1406000","1405000","1404000","1403000","1","117","53","51","132","126","3","12","30","83","9","51","13","35","50","13","1","4","2","13","608","191","0","0","0","0","0","-1420000","5","-100.00","197","3","0","0","0","","0","0","0","","",""
"080043","0002","0","1418000","1421000","1422000","1423000","1424000","1425000","1426000","1427000","1428000","1429000","1412000","1411000","1410000","1409000","1408000","1407000","1406000","1405000","1404000","1403000","1","117","53","51","132","126","3","12","30","83","6","56","13","35","50","13","1","4","2","13","608","193","0","0","0","0","0","-1420000","5","-100.00","203","0","2","0","0","","0","0","0","","",""
"080044","0000","0","1418000","1421000","1422000","1423000","1424000","1425000","1426000","1427000","1428000","1429000","1412000","1411000","1410000","1409000","1408000","1407000","1406000","1405000","1404000","1403000","1","117","53","51","132","126","3","12","30","83","7","56","13","35","50","13","1","4","4","13","608","196","0","0","0","0","0","-1420000","5","-100.00","203","0","3","0","0","","0","0","0","","",""
"080044","0001","0","1417000","1418000","1421000","1422000","1423000","1424000","1425000","1426000","1427000","1428000","1412000","1411000","1410000","1409000","1408000","1407000","1406000","1405000","1404000","1403000","12","1","117","53","51","132","126","3","12","30","7","56","13","35","50","13","1","4","4","13","537","196","0","0","0","0","0","-1420000","5","-100.00","203","-71","0","0","0","","0","0","0","","",""
"080045","0000","0","1417000","1418000","1420000","1421000","1422000","1423000","1424000","1425000","1426000","1427000","1412000","1411000","1410000","1409000","1408000","1407000","1406000","1405000","1404000","1403000","12","1","1","117","53","51","132","126","3","12","7","56","13","35","51","13","1","4","4","13","508","197","0","0","0","0","0","-1420000","5","-100.00","203","-29","1","0","0","","0","0","0","","",""
"080045","0001","0","1417000","1418000","1420000","1421000","1422000","1423000","1424000","1425000","1426000","1427000","1412000","1411000","1410000","1409000","1408000","1407000","1406000","1405000","1404000","1403000","12","1","1","117","53","51","132","126","3","12","7","56","15","35","51","13","1","4","4","13","508","199","0","0","0","0","0","-1420000","5","-100.00","203","0","2","0","0","","0","0","0","","",""
"080045","0002","0","1417000","1418000","1420000","1421000","1422000","1423000","1424000","1425000","1426000","1427000","1412000","1411000","1410000","1409000","1408000","1407000","1406000","1405000","1404000","1403000","12","1","1","117","53","51","132","126","3","12","6","56","15","35","51","13","1","4","4","13","508","198","0","0","0","0","0","-1420000","5","-100.00","203","0","-1","0","0","","0","0","0","","",""
"080046","0000","0","1417000","1418000","1420000","1421000","1422000","1423000","1424000","1425000","1426000","1427000","1411000","1410000","1409000","1408000","1407000","1406000","1405000","1404000","1403000","1402000","12","1","1","117","53","51","132","126","3","12","56","16","35","51","13","1","4","4","13","2","508","195","0","0","0","0","0","-1420000","5","-100.00","228","0","-3","0","0","","0","0","0","","",""
"080046","0001","0","1415000","1417000","1418000","1420000","1421000","1422000","1423000","1424000","1425000","1426000","1411000","1410000","1409000","1408000","1407000","1406000","1405000","1404000","1403000","1402000","30","12","1","1","117","53","51","132","126","3","56","16","35","51","13","1","4","4","13","2","526","195","0","0","0","0","0","-1420000","5","-100.00","228","18","0","0","0","","0","0","0","","",""
"080046","0002","0","1415000","1417000","1418000","1420000","1421000","1422000","1423000","1424000","1425000","1426000","1411000","1410000","1409000","1408000","1407000","1406000","1405000","1404000","1403000","1402000","25","12","1","1","117","53","51","132","126","3","57","18","35","51","13","1","4","4","13","2","521","198","0","0","0","0","0","-1420000","5","-100.00","233","-5","3","0","0","","0","0","0","","",""
"080047","0000","0","1415000","1417000","1418000","1420000","1421000","1422000","1423000","1424000","1425000","1426000","1411000","1410000","1409000","1408000","1407000","1406000","1405000","1404000","1403000","1402000","25","12","1","5","113","53","51","132","126","3","59","18","35","51","13","1","4","4","13","2","521","200","0","0","0","0","0","-1420000","5","-100.00","233","0","2","0","0","","0","0","0","","",""
"080047","0001","0","1415000","1417000","1418000","1420000","1421000","1422000","1423000","1424000","1425000","1426000","1411000","1410000","1409000","1408000","1407000","1406000","1405000","1404000","1403000","1402000","25","12","1","5","113","53","51","132","126","3","59","18","35","51","13","1","4","4","13","2","521","200","0","0","0","0","0","-1420000","5","-100.00","233","0","0","0","0","","0","0","0","","",""
"080048","0000","0","1415000","1417000","1418000","1420000","1421000","1422000","1423000","1424000","1425000","1426000","1412000","1411000","1410000","1409000","1408000","1407000","1406000","1405000","1404000","1403000","25","12","1","5","113","53","51","132","126","3","4","59","18","35","51","13","1","4","4","13","521","202","0","0","0","0","0","-1420000","5","-100.00","233","0","2","0","0","","0","0","0","","",""
"080048","0001","0","1415000","1417000","1418000","1420000","1421000","1422000","1423000","1424000","1425000","1426000","1412000","1411000","1410000","1409000","1408000","1407000","1406000","1405000","1404000","1403000","25","12","1","5","113","53","51","132","126","3","9","59","18","35","51","13","1","4","4","13","521","207","0","0","0","0","0","-1420000","5","-100.00","233","0","5","0","0","","0","0","0","","",""
"080048","0002","0","1415000","1417000","1418000","1420000","1421000","1422000","1423000","1424000","1425000","1426000","1412000","1411000","1410000","1409000","1408000","1407000","1406000","1405000","1404000","1403000","25","12","1","5","113","53","51","132","126","3","10","59","18","35","51","13","1","4","4","13","521","208","0","0","0","0","0","-1420000","5","-100.00","233","0","1","0","0","","0","0","0","","",""
"080049","0000","0","1412000","1415000","1417000","1418000","1420000","1421000","1422000","1423000","1424000","1425000","1411000","1410000","1409000","1408000","1407000","1406000","1405000","1404000","1403000","1402000","14","28","12","1","5","113","53","51","132","126","59","18","34","51","13","1","4","4","14","2","535","200","0","0","0","0","0","-1420000","5","-100.00","243","14","-8","0","0","","0","0","0","","",""
"080049","0001","0","1412000","1415000","1417000","1418000","1420000","1421000","1422000","1423000","1424000","1425000","1411000","1410000","1409000","1408000","1407000","1406000","1405000","1404000","1403000","1402000","13","28","12","1","5","113","53","51","132","126","59","18","34","51","13","1","4","4","14","2","534","200","0","0","0","0","0","-1420000","5","-100.00","244","-1","0","0","0","","0","0","0","","",""
"080050","0000","0","1415000","1417000","1418000","1420000","1421000","1422000","1423000","1424000","1425000","1426000","1411000","1410000","1409000","1408000","1407000","1406000","1405000","1404000","1403000","1402000","28","12","1","5","113","53","51","132","126","3","59","18","35","51","13","1","4","4","14","2","524","201","0","0","0","0","0","-1420000","5","-100.00","257","-10","1","0","0","","0","0","0","","",""
"080051","0000","0","1415000","1417000","1418000","1420000","1421000","1422000","1423000","1424000","1425000","1426000","1411000","1410000","1409000","1408000","1407000","1406000","1405000","1404000","1403000","1402000","28","12","1","5","113","53","51","132","126","3","60","18","35","51","13","1","4","4","14","2","524","202","0","0","0","0","0","-1420000","5","-100.00","257","0","1","0","0","","0","0","0","","",""
"080051","0001","0","1415000","1417000","1418000","1420000","1421000","1422000","1423000","1424000","1425000","1426000","1411000","1410000","1409000","1408000","1407000","1406000","1405000","1404000","1403000","1402000","28","12","1","5","113","53","51","132","126","3","60","18","34","51","13","1","4","4","14","2","524","201","0","0","0","0","0","-1420000","5","-100.00","257","0","-1","0","0","","0","0","0","","",""
"080051","0002","0","1415000","1417000","1418000","1420000","1421000","1422000","1423000","1424000","1425000","1426000","1412000","1411000","1410000","1409000","1408000","1407000","1406000","1405000","1404000","1403000","28","12","1","5","113","53","51","132","126","3","1","60","18","34","51","13","1","4","4","14","524","200","0","0","0","0","0","-1420000","5","-100.00","257","0","-1","0","0","","0","0","0","","",""
"080052","0000","0","1415000","1417000","1418000","1420000","1421000","1422000","1423000","1424000","1425000","1426000","1412000","1411000","1410000","1409000","1408000","1407000","1406000","1405000","1404000","1403000","27","12","1","5","113","53","51","132","126","3","1","60","19","34","51","13","1","5","4","14","523","202","0","0","0","0","0","-1420000","5","-100.00","258","-1","2","0","0","","0","0","0","","",""
"080052","0001","0","1415000","1417000","1418000","1420000","1421000","1422000","1423000","1424000","1425000","1426000","1411000","1410000","1409000","1408000","1407000","1406000","1405000","1404000","1403000","1402000","27","12","1","5","113","53","51","132","126","3","31","19","34","51","13","1","5","4","14","2","523","174","0","0","0","0","0","-1420000","5","-100.00","289","0","-28","0","0","","0","0","0","","",""
"080052","0002","0","1415000","1417000","1418000","1420000","1421000","1422000","1423000","1424000","1425000","1426000","1411000","1410000","1409000","1408000","1407000","1406000","1405000","1404000","1403000","1402000","27","12","1","5","113","53","51","132","126","3","31","19","25","51","13","1","5","4","14","2","523","165","0","0","0","0","0","-1420000","5","-100.00","289","0","-9","0","0","","0","0","0","","",""
"080053","0000","0","1412000","1415000","1417000","1418000","1420000","1421000","1422000","1423000","1424000","1425000","1411000","1410000","1409000","1408000","1407000","1406000","1405000","1404000","1403000","1402000","20","27","12","1","5","113","53","51","132","126","26","19","25","51","13","1","5","4","14","2","540","160","0","0","0","0","0","-1420000","5","-100.00","294","17","-5","0","0","","0","0","0","","",""
"080054","0000","0","1415000","1417000","1418000","1420000","1421000","1422000","1423000","1424000","1425000","1426000","1411000","1410000","1409000","1408000","1407000","1406000","1405000","1404000","1403000","1402000","27","12","1","5","113","53","51","132","126","3","37","19","26","52","13","1","5","4","14","2","523","173","0","0","0","0","0","-1420000","5","-100.00","314","-17","13","0","0","","0","0","0","","",""
"080054","0001","0","1415000","1417000","1420000","1421000","1422000","1423000","1424000","1425000","1426000","1427000","1411000","1410000","1409000","1408000","1407000","1406000","1405000","1404000","1403000","1402000","27","12","5","113","53","51","132","126","3","12","37","19","26","52","14","1","5","4","14","2","534","174","0","0","0","0","0","-1420000","5","-100.00","315","11","1","0","0","","0","0","0","","",""
"080054","0002","0","1415000","1417000","1420000","1421000","1422000","1423000","1424000","1425000","1426000","1427000","1411000","1410000","1409000","1408000","1407000","1406000","1405000","1404000","1403000","1402000","27","12","5","113","53","51","132","126","3","12","37","19","26","53","14","1","5","4","14","2","534","175","0","0","0","0","0","-1420000","5","-100.00","315","0","1","0","0","","0","0","0","","",""
"080054","0003","0","1415000","1417000","1420000","1421000","1422000","1423000","1424000","1425000","1426000","1427000","1411000","1410000","1409000","1408000","1407000","1406000","1405000","1404000","1403000","1402000","27","12","5","113","53","51","132","126","3","12","42","24","26","53","14","1","5","4","14","2","534","185","0","0","0","0","0","-1420000","5","-100.00","315","0","10","0","0","","0","0","0","","",""
"080055","0000","0","1415000","1417000","1420000","1421000","1422000","1423000","1424000","1425000","1426000","1427000","1411000","1410000","1409000","1408000","1407000","1406000","1405000","1404000","1403000","1402000","27","12","5","113","53","51","132","126","3","12","42","24","26","53","14","1","5","4","14","3","534","186","0","0","0","0","0","-1420000","5","-100.00","315","0","1","0","0","","0","0","0","","",""
"080055","0001","0","1415000","1417000","1420000","1421000","1422000","1423000","1424000","1425000","1426000","1427000","1411000","1410000","1409000","1408000","1407000","1406000","1405000","1404000","1403000","1402000","27","12","5","113","53","51","132","126","3","12","42","24","28","53","14","1","5","4","14","3","534","188","0","0","0","0","0","-1420000","5","-100.00","315","0","2","0","0","","0","0","0","","",""
"080055","0002","0","1415000","1417000","1420000","1421000","1422000","1423000","1424000","1425000","1426000","1427000","1411000","1410000","1409000","1408000","1407000","1406000","1405000","1404000","1403000","1402000","27","12","5","113","53","52","132","126","3","12","42","24","28","53","14","1","5","4","14","3","535","188","0","0","0","0","0","-1420000","5","-100.00","315","1","0","0","0","","0","0","0","","",""
"080056","0000","0","1415000","1417000","1420000","1421000","1422000","1423000","1424000","1425000","1426000","1427000","1411000","1410000","1409000","1408000","1407000","1406000","1405000","1404000","1403000","1402000","27","12","5","113","53","52","132","126","3","12","112","24","28","53","14","1","5","4","14","3","535","258","0","0","0","0","0","-1420000","5","-100.00","315","0","70","0","0","","0","0","0","","",""
"080057","0000","0","1415000","1417000","1420000","1421000","1422000","1423000","1424000","1425000","1426000","1427000","1412000","1411000","1410000","1409000","1408000","1407000","1406000","1405000","1404000","1403000","27","12","5","113","53","52","132","126","3","12","24","112","24","28","53","14","1","5","4","14","535","279","0","0","0","0","0","-1420000","5","-100.00","315","0","21","0","0","","0","0","0","","",""
"080057","0001","0","1415000","1417000","1420000","1421000","1422000","1423000","1424000","1425000","1426000","1427000","1412000","1411000","1410000","1409000","1408000","1407000","1406000","1405000","1404000","1403000","27","12","5","113","53","52","132","126","3","12","24","123","24","28","53","14","1","5","4","14","535","290","0","0","0","0","0","-1420000","5","-100.00","315","0","11","0","0","","0","0","0","","",""
"080057","0002","0","1415000","1417000","1420000","1421000","1422000","1423000","1424000","1425000","1426000","1427000","1412000","1411000","1410000","1409000","1408000","1407000","1406000","1405000","1404000","1403000","27","12","5","113","53","52","132","126","3","12","24","123","25","28","53","14","1","5","4","14","535","291","0","0","0","0","0","-1420000","5","-100.00","315","0","1","0","0","","0","0","0","","",""
"080058","0000","0","1412000","1415000","1417000","1420000","1421000","1422000","1423000","1424000","1425000","1426000","1411000","1410000","1409000","1408000","1407000","1406000","1405000","1404000","1403000","1402000","38","27","12","5","113","13","52","132","126","3","123","26","28","53","14","1","5","4","14","3","521","271","0","0","0","0","0","-1420000","5","-100.00","341","-14","-20","0","0","","0","0","0","","",""
"080058","0001","0","1415000","1417000","1420000","1421000","1422000","1423000","1424000","1425000","1426000","1427000","1412000","1411000","1410000","1409000","1408000","1407000","1406000","1405000","1404000","1403000","27","12","5","113","13","52","132","126","3","12","8","123","26","28","53","14","1","5","4","14","495","276","0","0","0","0","0","-1420000","5","-100.00","379","-26","5","0","0","","0","0","0","","",""
"080058","0002","0","1415000","1417000","1420000","1421000","1422000","1423000","1424000","1425000","1426000","1427000","1412000","1411000","1410000","1409000","1408000","1407000","1406000","1405000","1404000","1403000","27","12","5","113","13","52","132","126","3","12","9","122","26","28","53","14","1","5","4","14","495","276","0","0","0","0","0","-1420000","5","-100.00","379","0","0","0","0","","0","0","0","","",""
"080059","0000","0","1415000","1417000","1420000","1421000","1422000","1423000","1424000","1425000","1426000","1427000","1412000","1411000","1410000","1409000","1408000","1407000","1406000","1405000","1404000","1403000","27","12","5","113","13","52","132","126","3","12","9","123","26","28","53","14","1","6","4","14","495","278","0","0","0","0","0","-1420000","5","-100.00","379","0","2","0","0","","0","0","0","","",""
"080059","0001","0","1415000","1417000","1420000","1421000","1422000","1423000","1424000","1425000","1426000","1427000","1412000","1411000","1410000","1409000","1408000","1407000","1406000","1405000","1404000","1403000","27","12","5","113","13","52","132","126","3","12","29","123","26","28","53","14","1","6","4","14","495","298","0","0","0","0","0","-1420000","5","-100.00","379","0","20","0","0","","0","0","0","","",""
"080100","0000","0","1415000","1417000","1420000","1421000","1422000","1423000","1424000","1425000","1426000","1427000","1412000","1411000","1410000","1409000","1408000","1407000","1406000","1405000","1404000","1403000","27","12","5","113","13","52","132","126","3","12","29","123","36","28","53","14","1","6","4","14","495","308","0","0","0","0","0","-1420000","5","-100.00","379","0","10","0","0","","0","0","0","","",""
"080100","0001","0","1415000","1417000","1420000","1421000","1422000","1423000","1424000","1425000","1426000","1427000","1412000","1411000","1410000","1409000","1408000","1407000","1406000","1405000","1404000","1403000","27","12","5","113","13","52","132","126","3","12","29","124","36","28","53","14","1","6","4","14","495","309","0","0","0","0","0","-1420000","5","-100.00","379","0","1","0","0","","0","0","0","","",""
"080100","0002","0","1415000","1417000","1420000","1421000","1422000","1423000","1424000","1425000","1426000","1427000","1412000","1411000","1410000","1409000","1408000","1407000","1406000","1405000","1404000","1403000","27","12","5","113","13","52","132","126","3","12","29","124","36","27","53","15","1","5","4","14","495","308","0","0","0","0","0","-1420000","5","-100.00","379","0","-1","0","0","","0","0","0","","",""
"080100","0003","0","1415000","1417000","1420000","1421000","1422000","1423000","1424000","1425000","1426000","1427000","1412000","1411000","1410000","1409000","1408000","1407000","1406000","1405000","1404000","1403000","27","12","5","113","13","52","132","126","3","12","29","129","36","28","53","15","1","5","4","14","495","314","0","0","0","0","0","-1420000","5","-100.00","379","0","6","0","0","","0","0","0","","",""
"080101","0000","0","1415000","1417000","1420000","1421000","1422000","1423000","1424000","1425000","1426000","1427000","1412000","1411000","1410000","1409000","1408000","1407000","1406000","1405000","1404000","1403000","7","12","5","113","13","52","132","126","3","12","29","129","36","28","53","15","1","5","4","14","475","314","0","0","0","0","0","-1420000","5","-100.00","399","-20","0","0","0","","0","0","0","","",""
"080101","0001","0","1415000","1417000","1420000","1421000","1422000","1423000","1424000","1425000","1426000","1427000","1412000","1411000","1410000","1409000","1408000","1407000","1406000","1405000","1404000","1403000","4","12","5","113","13","52","132","126","3","12","30","129","36","29","53","15","1","5","4","14","472","316","0","0","0","0","0","-1420000","5","-100.00","399","-3","2","0","0","","0","0","0","","",""
"080101","0002","0","1415000","1417000","1420000","1421000","1422000","1423000","1424000","1425000","1426000","1427000","1412000","1411000","1410000","1409000","1408000","1407000","1406000","1405000","1404000","1403000","4","12","5","113","13","52","132","132","3","12","30","130","36","29","53","15","1","5","24","14","478","337","0","0","0","0","0","-1420000","5","-100.00","399","6","21","0","0","","0","0","0","","",""
"080102","0000","0","1415000","1417000","1420000","1421000","1422000","1423000","1424000","1425000","1426000","1427000","1412000","1411000","1410000","1409000","1408000","1407000","1406000","1405000","1404000","1403000","4","12","5","113","13","52","132","132","3","12","31","130","36","29","53","15","1","5","24","14","478","338","0","0","0","0","0","-1420000","5","-100.00","399","0","1","0","0","","0","0","0","","",""
"080102","0001","0","1415000","1417000","1420000","1421000","1422000","1423000","1424000","1425000","1426000","1427000","1412000","1411000","1410000","1409000","1408000","1407000","1406000","1405000","1404000","1403000","3","12","5","113","13","52","132","132","3","12","31","130","37","29","53","15","2","5","24","14","477","340","0","0","0","0","0","-1420000","5","-100.00","399","-1","2","0","0","","0","0","0","","",""
"080102","0002","0","1415000","1417000","1420000","1421000","1422000","1423000","1424000","1425000","1426000","1427000","1412000","1411000","1410000","1409000","1408000","1407000","1406000","1405000","1404000","1403000","28","12","5","113","13","52","132","132","3","12","27","130","37","30","53","15","2","5","24","214","502","537","0","0","0","0","0","-1420000","5","-100.00","399","25","197","0","0","","0","0","0","","",""
"080103","0000","0","1415000","1417000","1420000","1421000","1422000","1423000","1424000","1425000","1426000","1427000","1412000","1411000","1410000","1409000","1408000","1407000","1406000","1405000","1404000","1403000","3","12","5","113","13","53","132","132","3","12","4","130","37","31","53","15","2","14","24","214","478","524","0","0","0","0","0","-1420000","5","-100.00","438","-24","-13","0","0","","0","0","0","","",""
"080103","0001","0","1415000","1417000","1420000","1421000","1422000","1423000","1424000","1425000","1426000","1427000","1412000","1411000","1410000","1409000","1408000","1407000","1406000","1405000","1404000","1403000","3","12","5","116","13","53","132","132","3","12","6","130","37","31","53","15","2","14","24","214","481","526","0","0","0","0","0","-1420000","5","-100.00","438","3","2","0","0","","0","0","0","","",""
"080103","0002","0","1415000","1417000","1420000","1421000","1422000","1423000","1424000","1425000","1426000","1427000","1412000","1411000","1410000","1409000","1408000","1407000","1406000","1405000","1404000","1403000","5","12","5","116","13","53","132","132","3","12","6","130","37","31","53","15","2","14","24","214","483","526","0","0","0","0","0","-1420000","5","-100.00","438","2","0","0","0","","0","0","0","","",""
"080104","0000","0","1415000","1417000","1420000","1421000","1422000","1423000","1424000","1425000","1426000","1427000","1412000","1411000","1410000","1409000","1408000","1407000","1406000","1405000","1404000","1403000","5","12","5","116","13","53","132","132","3","12","9","131","37","31","53","15","2","14","24","214","483","530","0","0","0","0","0","-1420000","5","-100.00","438","0","4","0","0","","0","0","0","","",""
"080104","0001","0","1417000","1420000","1421000","1422000","1423000","1424000","1425000","1426000","1427000","1428000","1412000","1411000","1410000","1409000","1408000","1407000","1406000","1405000","1404000","1403000","12","5","116","13","53","132","132","3","12","33","9","141","37","31","53","16","2","14","24","215","511","542","0","0","0","0","0","-1420000","5","-100.00","443","28","12","0","0","","0","0","0","","",""
"080104","0002","0","1415000","1417000","1420000","1421000","1422000","1423000","1424000","1425000","1426000","1427000","1412000","1411000","1410000","1409000","1408000","1407000","1406000","1405000","1404000","1403000","1","12","5","116","13","53","132","132","3","12","9","141","37","31","53","16","2","14","24","215","479","542","0","0","0","0","0","-1420000","5","-100.00","443","-32","0","0","0","","0","0","0","","",""
"080105","0000","0","1415000","1417000","1420000","1421000","1422000","1423000","1424000","1425000","1426000","1427000","1412000","1411000","1410000","1409000","1408000","1407000","1406000","1405000","1404000","1403000","1","12","5","116","13","53","132","132","3","12","11","141","37","31","53","16","2","14","24","215","479","544","0","0","0","0","0","-1420000","5","-100.00","443","0","2","0","0","","0","0","0","","",""
"080105","0001","0","1415000","1417000","1420000","1421000","1422000","1423000","1424000","1425000","1426000","1427000","1412000","1411000","1410000","1409000","1408000","1407000","1406000","1405000","1404000","1403000","1","12","5","116","13","53","132","132","3","12","13","141","37","31","53","16","2","14","24","215","479","546","0","0","0","0","0","-1420000","5","-100.00","443","0","2","0","0","","0","0","0","","",""
"080105","0002","0","1415000","1417000","1420000","1421000","1422000","1423000","1424000","1425000","1426000","1427000","1412000","1411000","1410000","1409000","1408000","1407000","1406000","1405000","1404000","1403000","1","12","5","116","13","53","132","132","3","12","16","141","37","31","53","16","2","14","24","215","479","549","0","0","0","0","0","-1420000","5","-100.00","443","0","3","0","0","","0","0","0","","",""
"080105","0003","0","1414000","1415000","1417000","1420000","1421000","1422000","1423000","1424000","1425000","1426000","1412000","1411000","1410000","1409000","1408000","1407000","1406000","1405000","1404000","1403000","1","1","12","5","7","13","52","132","132","3","16","141","38","31","53","17","2","14","24","215","358","551","0","0","0","0","0","-1420000","5","-100.00","443","-121","2","0","0","","0","0","0","","",""
"080106","0000","0","1414000","1415000","1417000","1420000","1421000","1422000","1423000","1424000","1425000","1426000","1412000","1411000","1410000","1409000","1408000","1407000","1406000","1405000","1404000","1403000","1","1","12","5","7","13","52","132","132","3","16","138","38","31","53","17","2","14","24","215","358","548","0","0","0","0","0","-1420000","5","-100.00","446","0","-3","0","0","","0","0","0","","",""
"080106","0001","0","1414000","1415000","1417000","1420000","1421000","1422000","1423000","1424000","1425000","1426000","1412000","1411000","1410000","1409000","1408000","1407000","1406000","1405000","1404000","1403000","1","1","12","6","7","13","51","132","132","3","17","138","38","31","53","17","2","14","24","215","358","549","0","0","0","0","0","-1420000","5","-100.00","446","0","1","0","0","","0","0","0","","",""
"080106","0002","0","1414000","1415000","1417000","1420000","1421000","1422000","1423000","1424000","1425000","1426000","1412000","1411000","1410000","1409000","1408000","1407000","1406000","1405000","1404000","1403000","1","1","12","6","7","13","51","132","132","3","18","138","38","31","53","17","2","14","24","215","358","550","0","0","0","0","0","-1420000","5","-100.00","446","0","1","0","0","","0","0","0","","",""
"080107","0000","0","1414000","1415000","1417000","1420000","1421000","1422000","1423000","1424000","1425000","1426000","1412000","1411000","1410000","1409000","1408000","1407000","1406000","1405000","1404000","1403000","1","1","12","6","7","13","51","132","132","3","22","138","38","31","53","17","2","14","24","215","358","554","0","0","0","0","0","-1420000","5","-100.00","446","0","4","0","0","","0","0","0","","",""
"080107","0001","0","1414000","1415000","1417000","1420000","1421000","1422000","1423000","1424000","1425000","1426000","1412000","1411000","1410000","1409000","1408000","1407000","1406000","1405000","1404000","1403000","1","4","12","6","7","13","51","132","132","3","22","138","39","31","53","17","2","14","24","215","361","555","0","0","0","0","0","-1420000","5","-100.00","446","3","1","0","0","","0","0","0","","",""
"080108","0000","0","1414000","1415000","1417000","1420000","1421000","1422000","1423000","1424000","1425000","1426000","1412000","1411000","1410000","1409000","1408000","1407000","1406000","1405000","1404000","1403000","1","4","12","6","7","13","51","132","132","3","23","138","39","31","53","17","2","14","24","215","361","556","0","0","0","0","0","-1420000","5","-100.00","446","0","1","0","0","","0","0","0","","",""
"080108","0001","0","1414000","1415000","1417000","1420000","1421000","1422000","1423000","1424000","1425000","1426000","1412000","1411000","1410000","1409000","1408000","1407000","1406000","1405000","1404000","1403000","1","4","12","6","7","13","51","132","132","3","56","138","37","31","53","17","2","14","24","215","361","587","0","0","0","0","0","-1420000","5","-100.00","446","0","31","0","0","","0","0","0","","",""
"080109","0000","0","1414000","1415000","1417000","1420000","1421000","1422000","1423000","1424000","1425000","1426000","1412000","1411000","1410000","1409000","1408000","1407000","1406000","1405000","1404000","1403000","1","4","2","6","7","13","51","132","132","3","58","138","37","31","53","17","2","14","24","215","351","589","0","0","0","0","0","-1420000","5","-100.00","446","-10","2","0","0","","0","0","0","","",""
"080109","0001","0","1414000","1415000","1417000","1420000","1421000","1422000","1423000","1424000","1425000","1426000","1412000","1411000","1410000","1409000","1408000","1407000","1406000","1405000","1404000","1403000","1","4","2","6","7","13","51","132","132","3","59","137","37","31","53","17","2","14","24","215","351","589","0","0","0","0","0","-1420000","5","-100.00","446","0","0","0","0","","0","0","0","","",""
"080109","0002","0","1414000","1415000","1417000","1420000","1421000","1422000","1423000","1424000","1425000","1426000","1412000","1411000","1410000","1409000","1408000","1407000","1406000","1405000","1404000","1403000","1","4","2","6","7","13","51","132","132","3","60","137","37","31","53","17","2","14","24","215","351","590","0","0","0","0","0","-1420000","5","-100.00","446","0","1","0","0","","0","0","0","","",""
"080110","0000","0","1414000","1415000","1417000","1420000","1421000","1422000","1423000","1424000","1425000","1426000","1412000","1411000","1410000","1409000","1408000","1407000","1406000","1405000","1404000","1403000","1","4","2","6","7","13","51","132","132","3","61","137","37","33","53","17","2","14","27","215","351","596","0","0","0","0","0","-1420000","5","-100.00","446","0","6","0","0","","0","0","0","","",""
"080110","0001","0","1414000","1415000","1417000","1420000","1421000","1422000","1423000","1424000","1425000","1426000","1412000","1411000","1410000","1409000","1408000","1407000","1406000","1405000","1404000","1403000","1","4","2","6","7","13","51","132","132","3","62","137","37","33","53","17","2","14","27","215","351","597","0","0","0","0","0","-1420000","5","-100.00","446","0","1","0","0","","0","0","0","","",""
"080110","0002","0","1414000","1415000","1417000","1420000","1421000","1422000","1423000","1424000","1425000","1426000","1412000","1411000","1410000","1409000","1408000","1407000","1406000","1405000","1404000","1403000","1","4","2","6","7","13","51","132","132","3","63","137","37","33","53","17","2","14","27","215","351","598","0","0","0","0","0","-1420000","5","-100.00","446","0","1","0","0","","0","0","0","","",""
"080111","0000","0","1415000","1417000","1420000","1421000","1422000","1423000","1424000","1425000","1426000","1427000","1412000","1411000","1410000","1409000","1408000","1407000","1406000","1405000","1404000","1403000","4","2","6","7","13","51","132","132","3","12","63","137","40","33","53","17","2","14","27","215","362","601","0","0","0","0","0","-1420000","5","-100.00","447","11","3","0","0","","0","0","0","","",""
"080111","0001","0","1415000","1417000","1420000","1421000","1422000","1423000","1424000","1425000","1426000","1427000","1412000","1411000","1410000","1409000","1408000","1407000","1406000","1405000","1404000","1403000","4","2","6","7","13","51","132","132","3","12","64","137","40","33","53","17","2","14","27","215","362","602","0","0","0","0","0","-1420000","5","-100.00","447","0","1","0","0","","0","0","0","","",""
"080111","0002","0","1415000","1417000","1420000","1421000","1422000","1423000","1424000","1425000","1426000","1427000","1412000","1411000","1410000","1409000","1408000","1407000","1406000","1405000","1404000","1403000","4","2","6","7","13","51","132","133","3","12","64","137","40","33","53","17","2","14","27","215","363","602","0","0","0","0","0","-1420000","5","-100.00","447","1","0","0","0","","0","0","0","","",""
"080112","0000","0","1415000","1417000","1420000","1421000","1422000","1423000","1424000","1425000","1426000","1427000","1412000","1411000","1410000","1409000","1408000","1407000","1406000","1405000","1404000","1403000","4","2","6","7","13","51","132","133","3","12","64","137","40","34","53","17","2","14","27","215","363","603","0","0","0","0","0","-1420000","5","-100.00","447","0","1","0","0","","0","0","0","","",""
"080112","0001","0","1415000","1417000","1420000","1421000","1422000","1423000","1424000","1425000","1426000","1427000","1412000","1411000","1410000","1409000","1408000","1407000","1406000","1405000","1404000","1403000","3","2","6","7","13","51","132","133","3","12","64","137","39","35","53","17","2","14","27","215","362","603","0","0","0","0","0","-1420000","5","-100.00","448","-1","0","0","0","","0","0","0","","",""
"080112","0002","0","1415000","1417000","1420000","1421000","1422000","1423000","1424000","1425000","1426000","1427000","1412000","1411000","1410000","1409000","1408000","1407000","1406000","1405000","1404000","1403000","3","2","6","7","61","51","132","133","3","12","64","137","39","35","53","17","2","14","27","215","410","603","0","0","0","0","0","-1420000","5","-100.00","448","48","0","0","0","","0","0","0","","",""
"080113","0000","0","1415000","1417000","1420000","1421000","1422000","1423000","1424000","1425000","1426000","1427000","1412000","1411000","1410000","1409000","1408000","1407000","1406000","1405000","1404000","1403000","3","2","6","7","61","51","132","133","3","12","74","137","38","35","54","17","2","14","27","215","410","613","0","0","0","0","0","-1420000","5","-100.00","448","0","10","0","0","","0","0","0","","",""
"080113","0001","0","1415000","1417000","1420000","1421000","1422000","1423000","1424000","1425000","1426000","1427000","1412000","1411000","1410000","1409000","1408000","1407000","1406000","1405000","1404000","1403000","3","2","6","7","61","51","132","133","3","12","74","137","39","35","54","17","2","14","27","215","410","614","0","0","0","0","0","-1420000","5","-100.00","448","0","1","0","0","","0","0","0","","",""
"080113","0002","0","1415000","1417000","1420000","1421000","1422000","1423000","1424000","1425000","1426000","1427000","1412000","1411000","1410000","1409000","1408000","1407000","1406000","1405000","1404000","1403000","3","2","6","7","61","51","132","133","3","12","74","139","39","35","54","17","2","14","27","215","410","616","0","0","0","0","0","-1420000","5","-100.00","448","0","2","0","0","","0","0","0","","",""
"080114","0000","0","1415000","1417000","1420000","1421000","1422000","1423000","1424000","1425000","1426000","1427000","1413000","1412000","1411000","1410000","1409000","1408000","1407000","1406000","1405000","1404000","3","2","6","7","61","51","132","133","3","12","3","71","139","39","35","54","17","2","14","28","410","402","0","0","0","0","0","-1420000","5","-100.00","448","0","-214","0","0","","0","0","0","","",""
"080114","0001","0","1415000","1417000","1420000","1421000","1422000","1423000","1424000","1425000","1426000","1427000","1413000","1412000","1411000","1410000","1409000","1408000","1407000","1406000","1405000","1404000","3","2","6","7","61","51","132","133","3","12","3","71","139","39","35","54","27","2","14","28","410","412","0","0","0","0","0","-1420000","5","-100.00","448","0","10","0","0","","0","0","0","","",""
"080114","0002","0","1415000","1417000","1420000","1421000","1422000","1423000","1424000","1425000","1426000","1427000","1414000","1413000","1412000","1411000","1410000","1409000","1408000","1407000","1406000","1405000","3","2","6","7","61","51","132","133","3","12","18","3","71","139","39","35","54","27","2","14","410","402","0","0","0","0","0","-1420000","5","-100.00","450","0","-10","0","0","","0","0","0","","",""
"080114","0003","0","1415000","1417000","1420000","1421000","1422000","1423000","1424000","1425000","1426000","1427000","1414000","1413000","1412000","1411000","1410000","1409000","1408000","1407000","1406000","1405000","3","2","6","7","61","51","132","133","3","12","18","3","71","139","40","35","54","27","2","14","410","403","0","0","0","0","0","-1420000","5","-100.00","450","0","1","0","0","","0","0","0","","",""
"080115","0000","0","1420000","1421000","1422000","1423000","1424000","1425000","1426000","1427000","1428000","1429000","1417000","1414000","1413000","1412000","1411000","1410000","1409000","1408000","1407000","1406000","6","7","61","51","132","133","3","12","33","84","6","18","3","71","140","40","36","54","27","2","522","397","0","0","0","0","0","-1420000","5","-100.00","455","112","-6","0","0","","0","0","0","","",""
"080115","0001","0","1420000","1421000","1422000","1423000","1424000","1425000","1426000","1427000","1428000","1429000","1417000","1414000","1413000","1412000","1411000","1410000","1409000","1408000","1407000","1406000","6","7","61","51","132","133","3","12","33","84","6","18","3","71","140","40","36","56","27","2","522","399","0","0","0","0","0","-1420000","5","-100.00","455","0","2","0","0","","0","0","0","","",""
"080116","0000","0","1420000","1421000","1422000","1423000","1424000","1425000","1426000","1427000","1428000","1429000","1417000","1414000","1413000","1412000","1411000","1410000","1409000","1408000","1407000","1406000","6","7","61","51","132","133","3","12","33","84","5","18","3","71","140","40","36","56","27","2","522","398","0","0","0","0","0","-1420000","5","-100.00","456","0","-1","0","0","","0","0","0","","",""
"080116","0001","0","1420000","1421000","1422000","1423000","1424000","1425000","1426000","1427000","1428000","1429000","1417000","1414000","1413000","1412000","1411000","1410000","1409000","1408000","1407000","1406000","6","7","61","51","132","133","3","12","33","84","5","18","3","69","140","40","36","56","27","2","522","396","0","0","0","0","0","-1420000","5","-100.00","456","0","-2","0","0","","0","0","0","","",""
"080116","0002","0","1420000","1421000","1422000","1423000","1424000","1425000","1426000","1427000","1428000","1429000","1417000","1414000","1413000","1412000","1411000","1410000","1409000","1408000","1407000","1406000","5","7","61","51","132","133","3","12","33","84","5","18","3","69","140","39","36","56","27","2","521","395","0","0","0","0","0","-1420000","5","-100.00","457","-1","-1","0","0","","0","0","0","","",""
"080117","0000","0","1420000","1421000","1422000","1423000","1424000","1425000","1426000","1427000","1428000","1429000","1417000","1414000","1413000","1412000","1411000","1410000","1409000","1408000","1407000","1406000","5","7","61","51","132","133","3","12","34","84","5","18","3","69","141","39","36","56","28","2","522","397","0","0","0","0","0","-1420000","5","-100.00","457","1","2","0","0","","0","0","0","","",""
"080118","0000","0","1420000","1421000","1422000","1423000","1424000","1425000","1426000","1427000","1428000","1429000","1417000","1414000","1413000","1412000","1411000","1410000","1409000","1408000","1407000","1406000","5","7","61","51","132","133","3","12","34","83","4","18","3","70","141","39","36","56","28","2","521","397","0","0","0","0","0","-1420000","5","-100.00","458","-1","0","0","0","","0","0","0","","",""
"080118","0001","0","1420000","1421000","1422000","1423000","1424000","1425000","1426000","1427000","1428000","1429000","1417000","1414000","1413000","1412000","1411000","1410000","1409000","1408000","1407000","1406000","5","7","61","51","132","133","3","12","34","83","4","18","3","71","141","39","36","56","28","2","521","398","0","0","0","0","0","-1420000","5","-100.00","458","0","1","0","0","","0","0","0","","",""
"080118","0002","0","1420000","1421000","1422000","1423000","1424000","1425000","1426000","1427000","1428000","1429000","1417000","1414000","1413000","1412000","1411000","1410000","1409000","1408000","1407000","1406000","5","7","61","51","132","133","3","12","34","83","4","18","13","71","141","39","36","56","28","2","521","408","0","0","0","0","0","-1420000","5","-100.00","458","0","10","0","0","","0","0","0","","",""
"080119","0000","0","1420000","1421000","1422000","1423000","1424000","1425000","1426000","1427000","1428000","1429000","1417000","1414000","1413000","1412000","1411000","1410000","1409000","1408000","1407000","1406000","5","7","61","51","132","133","3","12","34","83","3","18","13","71","141","39","36","56","28","2","521","407","0","0","0","0","0","-1420000","5","-100.00","459","0","-1","0","0","","0","0","0","","",""
"080119","0001","0","1420000","1421000","1422000","1423000","1424000","1425000","1426000","1427000","1428000","1429000","1417000","1414000","1413000","1412000","1411000","1410000","1409000","1408000","1407000","1406000","5","7","61","51","132","133","3","12","34","83","3","18","17","71","141","39","36","56","28","3","521","412","0","0","0","0","0","-1420000","5","-100.00","459","0","5","0","0","","0","0","0","","",""
"080119","0002","0","1420000","1421000","1422000","1423000","1424000","1425000","1426000","1427000","1428000","1429000","1417000","1414000","1413000","1412000","1411000","1410000","1409000","1408000","1407000","1406000","5","7","61","51","132","133","3","12","34","83","3","18","17","72","141","39","36","56","28","3","521","413","0","0","0","0","0","-1420000","5","-100.00","459","0","1","0","0","","0","0","0","","",""
"080119","0003","0","1419000","1420000","1421000","1422000","1423000","1424000","1425000","1426000","1427000","1428000","1414000","1413000","1412000","1411000","1410000","1409000","1408000","1407000","1406000","1405000","10","5","7","61","51","132","133","3","12","34","18","17","72","141","39","36","56","28","3","14","448","424","0","0","0","0","0","-1420000","5","-100.00","459","-73","11","0","0","","0","0","0","","",""
"080120","0000","0","1419000","1420000","1421000","1422000","1423000","1424000","1425000","1426000","1427000","1428000","1414000","1413000","1412000","1411000","1410000","1409000","1408000","1407000","1406000","1405000","10","10","7","61","51","132","133","3","12","34","18","17","72","141","39","36","56","28","3","14","453","424","0","0","0","0","0","-1420000","5","-100.00","459","5","0","0","0","","0","0","0","","",""
"080120","0001","0","1419000","1420000","1421000","1422000","1423000","1424000","1425000","1426000","1427000","1428000","1414000","1413000","1412000","1411000","1410000","1409000","1408000","1407000","1406000","1405000","10","6","7","61","51","132","133","3","12","34","18","17","72","141","39","36","56","28","3","24","449","434","0","0","0","0","0","-1420000","5","-100.00","459","-4","10","0","0","","0","0","0","","",""
"080120","0002","0","1419000","1420000","1421000","1422000","1423000","1424000","1425000","1426000","1427000","1428000","1417000","1414000","1413000","1412000","1411000","1410000","1409000","1408000","1407000","1406000","7","6","7","61","51","132","133","3","12","34","1","18","14","72","141","39","36","56","28","3","446","408","0","0","0","0","0","-1420000","5","-100.00","462","-3","-26","0","0","","0","0","0","","",""
"080121","0000","0","1419000","1420000","1421000","1422000","1423000","1424000","1425000","1426000","1427000","1428000","1417000","1414000","1413000","1412000","1411000","1410000","1409000","1408000","1407000","1406000","7","6","7","61","51","132","131","3","12","34","1","18","14","94","141","39","36","56","28","3","444","430","0","0","0","0","0","-1420000","5","-100.00","462","-2","22","0","0","","0","0","0","","",""
"080121","0001","0","1419000","1420000","1421000","1422000","1423000","1424000","1425000","1426000","1427000","1428000","1417000","1414000","1413000","1412000","1411000","1410000","1409000","1408000","1407000","1406000","7","6","7","61","51","132","131","3","12","34","1","18","14","94","141","39","36","56","28","4","444","431","0","0","0","0","0","-1420000","5","-100.00","462","0","1","0","0","","0","0","0","","",""
"080121","0002","0","1419000","1420000","1421000","1422000","1423000","1424000","1425000","1426000","1427000","1428000","1417000","1414000","1413000","1412000","1411000","1410000","1409000","1408000","1407000","1406000","7","6","7","61","51","132","131","3","12","34","15","18","14","94","141","39","36","56","28","4","444","445","0","0","0","0","0","-1420000","5","-100.00","478","0","14","0","0","","0","0","0","","",""
"080121","0003","0","1419000","1420000","1421000","1422000","1423000","1424000","1425000","1426000","1427000","1428000","1417000","1414000","1413000","1412000","1411000","1410000","1409000","1408000","1407000","1406000","7","6","7","61","51","132","131","3","12","34","15","19","14","93","141","39","36","56","28","4","444","445","0","0","0","0","0","-1420000","5","-100.00","478","0","0","0","0","","0","0","0","","",""
"080122","0000","0","1419000","1420000","1421000","1422000","1423000","1424000","1425000","1426000","1427000","1428000","1417000","1416000","1414000","1413000","1412000","1411000","1410000","1409000","1408000","1407000","7","6","7","61","51","132","131","3","12","34","15","1","19","14","93","141","39","36","56","28","444","442","0","0","0","0","0","-1420000","5","-100.00","478","0","-3","0","0","","0","0","0","","",""
"080122","0001","0","1419000","1420000","1421000","1422000","1423000","1424000","1425000","1426000","1427000","1428000","1417000","1416000","1415000","1414000","1413000","1412000","1411000","1410000","1409000","1408000","7","6","17","61","51","132","131","3","12","34","15","1","1","19","14","92","141","39","36","56","454","414","0","0","0","0","0","-1420000","5","-100.00","478","10","-28","0","0","","0","0","0","","",""
"080122","0002","0","1419000","1420000","1421000","1422000","1423000","1424000","1425000","1426000","1427000","1428000","1417000","1416000","1415000","1414000","1413000","1412000","1411000","1410000","1409000","1408000","7","6","17","61","51","132","131","3","12","34","15","1","1","20","14","92","141","39","36","56","454","415","0","0","0","0","0","-1420000","5","-100.00","479","0","1","0","0","","0","0","0","","",""
"080123","0000","0","1419000","1420000","1421000","1422000","1423000","1424000","1425000","1426000","1427000","1428000","1417000","1416000","1415000","1414000","1413000","1412000","1411000","1410000","1409000","1408000","7","6","18","61","51","132","131","3","12","34","15","1","1","20","14","92","141","39","36","56","455","415","0","0","0","0","0","-1420000","5","-100.00","479","1","0","0","0","","0","0","0","","",""
"080124","0000","0","1419000","1420000","1421000","1422000","1423000","1424000","1425000","1426000","1427000","1428000","1417000","1416000","1415000","1414000","1413000","1412000","1411000","1410000","1409000","1408000","8","6","18","61","51","132","131","2","12","34","15","1","1","20","14","92","141","39","36","56","455","415","0","0","0","0","0","-1420000","5","-100.00","479","0","0","0","0","","0","0","0","","",""
"080124","0001","0","1419000","1420000","1421000","1422000","1423000","1424000","1425000","1426000","1427000","1428000","1417000","1416000","1415000","1414000","1413000","1412000","1411000","1410000","1409000","1408000","8","6","18","61","52","132","131","2","12","34","15","1","1","20","14","92","141","39","36","56","456","415","0","0","0","0","0","-1420000","5","-100.00","479","1","0","0","0","","0","0","0","","",""
"080125","0000","0","1419000","1420000","1421000","1422000","1423000","1424000","1425000","1426000","1427000","1428000","1417000","1416000","1415000","1414000","1413000","1412000","1411000","1410000","1409000","1408000","32","6","18","61","52","132","131","2","12","34","15","1","1","20","14","92","141","39","36","56","480","415","0","0","0","0","0","-1420000","5","-100.00","479","24","0","0","0","","0","0","0","","",""
"080125","0001","0","1415000","1418000","1419000","1420000","1421000","1422000","1423000","1424000","1425000","1426000","1414000","1413000","1412000","1411000","1410000","1409000","1408000","1407000","1406000","1405000","22","1","8","6","18","61","52","132","131","2","20","14","92","142","39","36","56","33","4","24","433","460","0","0","0","0","0","-1420000","5","-100.00","496","-47","45","0","0","","0","0","0","","",""
"080125","0002","0","1415000","1418000","1419000","1420000","1421000","1422000","1423000","1424000","1425000","1426000","1414000","1413000","1412000","1411000","1410000","1409000","1408000","1407000","1406000","1405000","22","6","8","6","18","61","47","132","131","2","20","14","92","142","39","36","56","33","4","24","433","460","0","0","0","0","0","-1420000","5","-100.00","496","0","0","0","0","","0","0","0","","",""
"080126","0000","0","1415000","1417000","1418000","1419000","1420000","1421000","1422000","1423000","1424000","1425000","1414000","1413000","1412000","1411000","1410000","1409000","1408000","1407000","1406000","1405000","21","3","6","8","6","18","61","47","132","131","20","14","92","142","39","36","56","33","4","24","433","460","0","0","0","0","0","-1420000","5","-100.00","497","0","0","0","0","","0","0","0","","",""
"080127","0000","0","1415000","1417000","1418000","1419000","1420000","1421000","1422000","1423000","1424000","1425000","1414000","1413000","1412000","1411000","1410000","1409000","1408000","1407000","1406000","1405000","21","3","6","8","6","18","61","47","132","131","20","14","92","142","39","36","56","33","4","24","433","460","0","0","0","0","0","-1420000","5","-100.00","497","0","0","0","0","","0","0","0","","",""
"080127","0001","0","1415000","1417000","1418000","1419000","1420000","1421000","1422000","1423000","1424000","1425000","1414000","1413000","1412000","1411000","1410000","1409000","1408000","1407000","1406000","1405000","45","3","6","8","6","18","61","47","132","131","20","14","92","142","40","36","56","33","4","24","457","461","0","0","0","0","0","-1420000","5","-100.00","498","24","1","0","0","","0","0","0","","",""
"080128","0000","0","1413000","1417000","1418000","1419000","1420000","1421000","1422000","1423000","1424000","1425000","1412000","1411000","1410000","1409000","1408000","1407000","1406000","1405000","1404000","1403000","11","3","6","8","6","18","61","47","132","131","94","142","40","36","56","33","4","24","28","227","423","684","0","0","0","0","0","-1420000","5","-100.00","532","-34","223","0","0","","0","0","0","","",""
"080128","0001","0","1417000","1418000","1419000","1420000","1421000","1422000","1423000","1424000","1425000","1426000","1412000","1411000","1410000","1409000","1408000","1407000","1406000","1405000","1404000","1403000","3","6","8","6","18","61","47","132","131","2","94","145","40","36","56","33","4","24","28","227","414","687","0","0","0","0","0","-1420000","5","-100.00","543","-9","3","0","0","","0","0","0","","",""
"080128","0002","0","1417000","1418000","1419000","1420000","1421000","1422000","1423000","1424000","1425000","1426000","1412000","1411000","1410000","1409000","1408000","1407000","1406000","1405000","1404000","1403000","4","6","8","6","18","61","47","132","131","2","94","145","40","36","56","33","4","24","28","227","415","687","0","0","0","0","0","-1420000","5","-100.00","543","1","0","0","0","","0","0","0","","",""
"080129","0000","0","1417000","1418000","1419000","1420000","1421000","1422000","1423000","1424000","1425000","1426000","1414000","1412000","1411000","1410000","1409000","1408000","1407000","1406000","1405000","1404000","4","6","8","6","18","61","47","132","131","2","1","94","145","41","37","56","33","4","24","28","415","463","0","0","0","0","0","-1420000","5","-100.00","543","0","-224","0","0","","0","0","0","","",""
"080129","0001","0","1417000","1418000","1419000","1420000","1421000","1422000","1423000","1424000","1425000","1426000","1414000","1412000","1411000","1410000","1409000","1408000","1407000","1406000","1405000","1404000","4","7","8","6","18","61","47","132","131","2","1","94","145","41","37","56","33","4","24","28","416","463","0","0","0","0","0","-1420000","5","-100.00","543","1","0","0","0","","0","0","0","","",""
"080130","0000","0","1414000","1417000","1418000","1419000","1420000","1421000","1422000","1423000","1424000","1425000","1412000","1411000","1410000","1409000","1408000","1407000","1406000","1405000","1404000","1403000","23","4","7","8","6","18","61","47","132","131","94","145","41","37","56","33","4","24","28","227","437","689","0","0","0","0","0","-1420000","5","-100.00","544","21","226","0","0","","0","0","0","","",""
"080130","0001","0","1414000","1417000","1418000","1419000","1420000","1421000","1422000","1423000","1424000","1425000","1412000","1411000","1410000","1409000","1408000","1407000","1406000","1405000","1404000","1403000","23","4","7","8","6","18","61","47","132","131","94","145","41","37","56","33","4","24","28","227","437","689","0","0","0","0","0","-1420000","5","-100.00","544","0","0","0","0","","0","0","0","","",""
"080131","0000","0","1414000","1417000","1418000","1419000","1420000","1421000","1422000","1423000","1424000","1425000","1412000","1411000","1410000","1409000","1408000","1407000","1406000","1405000","1404000","1403000","22","4","7","8","6","18","61","47","132","131","95","145","41","37","57","33","4","24","28","227","436","691","0","0","0","0","0","-1420000","5","-100.00","545","-1","2","0","0","","0","0","0","","",""
"080131","0001","0","1414000","1417000","1418000","1419000","1420000","1421000","1422000","1423000","1424000","1425000","1412000","1411000","1410000","1409000","1408000","1407000","1406000","1405000","1404000","1403000","22","4","7","8","6","18","61","54","132","131","95","145","41","37","57","33","4","24","28","227","443","691","0","0","0","0","0","-1420000","5","-100.00","545","7","0","0","0","","0","0","0","","",""
"080131","0002","0","1414000","1417000","1418000","1419000","1420000","1421000","1422000","1423000","1424000","1425000","1412000","1411000","1410000","1409000","1408000","1407000","1406000","1405000","1404000","1403000","22","4","7","8","6","18","61","54","132","131","96","145","41","37","58","33","4","24","28","227","443","693","0","0","0","0","0","-1420000","5","-100.00","545","0","2","0","0","","0","0","0","","",""
"080132","0000","0","1414000","1417000","1418000","1419000","1420000","1421000","1422000","1423000","1424000","1425000","1412000","1411000","1410000","1409000","1408000","1407000","1406000","1405000","1404000","1403000","47","4","7","8","6","18","61","54","132","131","96","145","41","37","58","33","4","24","28","227","468","693","0","0","0","0","0","-1420000","5","-100.00","545","25","0","0","0","","0","0","0","","",""
"080132","0001","0","1414000","1417000","1418000","1419000","1420000","1421000","1422000","1423000","1424000","1425000","1412000","1411000","1410000","1409000","1408000","1407000","1406000","1405000","1404000","1403000","47","4","7","8","7","18","61","54","132","63","96","145","41","37","58","33","4","25","28","227","401","694","0","0","0","0","0","-1420000","5","-100.00","545","-67","1","0","0","","0","0","0","","",""
"080133","0000","0","1414000","1417000","1418000","1419000","1420000","1421000","1422000","1423000","1424000","1425000","1412000","1411000","1410000","1409000","1408000","1407000","1406000","1405000","1404000","1403000","46","4","7","8","7","18","61","54","132","63","96","145","41","37","58","33","4","25","28","227","400","694","0","0","0","0","0","-1420000","5","-100.00","546","-1","0","0","0","","0","0","0","","",""
"080133","0001","0","1414000","1417000","1418000","1419000","1420000","1421000","1422000","1423000","1424000","1425000","1412000","1411000","1410000","1409000","1408000","1407000","1406000","1405000","1404000","1403000","46","4","7","8","7","18","61","54","132","68","96","145","41","37","58","33","4","25","28","228","405","695","0","0","0","0","0","-1420000","5","-100.00","546","5","1","0","0","","0","0","0","","",""
"080133","0002","0","1414000","1417000","1418000","1419000","1420000","1421000","1422000","1423000","1424000","1425000","1412000","1411000","1410000","1409000","1408000","1407000","1406000","1405000","1404000","1403000","46","4","7","8","7","18","61","54","132","68","96","145","41","37","58","33","4","25","28","229","405","696","0","0","0","0","0","-1420000","5","-100.00","546","0","1","0","0","","0","0","0","","",""
"080134","0000","0","1414000","1415000","1417000","1418000","1419000","1420000","1421000","1422000","1423000","1424000","1412000","1411000","1410000","1409000","1408000","1407000","1406000","1405000","1404000","1403000","45","1","4","7","8","7","18","61","54","132","95","145","41","37","58","33","4","25","28","229","337","695","0","0","0","0","0","-1420000","5","-100.00","547","-68","-1","0","0","","0","0","0","","",""
"080134","0001","0","1414000","1415000","1417000","1418000","1419000","1420000","1421000","1422000","1423000","1424000","1412000","1411000","1410000","1409000","1408000","1407000","1406000","1405000","1404000","1403000","69","1","4","7","8","7","18","61","54","132","95","145","41","37","58","33","7","25","28","229","361","698","0","0","0","0","0","-1420000","5","-100.00","547","24","3","0","0","","0","0","0","","",""
"080134","0002","0","1413000","1415000","1417000","1418000","1419000","1420000","1421000","1422000","1423000","1424000","1412000","1411000","1410000","1409000","1408000","1407000","1406000","1405000","1404000","1403000","60","1","4","7","8","7","18","61","54","132","95","137","41","37","58","33","7","25","28","229","352","690","0","0","0","0","0","-1420000","5","-100.00","556","-9","-8","0","0","","0","0","0","","",""
"080135","0000","0","1413000","1415000","1417000","1418000","1419000","1420000","1421000","1422000","1423000","1424000","1412000","1411000","1410000","1409000","1408000","1407000","1406000","1405000","1404000","1403000","60","1","5","7","7","7","18","61","54","132","95","137","41","37","58","33","7","25","28","229","352","690","0","0","0","0","0","-1420000","5","-100.00","556","0","0","0","0","","0","0","0","","",""
"080135","0001","0","1413000","1415000","1417000","1418000","1419000","1420000","1421000","1422000","1423000","1424000","1412000","1411000","1410000","1409000","1408000","1407000","1406000","1405000","1404000","1403000","60","1","5","7","7","7","18","61","54","132","96","137","41","37","58","33","7","25","28","229","352","691","0","0","0","0","0","-1420000","5","-100.00","556","0","1","0","0","","0","0","0","","",""
"080135","0002","0","1413000","1415000","1417000","1418000","1419000","1420000","1421000","1422000","1423000","1424000","1412000","1411000","1410000","1409000","1408000","1407000","1406000","1405000","1404000","1403000","60","1","5","7","7","7","18","61","54","132","96","137","41","37","58","33","7","25","30","229","352","693","0","0","0","0","0","-1420000","5","-100.00","556","0","2","0","0","","0","0","0","","",""
"080136","0000","0","1413000","1415000","1417000","1418000","1419000","1420000","1421000","1422000","1423000","1424000","1412000","1411000","1410000","1409000","1408000","1407000","1406000","1405000","1404000","1403000","60","1","4","7","7","7","18","61","54","132","96","137","42","37","58","33","7","25","30","229","351","694","0","0","0","0","0","-1420000","5","-100.00","557","-1","1","0","0","","0","0","0","","",""
"080136","0001","0","1413000","1415000","1417000","1418000","1419000","1420000","1421000","1422000","1423000","1424000","1412000","1411000","1410000","1409000","1408000","1407000","1406000","1405000","1404000","1403000","60","1","4","7","7","7","18","61","54","132","97","137","42","37","58","33","7","25","30","229","351","695","0","0","0","0","0","-1420000","5","-100.00","557","0","1","0","0","","0","0","0","","",""
"080136","0002","0","1413000","1415000","1417000","1418000","1419000","1420000","1421000","1422000","1423000","1424000","1412000","1411000","1410000","1409000","1408000","1407000","1406000","1405000","1404000","1403000","60","1","4","7","7","7","18","61","54","132","97","137","42","37","58","33","7","25","30","229","351","695","0","0","0","0","0","-1420000","5","-100.00","558","0","0","0","0","","0","0","0","","",""
