"time","millisec","HOUR_CLS_CODE","ASKP1","ASKP2","ASKP3","ASKP4","ASKP5","ASKP6","ASKP7","ASKP8","ASKP9","ASKP10","BIDP1","BIDP2","BIDP3","BIDP4","BIDP5","BIDP6","BIDP7","BIDP8","BIDP9","BIDP10","ASKP_RSQN1","ASKP_RSQN2","ASKP_RSQN3","ASKP_RSQN4","ASKP_RSQN5","ASKP_RSQN6","ASKP_RSQN7","ASKP_RSQN8","ASKP_RSQN9","ASKP_RSQN10","BIDP_RSQN1","BIDP_RSQN2","BIDP_RSQN3","BIDP_RSQN4","BIDP_RSQN5","BIDP_RSQN6","BIDP_RSQN7","BIDP_RSQN8","BIDP_RSQN9","BIDP_RSQN10","TOTAL_ASKP_RSQN","TOTAL_BIDP_RSQN","OVTM_TOTAL_ASKP_RSQN","OVTM_TOTAL_BIDP_RSQN","ANTC_CNPR","ANTC_CNQN","ANTC_VOL","ANTC_CNTG_VRSS","ANTC_CNTG_VRSS_SIGN","ANTC_CNTG_PRDY_CTRT","ACML_VOL","TOTAL_ASKP_RSQN_ICDC","TOTAL_BIDP_RSQN_ICDC","OVTM_TOTAL_ASKP_ICDC","OVTM_TOTAL_BIDP_ICDC","STCK_DEAL_CLS_CODE","KMID_PRC","KMID_TOTAL_RSQN","KMID_CLS_CODE","NMID_PRC","NMID_TOTAL_RSQN","NMID_CLS_CODE"
"080000","0000","0","64500","65900","67000","0","0","0","0","0","0","0","61000","0","0","0","0","0","0","0","0","0","600","1000","100","0","0","0","0","0","0","0","300","0","0","0","0","0","0","0","0","0","1700","300","0","0","0","0","0","-63000","5","-100.00","0","0","0","0","0","","0","0","0","","",""
"080000","0001","0","63300","64000","64400","64500","64600","65000","65900","67000","69300","72400","62400","62300","61600","61000","49300","0","0","0","0","0","500","172","5","600","20","20","1000","100","1","1","10","112","30","300","5","0","0","0","0","0","2419","457","0","0","0","0","0","-63000","5","-100.00","0","719","157","0","0","","0","0","0","","",""
"080001","0000","0","63300","63500","63800","63900","64000","64400","64500","64600","65000","65300","62500","62400","62300","62200","62000","61600","61000","60500","49300","0","500","4","20","1","272","5","600","20","20","2","20","10","112","20","200","30","300","20","5","0","1444","717","0","0","0","0","0","-63000","5","-100.00","0","-975","260","0","0","","0","0","0","","",""
"080001","0001","0","63300","63500","63800","63900","64000","64200","64400","64500","64600","64900","62500","62400","62300","62200","62000","61600","61000","60500","49300","0","500","4","20","1","272","90","5","600","20","5","29","10","112","20","392","60","300","120","5","0","1517","1048","0","0","0","0","0","-63000","5","-100.00","0","73","331","0","0","","0","0","0","","",""
"080002","0000","0","63100","63300","63500","63800","63900","64000","64200","64400","64500","64600","62500","62400","62300","62200","62000","61600","61000","60500","59900","49300","500","500","4","20","1","322","90","5","600","20","29","10","112","20","392","60","300","120","10","5","2062","1058","0","0","0","0","0","-63000","5","-100.00","0","545","10","0","0","","0","0","0","","",""
"080002","0001","0","63100","63300","63500","63800","63900","64000","64200","64400","64500","64600","62500","62400","62300","62200","62100","62000","61900","61600","61000","60500","692","500","4","70","1","322","90","5","600","20","29","10","112","20","17","392","50","60","300","120","2304","1110","0","0","0","0","0","-63000","5","-100.00","0","242","52","0","0","","0","0","0","","",""
"080003","0000","0","62900","63100","63300","63400","63500","63800","63900","64000","64200","64400","62500","62400","62300","62200","62100","62000","61900","61600","61000","60500","55","692","500","32","4","72","1","322","90","5","29","18","112","20","37","392","50","60","300","120","1773","1138","0","0","0","0","0","-63000","5","-100.00","0","-531","28","0","0","","0","0","0","","",""
"080003","0001","0","62900","63100","63300","63400","63500","63800","63900","64000","64200","64400","62500","62400","62300","62200","62100","62000","61900","61600","61000","60500","55","692","500","32","4","572","1","322","90","5","89","18","112","20","37","392","50","60","300","120","2273","1198","0","0","0","0","0","-63000","5","-100.00","0","500","60","0","0","","0","0","0","","",""
"080003","0002","0","62900","63100","63200","63300","63400","63500","63800","63900","64000","64200","62500","62400","62300","62200","62100","62000","61900","61600","61000","60500","55","692","150","500","32","54","572","1","322","90","89","18","112","20","38","392","50","60","300","120","2468","1199","0","0","0","0","0","-63000","5","-100.00","0","195","1","0","0","","0","0","0","","",""
"080004","0000","0","62900","63100","63200","63300","63400","63500","63800","63900","64000","64100","62500","62400","62300","62200","62100","62000","61900","61600","61000","60500","55","692","150","500","32","54","572","1","322","50","89","18","112","20","38","412","50","60","300","120","2428","1219","0","0","0","0","0","-63000","5","-100.00","0","-40","20","0","0","","0","0","0","","",""
"080004","0001","0","62900","63100","63200","63300","63400","63500","63800","63900","64000","64100","62500","62400","62300","62200","62100","62000","61900","61600","61000","60500","55","692","150","500","32","54","572","1","322","50","80","18","112","20","38","512","50","60","300","120","2428","1310","0","0","0","0","0","-63000","5","-100.00","0","0","91","0","0","","0","0","0","","",""
"080004","0002","0","62900","63100","63200","63300","63400","63500","63800","63900","64000","64100","62600","62500","62400","62300","62200","62100","62000","61900","61600","61000","55","692","150","500","32","54","572","1","322","50","30","80","18","112","20","38","512","50","60","300","2428","1220","0","0","0","0","0","-63000","5","-100.00","0","0","-90","0","0","","0","0","0","","",""
"080004","0003","0","62900","63100","63200","63300","63400","63500","63800","63900","64000","64100","62600","62500","62400","62300","62200","62100","62000","61900","61600","61400","55","692","150","500","32","54","572","1","322","50","30","80","18","112","20","38","512","50","60","5","2428","925","0","0","0","0","0","-63000","5","-100.00","0","0","-295","0","0","","0","0","0","","",""
"080005","0000","0","62900","63100","63200","63300","63400","63500","63700","63800","63900","64000","62600","62500","62400","62300","62200","62100","62000","61900","61600","61400","55","692","150","500","32","54","50","572","1","322","30","80","18","112","20","38","512","50","60","5","2428","925","0","0","0","0","0","-63000","5","-100.00","0","0","0","0","0","","0","0","0","","",""
"080005","0001","0","62900","63100","63200","63300","63400","63500","63700","63800","63900","64000","62600","62500","62400","62300","62200","62100","62000","61900","61700","61600","55","692","150","500","32","54","50","572","1","322","30","80","18","112","20","38","512","50","10","60","2428","930","0","0","0","0","0","-63000","5","-100.00","0","0","5","0","0","","0","0","0","","",""
"080005","0002","0","62900","63100","63200","63300","63400","63500","63700","63800","63900","64000","62600","62500","62400","62300","62200","62100","62000","61900","61700","61600","55","692","150","500","32","54","57","572","1","322","30","80","18","112","20","43","512","50","10","60","2435","935","0","0","0","0","0","-63000","5","-100.00","0","7","5","0","0","","0","0","0","","",""
"080005","0003","0","62900","63100","63200","63300","63400","63500","63700","63800","63900","64000","62600","62500","62400","62300","62200","62100","62000","61900","61700","61600","55","692","150","500","232","54","57","572","1","322","30","80","18","112","20","43","512","50","10","60","2635","935","0","0","0","0","0","-63000","5","-100.00","0","200","0","0","0","","0","0","0","","",""
"080006","0000","0","62900","63100","63200","63300","63400","63500","63700","63800","63900","64000","62600","62500","62400","62300","62200","62100","62000","61900","61700","61600","55","692","150","500","232","54","57","572","1","322","30","80","18","115","20","43","512","50","10","60","2635","938","0","0","0","0","0","-63000","5","-100.00","0","0","3","0","0","","0","0","0","","",""
"080006","0001","0","62900","63100","63200","63300","63400","63500","63700","63800","63900","64000","62600","62500","62400","62300","62200","62100","62000","61900","61700","61600","55","692","150","500","232","54","57","572","1","322","30","80","18","115","20","51","512","50","10","60","2635","946","0","0","0","0","0","-63000","5","-100.00","0","0","8","0","0","","0","0","0","","",""
"080006","0002","0","62900","63100","63200","63300","63400","63500","63700","63800","63900","64000","62600","62500","62400","62300","62200","62100","62000","61900","61700","61600","55","692","150","500","232","54","63","572","1","322","30","80","18","115","20","51","512","50","10","60","2641","946","0","0","0","0","0","-63000","5","-100.00","0","6","0","0","0","","0","0","0","","",""
"080006","0003","0","62900","63100","63200","63300","63400","63500","63700","63800","63900","64000","62600","62500","62400","62300","62200","62100","62000","61900","61700","61600","55","692","150","500","232","54","63","572","1","322","30","80","18","115","20","51","513","50","10","60","2641","947","0","0","0","0","0","-63000","5","-100.00","0","0","1","0","0","","0","0","0","","",""
"080007","0000","0","62900","63100","63200","63300","63400","63500","63700","63800","63900","64000","62600","62500","62400","62300","62200","62100","62000","61900","61700","61600","55","692","150","500","232","54","63","572","51","322","30","80","18","115","20","51","513","50","10","60","2691","947","0","0","0","0","0","-63000","5","-100.00","0","50","0","0","0","","0","0","0","","",""
"080008","0000","0","62900","63100","63200","63300","63400","63500","63700","63800","63900","64000","62600","62500","62400","62300","62200","62100","62000","61900","61700","61600","55","692","150","500","232","54","63","572","55","322","30","80","18","115","20","51","513","50","10","60","2695","947","0","0","0","0","0","-63000","5","-100.00","0","4","0","0","0","","0","0","0","","",""
"080009","0000","0","62900","63100","63200","63300","63400","63500","63700","63800","63900","64000","62600","62500","62400","62300","62200","62100","62000","61900","61700","61600","55","692","150","500","232","54","63","572","55","322","30","80","18","115","20","51","513","50","10","61","2695","948","0","0","0","0","0","-63000","5","-100.00","0","0","1","0","0","","0","0","0","","",""
"080010","0000","0","62900","63100","63200","63300","63400","63500","63700","63800","63900","64000","62600","62500","62400","62300","62200","62100","62000","61900","61700","61600","55","692","150","500","232","54","63","572","55","322","30","80","18","115","20","71","513","50","10","61","2695","968","0","0","0","0","0","-63000","5","-100.00","0","0","20","0","0","","0","0","0","","",""
"080010","0001","0","62900","63000","63100","63200","63300","63400","63500","63700","63800","63900","62600","62500","62400","62300","62200","62100","62000","61900","61700","61600","55","8","692","150","500","232","54","63","572","55","30","80","18","115","20","71","513","50","10","61","2381","968","0","0","0","0","0","-63000","5","-100.00","0","-314","0","0","0","","0","0","0","","",""
"080010","0002","0","62900","63000","63100","63200","63300","63400","63500","63700","63800","63900","62600","62500","62400","62300","62200","62100","62000","61900","61700","61600","55","38","692","150","500","232","54","63","572","55","30","80","18","115","20","71","513","50","10","61","2411","968","0","0","0","0","0","-63000","5","-100.00","0","30","0","0","0","","0","0","0","","",""
"080011","0000","0","62900","63000","63100","63200","63300","63400","63500","63700","63800","63900","62600","62500","62400","62300","62200","62100","62000","61900","61700","61600","55","38","692","150","500","232","54","63","572","55","30","80","18","115","20","71","523","50","10","61","2411","978","0","0","0","0","0","-63000","5","-100.00","0","0","10","0","0","","0","0","0","","",""
"080011","0001","0","62900","63000","63100","63200","63300","63400","63500","63700","63800","63900","62600","62500","62400","62300","62200","62100","62000","61900","61700","61600","55","38","692","150","500","232","55","63","572","55","195","80","18","115","20","71","523","50","10","61","2412","1143","0","0","0","0","0","-63000","5","-100.00","0","1","165","0","0","","0","0","0","","",""
"080011","0002","0","62900","63000","63100","63200","63300","63400","63500","63700","63800","63900","62600","62500","62400","62300","62200","62100","62000","61900","61700","61600","55","41","692","150","500","232","55","63","572","55","195","80","18","115","20","71","523","50","10","61","2415","1143","0","0","0","0","0","-63000","5","-100.00","0","3","0","0","0","","0","0","0","","",""
"080012","0000","0","62900","63000","63100","63200","63300","63400","63500","63700","63800","63900","62600","62500","62400","62300","62200","62100","62000","61900","61700","61600","55","41","692","150","500","32","55","63","572","55","195","80","18","115","20","71","523","50","10","61","2215","1143","0","0","0","0","0","-63000","5","-100.00","0","-200","0","0","0","","0","0","0","","",""
"080012","0001","0","62900","63000","63100","63200","63300","63400","63500","63700","63800","63900","62600","62500","62400","62300","62200","62100","62000","61900","61700","61600","55","41","692","150","500","32","348","63","572","55","195","80","10","115","20","71","523","50","10","61","2508","1135","0","0","0","0","0","-63000","5","-100.00","0","0","-8","0","0","","0","0","0","","",""
"080013","0000","0","62900","63000","63100","63200","63300","63400","63500","63700","63800","63900","62600","62500","62400","62300","62200","62100","62000","61900","61700","61600","55","41","692","150","500","32","348","83","572","55","195","80","10","115","20","71","523","50","10","61","2528","1135","0","0","0","0","0","-63000","5","-100.00","0","20","0","0","0","","0","0","0","","",""
"080013","0001","0","62900","63000","63100","63200","63300","63400","63500","63700","63800","63900","62600","62500","62400","62300","62200","62100","62000","61900","61700","61600","55","41","692","150","500","32","348","83","572","55","195","80","10","115","20","71","523","50","20","61","2528","1145","0","0","0","0","0","-63000","5","-100.00","0","0","10","0","0","","0","0","0","","",""
"080013","0002","0","62900","63000","63100","63200","63300","63400","63500","63700","63800","63900","62600","62500","62400","62300","62200","62100","62000","61900","61700","61600","55","52","692","150","500","32","348","83","572","55","195","80","10","115","20","71","523","50","20","61","2539","1145","0","0","0","0","0","-63000","5","-100.00","0","11","0","0","0","","0","0","0","","",""
"080014","0000","0","62900","63000","63100","63200","63300","63400","63500","63600","63700","63800","62600","62500","62400","62300","62200","62100","62000","61900","61700","61600","55","52","692","150","500","32","348","50","83","572","195","80","10","115","20","71","523","50","20","61","2534","1145","0","0","0","0","0","-63000","5","-100.00","0","-5","0","0","0","","0","0","0","","",""
"080014","0001","0","62900","63000","63100","63200","63300","63400","63500","63600","63700","63800","62600","62500","62400","62300","62200","62100","62000","61900","61700","61600","25","52","692","150","500","32","348","50","83","572","165","80","10","385","20","71","523","50","20","61","2504","1385","0","0","0","0","0","-63000","5","-100.00","30","-30","240","0","0","","0","0","0","","",""
"080014","0002","0","62900","63000","63100","63200","63300","63400","63500","63600","63700","63800","62600","62500","62400","62300","62200","62100","62000","61900","61700","61600","20","52","692","150","500","32","348","50","83","572","165","80","10","385","20","71","523","50","20","61","2499","1385","0","0","0","0","0","-63000","5","-100.00","35","-5","0","0","0","","0","0","0","","",""
"080015","0000","0","62900","63000","63100","63200","63300","63400","63500","63600","63700","63800","62600","62500","62400","62300","62200","62100","62000","61900","61700","61600","20","52","692","150","500","32","348","50","83","572","165","80","10","385","20","74","523","50","20","61","2499","1388","0","0","0","0","0","-63000","5","-100.00","35","0","3","0","0","","0","0","0","","",""
"080016","0000","0","62900","63000","63100","63200","63300","63400","63500","63600","63700","63800","62600","62500","62400","62300","62200","62100","62000","61900","61700","61600","20","52","692","150","500","32","348","50","83","572","197","80","10","385","20","74","523","50","20","61","2499","1420","0","0","0","0","0","-63000","5","-100.00","35","0","32","0","0","","0","0","0","","",""
"080016","0001","0","62900","63000","63100","63200","63300","63400","63500","63600","63700","63800","62600","62500","62400","62300","62200","62100","62000","61900","61700","61600","40","52","692","150","500","32","348","50","83","575","197","80","10","385","20","74","523","50","20","61","2522","1420","0","0","0","0","0","-63000","5","-100.00","35","23","0","0","0","","0","0","0","","",""
"080017","0000","0","62900","63000","63100","63200","63300","63400","63500","63600","63700","63800","62600","62500","62400","62300","62200","62100","62000","61900","61700","61600","40","52","692","150","500","32","348","50","83","575","197","90","10","385","20","74","523","50","20","61","2522","1430","0","0","0","0","0","-63000","5","-100.00","35","0","10","0","0","","0","0","0","","",""
"080017","0001","0","62900","63000","63100","63200","63300","63400","63500","63600","63700","63800","62600","62500","62400","62300","62200","62100","62000","61900","61700","61600","40","52","692","150","500","32","348","50","83","575","204","90","10","385","20","74","523","50","20","61","2522","1437","0","0","0","0","0","-63000","5","-100.00","35","0","7","0","0","","0","0","0","","",""
"080018","0000","0","62900","63000","63100","63200","63300","63400","63500","63600","63700","63800","62600","62500","62400","62300","62200","62100","62000","61900","61700","61600","40","52","692","150","500","32","348","50","83","625","204","90","10","385","20","74","523","50","20","61","2572","1437","0","0","0","0","0","-63000","5","-100.00","35","50","0","0","0","","0","0","0","","",""
"080018","0001","0","62900","63000","63100","63200","63300","63400","63500","63600","63700","63800","62600","62500","62400","62300","62200","62100","62000","61900","61800","61700","40","52","692","150","500","32","348","50","83","625","204","90","10","385","20","74","523","50","3","20","2572","1379","0","0","0","0","0","-63000","5","-100.00","35","0","-58","0","0","","0","0","0","","",""
"080019","0000","0","62900","63000","63100","63200","63300","63400","63500","63600","63700","63800","62600","62500","62400","62300","62200","62100","62000","61900","61800","61700","38","52","692","150","500","32","348","50","83","625","204","90","10","385","20","74","523","50","3","20","2570","1379","0","0","0","0","0","-63000","5","-100.00","37","-2","0","0","0","","0","0","0","","",""
"080020","0000","0","62900","63000","63100","63200","63300","63400","63500","63600","63700","63800","62600","62500","62400","62300","62200","62100","62000","61900","61800","61700","38","52","500","150","510","32","348","50","83","625","204","90","10","385","20","74","523","50","3","20","2388","1379","0","0","0","0","0","-63000","5","-100.00","37","-182","0","0","0","","0","0","0","","",""
"080020","0001","0","62900","63000","63100","63200","63300","63400","63500","63600","63700","63800","62800","62600","62500","62400","62300","62200","62100","62000","61900","61800","38","52","500","150","510","32","348","50","83","625","188","204","90","10","385","20","74","523","50","67","2388","1611","0","0","0","0","0","-63000","5","-100.00","37","0","40","0","0","","0","0","0","","",""
"080020","0002","0","62900","63000","63100","63200","63300","63400","63500","63600","63700","63800","62800","62600","62500","62400","62300","62200","62100","62000","61900","61800","38","52","500","150","510","32","348","50","83","626","188","204","90","10","385","20","74","523","50","67","2389","1611","0","0","0","0","0","-63000","5","-100.00","37","1","0","0","0","","0","0","0","","",""
"080021","0000","0","62900","63000","63100","63200","63300","63400","63500","63600","63700","63800","62800","62600","62500","62400","62300","62200","62100","62000","61900","61800","38","52","500","150","543","42","348","50","83","626","188","204","90","10","385","20","84","523","50","67","2432","1621","0","0","0","0","0","-63000","5","-100.00","37","43","10","0","0","","0","0","0","","",""
"080021","0001","0","62900","63000","63100","63200","63300","63400","63500","63600","63700","63800","62800","62600","62500","62400","62300","62200","62100","62000","61900","61800","38","52","500","150","543","42","348","50","83","646","188","204","100","10","385","20","84","523","50","67","2452","1631","0","0","0","0","0","-63000","5","-100.00","37","0","10","0","0","","0","0","0","","",""
"080021","0002","0","62900","63000","63100","63200","63300","63400","63500","63600","63700","63800","62800","62600","62500","62400","62300","62200","62100","62000","61900","61800","38","52","500","150","543","42","348","50","83","646","188","204","107","10","385","20","84","523","50","67","2452","1638","0","0","0","0","0","-63000","5","-100.00","37","0","7","0","0","","0","0","0","","",""
"080021","0003","0","62900","63000","63100","63200","63300","63400","63500","63600","63700","63800","62800","62600","62500","62400","62300","62200","62100","62000","61900","61800","38","52","500","150","543","42","348","50","83","646","188","204","107","10","385","20","84","693","50","67","2452","1808","0","0","0","0","0","-63000","5","-100.00","37","0","170","0","0","","0","0","0","","",""
"080022","0000","0","62900","63000","63100","63200","63300","63400","63500","63600","63700","63800","62800","62600","62500","62400","62300","62200","62100","62000","61900","61800","38","52","500","150","543","42","348","50","83","646","188","204","47","77","385","20","84","693","50","67","2452","1815","0","0","0","0","0","-63000","5","-100.00","37","0","7","0","0","","0","0","0","","",""
"080023","0000","0","62900","63000","63100","63200","63300","63400","63500","63600","63700","63800","62800","62600","62500","62400","62300","62200","62100","62000","61900","61800","38","52","500","150","543","42","348","50","83","646","188","704","47","77","385","20","84","693","50","67","2452","2315","0","0","0","0","0","-63000","5","-100.00","37","0","500","0","0","","0","0","0","","",""
"080023","0001","0","62900","63000","63100","63200","63300","63400","63500","63600","63700","63800","62800","62600","62500","62400","62300","62200","62100","62000","61900","61800","38","52","500","150","543","42","348","50","83","646","188","704","47","77","395","20","84","693","50","67","2452","2325","0","0","0","0","0","-63000","5","-100.00","37","0","10","0","0","","0","0","0","","",""
"080023","0002","0","62900","63000","63100","63200","63300","63400","63500","63600","63700","63800","62800","62600","62500","62400","62300","62200","62100","62000","61900","61800","38","52","500","150","543","42","348","50","83","646","188","704","47","77","402","20","84","693","50","67","2452","2332","0","0","0","0","0","-63000","5","-100.00","37","0","7","0","0","","0","0","0","","",""
"080024","0000","0","62900","63000","63100","63200","63300","63400","63500","63600","63700","63800","62800","62600","62500","62400","62300","62200","62100","62000","61900","61800","38","52","500","150","543","42","348","50","83","646","188","704","47","96","402","20","84","693","50","67","2452","2351","0","0","0","0","0","-63000","5","-100.00","37","0","19","0","0","","0","0","0","","",""
"080024","0001","0","62900","63000","63100","63200","63300","63400","63500","63600","63700","63800","62800","62600","62500","62400","62300","62200","62100","62000","61900","61800","38","72","500","150","543","42","348","50","83","646","188","704","47","96","402","20","84","693","50","67","2472","2351","0","0","0","0","0","-63000","5","-100.00","37","20","0","0","0","","0","0","0","","",""
"080025","0000","0","62900","63000","63100","63300","63400","63500","63600","63700","63800","63900","62800","62600","62500","62400","62300","62200","62100","62000","61900","61800","28","72","500","543","42","348","50","83","646","55","189","704","57","96","402","20","104","693","50","67","2367","2382","0","0","0","0","0","-63000","5","-100.00","47","-10","0","0","0","","0","0","0","","",""
"080025","0001","0","62900","63000","63100","63300","63400","63500","63600","63700","63800","63900","62800","62600","62500","62400","62300","62200","62100","62000","61900","61800","28","72","500","543","42","348","50","83","646","55","189","704","57","96","402","20","104","693","50","77","2367","2392","0","0","0","0","0","-63000","5","-100.00","47","0","10","0","0","","0","0","0","","",""
"080025","0002","0","62900","63000","63100","63300","63400","63500","63600","63700","63800","63900","62800","62700","62600","62500","62400","62300","62200","62100","62000","61900","28","72","500","543","42","348","50","83","646","55","189","32","672","57","96","402","20","104","693","50","2367","2315","0","0","0","0","0","-63000","5","-100.00","47","0","-77","0","0","","0","0","0","","",""
"080025","0003","0","62900","63000","63100","63300","63400","63500","63600","63700","63800","63900","62800","62700","62600","62500","62400","62300","62200","62100","62000","61900","28","72","500","543","42","348","50","83","646","55","189","32","672","57","96","402","20","104","693","50","2367","2315","0","0","0","0","0","-63000","5","-100.00","47","0","0","0","0","","0","0","0","","",""
"080025","0004","0","62900","63000","63100","63300","63400","63500","63600","63700","63800","63900","62800","62700","62600","62500","62400","62300","62200","62100","62000","61900","20","72","500","543","42","348","50","83","646","55","189","32","672","57","96","402","20","104","693","50","2359","2315","0","0","0","0","0","-63000","5","-100.00","47","-8","0","0","0","","0","0","0","","",""
"080026","0000","0","62900","63000","63100","63300","63400","63500","63600","63700","63800","63900","62800","62700","62600","62500","62400","62300","62200","62100","62000","61900","20","72","500","543","42","348","50","83","646","55","189","32","672","57","98","402","20","104","693","50","2359","2317","0","0","0","0","0","-63000","5","-100.00","47","0","2","0","0","","0","0","0","","",""
"080027","0000","0","62900","63000","63100","63300","63400","63500","63600","63700","63800","63900","62800","62700","62600","62500","62400","62300","62200","62100","62000","61900","20","72","500","543","42","348","50","83","646","55","189","32","672","57","98","407","70","104","693","50","2359","2372","0","0","0","0","0","-63000","5","-100.00","47","0","5","0","0","","0","0","0","","",""
"080028","0000","0","62900","63000","63100","63300","63400","63500","63600","63700","63800","63900","62800","62700","62600","62500","62400","62300","62200","62100","62000","61900","20","72","500","543","72","348","50","83","646","55","189","32","672","57","98","407","70","104","693","50","2389","2372","0","0","0","0","0","-63000","5","-100.00","47","30","0","0","0","","0","0","0","","",""
"080028","0001","0","62900","63000","63100","63300","63400","63500","63600","63700","63800","63900","62800","62700","62600","62500","62400","62300","62200","62100","62000","61900","20","72","500","543","72","348","50","83","646","55","189","32","672","57","98","907","70","104","693","50","2389","2872","0","0","0","0","0","-63000","5","-100.00","47","0","500","0","0","","0","0","0","","",""
"080029","0000","0","62900","63000","63100","63300","63400","63500","63600","63700","63800","63900","62800","62700","62600","62500","62400","62300","62200","62100","62000","61900","232","72","500","543","72","348","50","83","646","55","189","32","672","57","98","907","70","104","693","50","2601","2872","0","0","0","0","0","-63000","5","-100.00","47","212","0","0","0","","0","0","0","","",""
"080029","0001","0","62900","63000","63100","63300","63400","63500","63600","63700","63800","63900","62800","62700","62600","62500","62400","62300","62200","62100","62000","61900","232","72","500","543","72","348","50","83","646","55","189","32","672","57","98","907","80","104","693","50","2601","2882","0","0","0","0","0","-63000","5","-100.00","47","0","10","0","0","","0","0","0","","",""
"080030","0000","0","62900","63000","63100","63300","63400","63500","63600","63700","63800","63900","62800","62700","62600","62500","62400","62300","62200","62100","62000","61900","242","72","500","543","72","348","50","83","646","55","189","32","672","57","98","907","80","104","693","50","2611","2882","0","0","0","0","0","-63000","5","-100.00","47","10","0","0","0","","0","0","0","","",""
"080030","0001","0","62900","63000","63100","63300","63400","63500","63600","63700","63800","63900","62800","62700","62600","62500","62400","62300","62200","62100","62000","61900","242","72","500","543","72","348","50","83","646","55","189","32","672","57","98","907","80","104","693","50","2611","2882","0","0","0","0","0","-63000","5","-100.00","47","0","0","0","0","","0","0","0","","",""
"080030","0002","0","62900","63000","63100","63300","63400","63500","63600","63700","63800","63900","62800","62700","62600","62500","62400","62300","62200","62100","62000","61900","242","72","500","543","72","348","50","83","646","55","189","32","672","57","98","907","80","204","693","50","2611","2982","0","0","0","0","0","-63000","5","-100.00","47","0","100","0","0","","0","0","0","","",""
"080031","0000","0","62800","62900","63000","63100","63300","63400","63500","63600","63700","63800","62700","62600","62500","62400","62300","62200","62100","62000","61900","61800","311","242","72","500","543","72","348","50","83","646","32","672","57","98","907","80","204","693","50","77","2867","2870","0","0","0","0","0","-63000","5","-100.00","236","256","-112","0","0","","0","0","0","","",""
"080032","0000","0","62800","62900","63000","63100","63300","63400","63500","63600","63700","63800","62700","62600","62500","62400","62300","62200","62100","62000","61900","61800","311","242","72","500","543","72","348","50","83","646","32","672","57","98","907","80","208","693","50","77","2867","2874","0","0","0","0","0","-63000","5","-100.00","236","0","4","0","0","","0","0","0","","",""
"080032","0001","0","62800","62900","63000","63100","63300","63400","63500","63600","63700","63800","62700","62600","62500","62400","62300","62200","62100","62000","61900","61800","311","242","72","500","543","72","348","50","83","646","32","672","57","98","907","80","208","710","50","77","2867","2891","0","0","0","0","0","-63000","5","-100.00","236","0","17","0","0","","0","0","0","","",""
"080032","0002","0","62800","62900","63000","63100","63300","63400","63500","63600","63700","63800","62700","62600","62500","62400","62300","62200","62100","62000","61900","61800","311","242","72","500","543","72","348","50","83","646","32","672","157","98","907","80","208","710","50","77","2867","2991","0","0","0","0","0","-63000","5","-100.00","236","0","100","0","0","","0","0","0","","",""
"080032","0003","0","62800","62900","63000","63100","63300","63400","63500","63600","63700","63800","62600","62500","62400","62300","62200","62100","62000","61900","61800","61700","279","242","72","500","543","72","348","50","83","646","672","157","98","907","80","361","710","50","77","21","2835","3133","0","0","0","0","0","-63000","5","-100.00","268","-32","142","0","0","","0","0","0","","",""
"080033","0000","0","62800","62900","63000","63100","63300","63400","63500","63600","63700","63800","62600","62500","62400","62300","62200","62100","62000","61900","61800","61700","279","242","72","520","543","72","348","50","83","646","672","157","98","907","80","361","710","50","77","21","2855","3133","0","0","0","0","0","-63000","5","-100.00","268","20","0","0","0","","0","0","0","","",""
"080033","0001","0","62800","62900","63000","63100","63300","63400","63500","63600","63700","63800","62600","62500","62400","62300","62200","62100","62000","61900","61800","61700","279","242","72","520","543","72","348","50","83","646","672","158","98","907","80","361","710","50","77","21","2855","3134","0","0","0","0","0","-63000","5","-100.00","268","0","1","0","0","","0","0","0","","",""
"080034","0000","0","62800","62900","63000","63100","63300","63400","63500","63600","63700","63800","62600","62500","62400","62300","62200","62100","62000","61900","61800","61700","279","242","72","520","543","72","348","50","83","646","672","158","98","907","80","361","713","50","77","21","2855","3137","0","0","0","0","0","-63000","5","-100.00","268","0","3","0","0","","0","0","0","","",""
"080035","0000","0","62800","62900","63000","63100","63300","63400","63500","63600","63700","63800","62600","62500","62400","62300","62200","62100","62000","61900","61800","61700","271","242","72","520","543","72","348","50","83","646","672","158","98","907","80","361","713","50","77","21","2847","3137","0","0","0","0","0","-63000","5","-100.00","276","-8","0","0","0","","0","0","0","","",""
"080035","0001","0","62800","62900","63000","63100","63300","63400","63500","63600","63700","63800","62600","62500","62400","62300","62200","62100","62000","61900","61800","61700","261","242","72","520","543","72","348","50","83","646","672","158","98","907","80","361","713","50","77","21","2837","3137","0","0","0","0","0","-63000","5","-100.00","286","-10","0","0","0","","0","0","0","","",""
"080036","0000","0","62800","62900","63000","63100","63300","63400","63500","63600","63700","63800","62600","62500","62400","62300","62200","62100","62000","61900","61800","61700","261","242","72","520","543","72","348","50","83","646","672","158","98","907","80","371","713","50","77","21","2837","3147","0","0","0","0","0","-63000","5","-100.00","286","0","10","0","0","","0","0","0","","",""
"080036","0001","0","62800","62900","63000","63100","63300","63400","63500","63600","63700","63800","62600","62500","62400","62300","62200","62100","62000","61900","61800","61700","261","242","72","520","543","72","348","50","83","646","672","158","98","907","80","371","713","60","77","21","2837","3157","0","0","0","0","0","-63000","5","-100.00","286","0","10","0","0","","0","0","0","","",""
"080036","0002","0","62800","62900","63000","63100","63300","63400","63500","63600","63700","63800","62700","62600","62500","62400","62300","62200","62100","62000","61900","61800","261","242","72","520","543","72","348","50","83","646","427","672","158","98","909","80","371","713","60","77","2837","3565","0","0","0","0","0","-63000","5","-100.00","286","0","406","0","0","","0","0","0","","",""
"080037","0000","0","62800","62900","63000","63100","63300","63400","63500","63600","63700","63800","62700","62600","62500","62400","62300","62200","62100","62000","61900","61800","261","242","72","520","543","72","348","50","83","646","427","682","158","98","909","80","371","713","60","77","2837","3575","0","0","0","0","0","-63000","5","-100.00","286","0","10","0","0","","0","0","0","","",""
"080038","0000","0","62800","62900","63000","63100","63300","63400","63500","63600","63700","63800","62700","62600","62500","62400","62300","62200","62100","62000","61900","61800","761","242","72","520","543","72","348","50","83","646","427","682","158","98","909","80","371","713","60","77","3337","3575","0","0","0","0","0","-63000","5","-100.00","286","500","0","0","0","","0","0","0","","",""
"080040","0000","0","62800","62900","63000","63100","63300","63400","63500","63600","63700","63800","62700","62600","62500","62400","62300","62200","62100","62000","61900","61800","761","242","72","520","543","72","348","50","83","646","427","682","158","98","909","580","371","713","60","77","3337","4075","0","0","0","0","0","-63000","5","-100.00","286","0","500","0","0","","0","0","0","","",""
"080040","0001","0","62800","62900","63000","63100","63300","63400","63500","63600","63700","63800","62700","62600","62500","62400","62300","62200","62100","62000","61900","61800","761","242","72","520","543","72","348","50","83","646","427","682","158","108","909","580","371","713","60","77","3337","4085","0","0","0","0","0","-63000","5","-100.00","286","0","10","0","0","","0","0","0","","",""
"080042","0000","0","62800","62900","63000","63100","63300","63400","63500","63600","63700","63800","62700","62600","62500","62400","62300","62200","62100","62000","61900","61800","712","242","72","520","543","72","348","50","83","646","427","682","158","108","909","580","371","713","60","77","3288","4085","0","0","0","0","0","-63000","5","-100.00","335","-49","0","0","0","","0","0","0","","",""
"080042","0001","0","62800","62900","63000","63100","63300","63400","63500","63600","63700","63800","62700","62600","62500","62400","62300","62200","62100","62000","61900","61800","707","242","72","520","543","72","348","50","83","646","427","682","158","108","909","580","371","713","60","77","3283","4085","0","0","0","0","0","-63000","5","-100.00","340","-5","0","0","0","","0","0","0","","",""
"080042","0002","0","62800","62900","63000","63100","63300","63400","63500","63600","63700","63800","62700","62600","62500","62400","62300","62200","62100","62000","61900","61800","706","242","72","520","543","72","348","50","83","646","427","682","158","133","909","580","371","713","60","77","3282","4110","0","0","0","0","0","-63000","5","-100.00","341","-1","0","0","0","","0","0","0","","",""
"080043","0000","0","62800","62900","63000","63100","63300","63400","63500","63600","63700","63800","62700","62600","62500","62400","62300","62200","62100","62000","61900","61800","706","242","72","520","543","72","348","50","83","646","427","682","148","133","909","580","371","723","60","77","3282","4110","0","0","0","0","0","-63000","5","-100.00","341","0","0","0","0","","0","0","0","","",""
"080043","0001","0","62800","62900","63000","63100","63300","63400","63500","63600","63700","63800","62700","62600","62500","62400","62300","62200","62100","62000","61900","61800","706","242","72","520","543","72","348","50","83","646","427","682","148","133","909","580","371","1046","60","77","3282","4433","0","0","0","0","0","-63000","5","-100.00","341","0","323","0","0","","0","0","0","","",""
"080043","0002","0","62800","62900","63000","63100","63300","63400","63500","63600","63700","63800","62700","62600","62500","62400","62300","62200","62100","62000","61900","61800","706","242","72","520","543","72","348","50","83","646","427","682","148","133","909","590","371","1046","60","77","3282","4443","0","0","0","0","0","-63000","5","-100.00","341","0","10","0","0","","0","0","0","","",""
"080044","0000","0","62800","62900","63000","63100","63300","63400","63500","63600","63700","63800","62700","62600","62500","62400","62300","62200","62100","62000","61900","61800","706","242","72","520","553","72","348","50","83","646","427","682","148","133","909","590","371","1046","60","77","3292","4443","0","0","0","0","0","-63000","5","-100.00","341","10","0","0","0","","0","0","0","","",""
"080045","0000","0","62800","62900","63000","63100","63300","63400","63500","63600","63700","63800","62700","62600","62500","62400","62300","62200","62100","62000","61900","61800","706","242","72","520","553","72","348","50","83","646","427","682","208","133","909","590","371","1047","60","77","3292","4504","0","0","0","0","0","-63000","5","-100.00","341","0","60","0","0","","0","0","0","","",""
"080045","0001","0","62800","62900","63000","63100","63300","63400","63500","63600","63700","63800","62700","62600","62500","62400","62300","62200","62100","62000","61900","61800","706","242","72","520","553","72","348","50","83","646","427","682","208","183","909","590","371","1047","60","77","3292","4554","0","0","0","0","0","-63000","5","-100.00","341","0","50","0","0","","0","0","0","","",""
"080046","0000","0","62800","62900","63000","63100","63300","63400","63500","63600","63700","63800","62700","62600","62500","62400","62300","62200","62100","62000","61900","61800","706","242","72","520","553","72","348","50","83","646","427","682","208","183","1109","590","371","1047","60","77","3292","4754","0","0","0","0","0","-63000","5","-100.00","341","0","200","0","0","","0","0","0","","",""
"080046","0001","0","62800","62900","63000","63100","63300","63400","63500","63600","63700","63800","62700","62600","62500","62400","62300","62200","62100","62000","61900","61800","706","242","72","520","553","72","348","50","83","646","427","682","208","183","1109","590","421","1047","60","77","3292","4804","0","0","0","0","0","-63000","5","-100.00","341","0","50","0","0","","0","0","0","","",""
"080046","0002","0","62800","62900","63000","63100","63300","63400","63500","63600","63700","63800","62700","62600","62500","62400","62300","62200","62100","62000","61900","61800","706","242","72","520","553","72","348","50","83","646","427","682","208","183","1109","590","413","1047","60","77","3292","4796","0","0","0","0","0","-63000","5","-100.00","341","0","-8","0","0","","0","0","0","","",""
"080047","0000","0","62800","62900","63000","63100","63300","63400","63500","63600","63700","63800","62700","62600","62500","62400","62300","62200","62100","62000","61900","61800","706","242","72","520","553","72","348","50","83","2886","427","682","208","183","1109","590","413","1047","60","77","5532","4796","0","0","0","0","0","-63000","5","-100.00","341","2240","0","0","0","","0","0","0","","",""
"080048","0000","0","62800","62900","63000","63100","63300","63400","63500","63600","63700","63800","62700","62600","62500","62400","62300","62200","62100","62000","61900","61800","701","242","72","520","553","72","348","50","83","2886","427","682","208","183","1109","590","413","1047","60","77","5527","4796","0","0","0","0","0","-63000","5","-100.00","346","-5","0","0","0","","0","0","0","","",""
"080048","0001","0","62800","62900","63000","63100","63300","63400","63500","63600","63700","63800","62700","62600","62500","62400","62300","62200","62100","62000","61900","61800","698","242","72","520","553","72","348","50","83","2886","427","682","208","183","1109","590","413","1047","60","77","5524","4796","0","0","0","0","0","-63000","5","-100.00","349","-3","0","0","0","","0","0","0","","",""
"080048","0002","0","62800","62900","63000","63100","63200","63300","63400","63500","63600","63700","62700","62600","62500","62400","62300","62200","62100","62000","61900","61800","698","242","72","520","20","553","72","348","50","83","427","682","208","183","1109","590","413","1047","60","77","2658","4796","0","0","0","0","0","-63000","5","-100.00","349","-2866","0","0","0","","0","0","0","","",""
"080049","0000","0","62800","62900","63000","63100","63200","63300","63400","63500","63600","63700","62700","62600","62500","62400","62300","62200","62100","62000","61900","61800","898","242","72","520","20","553","72","348","50","83","427","682","208","183","1109","590","413","1047","60","77","2858","4796","0","0","0","0","0","-63000","5","-100.00","349","200","0","0","0","","0","0","0","","",""
"080049","0001","0","62800","62900","63000","63100","63200","63300","63400","63500","63600","63700","62700","62600","62500","62400","62300","62200","62100","62000","61900","61800","898","242","72","520","20","553","72","348","50","83","427","682","208","183","1129","590","413","1047","60","77","2858","4816","0","0","0","0","0","-63000","5","-100.00","349","0","20","0","0","","0","0","0","","",""
"080050","0000","0","62800","62900","63000","63100","63200","63300","63400","63500","63600","63700","62700","62600","62500","62400","62300","62200","62100","62000","61900","61800","1398","242","72","520","20","553","72","348","50","83","427","712","208","183","1129","590","413","1047","60","77","3358","4846","0","0","0","0","0","-63000","5","-100.00","349","500","30","0","0","","0","0","0","","",""
"080050","0001","0","62800","62900","63000","63100","63200","63300","63400","63500","63600","63700","62700","62600","62500","62400","62300","62200","62100","62000","61900","61800","1396","242","72","520","20","553","72","348","50","83","427","712","208","183","1129","590","413","1047","60","77","3356","4846","0","0","0","0","0","-63000","5","-100.00","351","-2","0","0","0","","0","0","0","","",""
"080051","0000","0","62800","62900","63000","63100","63200","63300","63400","63500","63600","63700","62700","62600","62500","62400","62300","62200","62100","62000","61900","61800","1396","242","72","520","20","553","72","348","50","83","417","712","208","183","1129","590","413","1047","60","77","3356","4836","0","0","0","0","0","-63000","5","-100.00","361","0","-10","0","0","","0","0","0","","",""
"080052","0000","0","62800","62900","63000","63100","63200","63300","63400","63500","63600","63700","62700","62600","62500","62400","62300","62200","62100","62000","61900","61800","1396","242","72","520","20","553","72","348","50","83","417","712","208","183","1129","595","413","1047","60","77","3356","4841","0","0","0","0","0","-63000","5","-100.00","361","0","5","0","0","","0","0","0","","",""
"080052","0001","0","62800","62900","63000","63100","63200","63300","63400","63500","63600","63700","62700","62600","62500","62400","62300","62200","62100","62000","61900","61800","1396","242","72","520","20","553","72","348","50","83","427","712","208","183","1129","595","413","1047","60","77","3356","4851","0","0","0","0","0","-63000","5","-100.00","361","0","10","0","0","","0","0","0","","",""
"080053","0000","0","62800","62900","63000","63100","63200","63300","63400","63500","63600","63700","62700","62600","62500","62400","62300","62200","62100","62000","61900","61800","1396","242","73","520","20","553","72","348","50","83","427","712","208","183","1131","595","413","1047","60","77","3357","4853","0","0","0","0","0","-63000","5","-100.00","361","1","0","0","0","","0","0","0","","",""
"080053","0001","0","62800","62900","63000","63100","63200","63300","63400","63500","63600","63700","62700","62600","62500","62400","62300","62200","62100","62000","61900","61800","1396","242","73","520","20","553","72","348","50","103","427","712","208","183","1131","595","413","1047","60","77","3377","4853","0","0","0","0","0","-63000","5","-100.00","361","20","0","0","0","","0","0","0","","",""
"080053","0002","0","62800","62900","63000","63100","63200","63300","63400","63500","63600","63700","62700","62600","62500","62400","62300","62200","62100","62000","61900","61800","1407","242","62","520","20","553","72","348","50","103","427","712","208","183","1131","595","413","1047","60","77","3377","4853","0","0","0","0","0","-63000","5","-100.00","361","0","0","0","0","","0","0","0","","",""
"080054","0000","0","62800","62900","63000","63100","63200","63300","63400","63500","63600","63700","62700","62600","62500","62400","62300","62200","62100","62000","61900","61800","1407","242","62","520","20","553","72","348","50","103","427","712","208","183","1131","595","418","1047","60","77","3377","4858","0","0","0","0","0","-63000","5","-100.00","361","0","5","0","0","","0","0","0","","",""
"080054","0001","0","62800","62900","63000","63100","63200","63300","63400","63500","63600","63700","62700","62600","62500","62400","62300","62200","62100","62000","61900","61800","1407","242","62","520","20","553","72","348","50","103","427","712","208","183","1131","595","418","1047","60","97","3377","4878","0","0","0","0","0","-63000","5","-100.00","361","0","20","0","0","","0","0","0","","",""
"080054","0002","0","62800","62900","63000","63100","63200","63300","63400","63500","63600","63700","62700","62600","62500","62400","62300","62200","62100","62000","61900","61800","1407","242","62","520","20","553","72","348","50","103","427","712","208","184","1131","595","418","1047","60","97","3377","4879","0","0","0","0","0","-63000","5","-100.00","361","0","1","0","0","","0","0","0","","",""
"080054","0003","0","62800","62900","63000","63100","63200","63300","63400","63500","63600","63700","62700","62600","62500","62400","62300","62200","62100","62000","61900","61800","1407","242","62","520","20","553","72","348","50","103","455","712","208","184","1131","595","418","1047","60","97","3377","4907","0","0","0","0","0","-63000","5","-100.00","361","0","28","0","0","","0","0","0","","",""
"080055","0000","0","62800","62900","63000","63100","63200","63300","63400","63500","63600","63700","62700","62600","62500","62400","62300","62200","62100","62000","61900","61800","1407","242","62","520","20","553","72","348","50","103","455","712","208","184","1146","595","418","1047","60","97","3377","4922","0","0","0","0","0","-63000","5","-100.00","361","0","15","0","0","","0","0","0","","",""
"080055","0001","0","62800","62900","63000","63100","63200","63300","63400","63500","63600","63700","62700","62600","62500","62400","62300","62200","62100","62000","61900","61800","1207","242","62","520","20","553","72","348","50","103","276","712","208","184","1146","595","428","1047","60","97","3177","4753","0","0","0","0","0","-63000","5","-100.00","561","-200","-169","0","0","","0","0","0","","",""
"080056","0000","0","62800","62900","63000","63100","63200","63300","63400","63500","63600","63700","62700","62600","62500","62400","62300","62200","62100","62000","61900","61800","1207","242","62","520","20","553","72","348","50","103","276","212","211","684","1146","595","428","1047","60","97","3177","4756","0","0","0","0","0","-63000","5","-100.00","561","0","3","0","0","","0","0","0","","",""
"080056","0001","0","62800","62900","63000","63100","63200","63300","63400","63500","63600","63700","62700","62600","62500","62400","62300","62200","62100","62000","61900","61800","1207","242","62","520","20","553","72","348","50","103","276","212","211","684","1283","595","428","1047","60","97","3177","4893","0","0","0","0","0","-63000","5","-100.00","561","0","137","0","0","","0","0","0","","",""
"080056","0002","0","62800","62900","63000","63100","63200","63300","63400","63500","63600","63700","62700","62600","62500","62400","62300","62200","62100","62000","61900","61800","1207","242","62","520","20","553","72","348","50","103","277","212","211","684","1283","595","428","1047","60","97","3177","4894","0","0","0","0","0","-63000","5","-100.00","561","0","1","0","0","","0","0","0","","",""
"080056","0003","0","62800","62900","63000","63100","63200","63300","63400","63500","63600","63700","62700","62600","62500","62400","62300","62200","62100","62000","61900","61800","1207","242","62","520","20","553","72","348","50","103","277","212","211","686","1283","595","428","1047","60","97","3177","4896","0","0","0","0","0","-63000","5","-100.00","561","0","2","0","0","","0","0","0","","",""
"080057","0000","0","62800","62900","63000","63100","63200","63300","63400","63500","63600","63700","62700","62600","62500","62400","62300","62200","62100","62000","61900","61800","1207","242","62","520","20","573","72","348","50","103","277","212","211","686","1283","595","428","1047","60","97","3197","4896","0","0","0","0","0","-63000","5","-100.00","561","20","0","0","0","","0","0","0","","",""
"080058","0000","0","62800","62900","63000","63100","63200","63300","63400","63500","63600","63700","62700","62600","62500","62400","62300","62200","62100","62000","61900","61800","1207","242","62","520","20","573","72","348","50","103","277","212","211","691","1283","595","428","1047","60","97","3197","4901","0","0","0","0","0","-63000","5","-100.00","561","0","5","0","0","","0","0","0","","",""
"080058","0001","0","62800","62900","63000","63100","63200","63300","63400","63500","63600","63700","62700","62600","62500","62400","62300","62200","62100","62000","61900","61800","1207","242","59","520","20","573","72","348","50","103","277","212","211","691","1283","595","428","1047","60","97","3194","4901","0","0","0","0","0","-63000","5","-100.00","561","-3","0","0","0","","0","0","0","","",""
"080059","0000","0","62800","62900","63000","63100","63200","63300","63400","63500","63600","63700","62700","62600","62500","62400","62300","62200","62100","62000","61900","61800","1207","242","59","520","20","573","72","348","50","103","277","212","211","691","1283","610","428","1047","60","97","3194","4916","0","0","0","0","0","-63000","5","-100.00","561","0","15","0","0","","0","0","0","","",""
"080059","0001","0","62800","62900","63000","63100","63200","63300","63400","63500","63600","63700","62700","62600","62500","62400","62300","62200","62100","62000","61900","61800","1207","242","59","520","20","573","72","348","50","103","279","47","211","691","1283","610","428","1047","60","97","3194","4753","0","0","0","0","0","-63000","5","-100.00","561","0","2","0","0","","0","0","0","","",""
"080059","0002","0","62800","62900","63000","63100","63200","63300","63400","63500","63600","63700","62700","62600","62500","62400","62300","62200","62100","62000","61900","61800","1207","242","59","520","20","573","72","348","50","103","279","48","211","691","1283","610","428","1047","60","97","3194","4754","0","0","0","0","0","-63000","5","-100.00","561","0","1","0","0","","0","0","0","","",""
"080059","0003","0","62800","62900","63000","63100","63200","63300","63400","63500","63600","63700","62700","62600","62500","62400","62300","62200","62100","62000","61900","61800","1207","242","59","520","20","573","72","348","50","103","221","48","211","691","1283","610","428","1047","60","97","3194","4696","0","0","0","0","0","-63000","5","-100.00","619","0","-58","0","0","","0","0","0","","",""
"080100","0000","0","62600","62800","62900","63000","63100","63200","63300","63400","63500","63600","62500","62400","62300","62200","62100","62000","61900","61800","61700","61600","1129","1207","242","59","520","20","573","72","348","50","211","691","1283","610","428","1047","60","97","31","82","4220","4540","0","0","0","0","0","-63000","5","-100.00","890","1026","-156","0","0","","0","0","0","","",""
"080100","0001","0","62600","62800","62900","63000","63100","63200","63300","63400","63500","63600","62500","62400","62300","62200","62100","62000","61900","61800","61700","61600","1128","1216","242","59","520","20","573","72","348","50","211","691","1283","610","428","1047","60","97","31","82","4228","4540","0","0","0","0","0","-63000","5","-100.00","891","8","0","0","0","","0","0","0","","",""
"080100","0002","0","62600","62800","62900","63000","63100","63200","63300","63400","63500","63600","62500","62400","62300","62200","62100","62000","61900","61800","61700","61600","1128","1216","242","59","520","20","573","72","348","50","211","691","1283","610","428","1067","60","97","31","82","4228","4560","0","0","0","0","0","-63000","5","-100.00","891","0","20","0","0","","0","0","0","","",""
"080101","0000","0","62600","62700","62800","62900","63000","63100","63200","63300","63400","63500","62500","62400","62300","62200","62100","62000","61900","61800","61700","61600","1127","10","1216","242","59","520","20","573","72","348","211","691","1283","655","428","1067","60","97","31","82","4187","4605","0","0","0","0","0","-63000","5","-100.00","892","-40","0","0","0","","0","0","0","","",""
"080101","0001","0","62600","62700","62800","62900","63000","63100","63200","63300","63400","63500","62500","62400","62300","62200","62100","62000","61900","61800","61700","61600","1127","10","1216","242","59","520","20","573","72","348","211","691","1283","655","428","1067","60","97","31","83","4187","4606","0","0","0","0","0","-63000","5","-100.00","892","0","1","0","0","","0","0","0","","",""
"080102","0000","0","62600","62700","62800","62900","63000","63100","63200","63300","63400","63500","62500","62400","62300","62200","62100","62000","61900","61800","61700","61600","1127","10","1216","242","59","520","20","573","72","348","211","694","1283","655","428","1067","60","102","31","83","4187","4614","0","0","0","0","0","-63000","5","-100.00","892","0","3","0","0","","0","0","0","","",""
"080102","0001","0","62600","62700","62800","62900","63000","63100","63200","63300","63400","63500","62500","62400","62300","62200","62100","62000","61900","61800","61700","61600","1126","10","1216","242","59","520","20","573","72","348","211","694","1283","655","431","1067","60","102","31","83","4186","4617","0","0","0","0","0","-63000","5","-100.00","893","-1","3","0","0","","0","0","0","","",""
"080102","0002","0","62600","62700","62800","62900","63000","63100","63200","63300","63400","63500","62500","62400","62300","62200","62100","62000","61900","61800","61700","61600","1126","10","1216","242","59","520","20","73","72","348","211","694","1283","655","431","1067","60","102","31","83","3686","4617","0","0","0","0","0","-63000","5","-100.00","893","-500","0","0","0","","0","0","0","","",""
"080103","0000","0","62600","62700","62800","62900","63000","63100","63200","63300","63400","63500","62500","62400","62300","62200","62100","62000","61900","61800","61700","61600","1120","10","1216","242","59","520","20","73","72","348","211","695","1283","655","431","1067","60","102","31","83","3680","4618","0","0","0","0","0","-63000","5","-100.00","899","-6","1","0","0","","0","0","0","","",""
"080103","0001","0","62600","62700","62800","62900","63000","63100","63200","63300","63400","63500","62500","62400","62300","62200","62100","62000","61900","61800","61700","61600","1120","10","1216","242","59","520","20","73","72","348","211","695","1283","655","546","1067","60","102","31","83","3680","4733","0","0","0","0","0","-63000","5","-100.00","899","0","100","0","0","","0","0","0","","",""
"080103","0002","0","62600","62700","62800","62900","63000","63100","63200","63300","63400","63500","62500","62400","62300","62200","62100","62000","61900","61800","61700","61600","1120","10","1216","242","59","520","20","73","72","348","211","695","1283","655","546","1077","60","132","31","83","3680","4773","0","0","0","0","0","-63000","5","-100.00","899","0","40","0","0","","0","0","0","","",""
"080103","0003","0","62600","62700","62800","62900","63000","63100","63200","63300","63400","63500","62500","62400","62300","62200","62100","62000","61900","61800","61700","61600","1120","10","1216","242","59","520","20","73","72","348","211","695","1288","655","546","1077","60","132","31","83","3680","4778","0","0","0","0","0","-63000","5","-100.00","899","0","5","0","0","","0","0","0","","",""
"080104","0000","0","62600","62700","62800","62900","63000","63100","63200","63300","63400","63500","62500","62400","62300","62200","62100","62000","61900","61800","61700","61600","1120","10","1216","242","59","520","20","73","72","348","212","695","1288","655","546","1077","60","132","31","83","3680","4779","0","0","0","0","0","-63000","5","-100.00","899","0","1","0","0","","0","0","0","","",""
"080104","0001","0","62600","62700","62800","62900","63000","63100","63200","63300","63400","63500","62500","62400","62300","62200","62100","62000","61900","61800","61700","61600","1120","10","1216","242","59","520","20","73","72","348","223","695","1388","655","546","1077","60","132","31","83","3680","4890","0","0","0","0","0","-63000","5","-100.00","899","0","111","0","0","","0","0","0","","",""
"080105","0000","0","62600","62700","62800","62900","63000","63100","63200","63300","63400","63500","62500","62400","62300","62200","62100","62000","61900","61800","61700","61600","1115","10","1216","242","59","520","20","73","72","348","223","695","1388","655","546","1077","60","132","31","83","3675","4890","0","0","0","0","0","-63000","5","-100.00","904","-5","0","0","0","","0","0","0","","",""
"080105","0001","0","62600","62700","62800","62900","63000","63100","63200","63300","63400","63500","62500","62400","62300","62200","62100","62000","61900","61800","61700","61600","1115","10","1216","242","59","520","20","73","72","348","223","695","1389","655","546","1077","60","132","31","83","3675","4891","0","0","0","0","0","-63000","5","-100.00","904","0","1","0","0","","0","0","0","","",""
"080106","0000","0","62600","62700","62800","62900","63000","63100","63200","63300","63400","63500","62500","62400","62300","62200","62100","62000","61900","61800","61700","61600","1135","10","1216","242","59","520","20","73","72","348","223","695","1389","655","546","1077","60","132","31","83","3695","4891","0","0","0","0","0","-63000","5","-100.00","914","30","0","0","0","","0","0","0","","",""
"080106","0001","0","62600","62700","62800","62900","63000","63100","63200","63300","63400","63500","62500","62400","62300","62200","62100","62000","61900","61800","61700","61600","1145","10","1216","242","59","520","20","73","72","348","223","695","1389","655","546","1077","60","132","31","83","3705","4891","0","0","0","0","0","-63000","5","-100.00","914","10","0","0","0","","0","0","0","","",""
"080106","0002","0","62600","62700","62800","62900","63000","63100","63200","63300","63400","63500","62500","62400","62300","62200","62100","62000","61900","61800","61700","61600","1145","10","1216","242","59","520","20","73","72","348","223","695","1389","655","549","1077","60","132","31","83","3705","4894","0","0","0","0","0","-63000","5","-100.00","914","0","3","0","0","","0","0","0","","",""
"080106","0003","0","62600","62700","62800","62900","63000","63100","63200","63300","63400","63500","62500","62400","62300","62200","62100","62000","61900","61800","61700","61600","1145","10","1216","242","59","520","20","73","72","348","223","695","1389","655","549","1092","60","132","31","83","3705","4909","0","0","0","0","0","-63000","5","-100.00","914","0","15","0","0","","0","0","0","","",""
"080107","0000","0","62600","62700","62800","62900","63000","63100","63200","63300","63400","63500","62500","62400","62300","62200","62100","62000","61900","61800","61700","61600","1145","10","1216","242","59","520","20","73","72","348","223","695","1389","655","549","1092","260","132","31","83","3705","5109","0","0","0","0","0","-63000","5","-100.00","914","0","200","0","0","","0","0","0","","",""
"080107","0001","0","62600","62700","62800","62900","63000","63100","63200","63300","63400","63500","62500","62400","62300","62200","62100","62000","61900","61800","61700","61600","1145","10","1216","242","59","520","20","73","72","348","224","695","1389","655","549","1092","260","132","31","83","3705","5110","0","0","0","0","0","-63000","5","-100.00","914","0","1","0","0","","0","0","0","","",""
"080107","0002","0","62600","62700","62800","62900","63000","63100","63200","63300","63400","63500","62500","62400","62300","62200","62100","62000","61900","61800","61700","61600","1148","10","1216","242","59","520","20","73","72","348","224","695","1389","655","549","1092","260","132","31","83","3708","5110","0","0","0","0","0","-63000","5","-100.00","914","3","0","0","0","","0","0","0","","",""
"080108","0000","0","62600","62700","62800","62900","63000","63100","63200","63300","63400","63500","62500","62400","62300","62200","62100","62000","61900","61800","61700","61600","1148","10","1216","242","59","520","20","73","72","348","224","715","1389","655","569","1092","260","132","31","83","3708","5150","0","0","0","0","0","-63000","5","-100.00","914","0","40","0","0","","0","0","0","","",""
"080108","0001","0","62600","62700","62800","62900","63000","63100","63200","63300","63400","63500","62500","62400","62300","62200","62100","62000","61900","61800","61700","61600","1148","10","1216","242","59","520","20","73","72","348","224","716","1389","656","569","1092","260","132","31","83","3708","5152","0","0","0","0","0","-63000","5","-100.00","914","0","2","0","0","","0","0","0","","",""
"080109","0000","0","62600","62700","62800","62900","63000","63100","63200","63300","63400","63500","62500","62400","62300","62200","62100","62000","61900","61800","61700","61600","1148","10","1216","242","59","520","20","73","72","348","224","716","1389","656","570","1092","260","132","31","83","3708","5153","0","0","0","0","0","-63000","5","-100.00","914","0","1","0","0","","0","0","0","","",""
"080109","0001","0","62600","62700","62800","62900","63000","63100","63200","63300","63400","63500","62500","62400","62300","62200","62100","62000","61900","61800","61700","61600","1147","10","1216","242","59","520","20","73","72","348","224","716","1389","656","570","1092","260","132","31","83","3707","5153","0","0","0","0","0","-63000","5","-100.00","915","-1","0","0","0","","0","0","0","","",""
"080109","0002","0","62600","62700","62800","62900","63000","63100","63200","63300","63400","63500","62500","62400","62300","62200","62100","62000","61900","61800","61700","61600","1146","10","1216","242","59","520","20","73","72","348","224","716","1389","656","575","1092","260","132","31","83","3706","5158","0","0","0","0","0","-63000","5","-100.00","916","0","5","0","0","","0","0","0","","",""
"080110","0000","0","62600","62700","62800","62900","63000","63100","63200","63300","63400","63500","62500","62400","62300","62200","62100","62000","61900","61800","61700","61600","1146","10","1216","242","59","520","20","73","72","348","124","716","1389","656","575","1093","260","132","31","93","3706","5069","0","0","0","0","0","-63000","5","-100.00","1016","0","-99","0","0","","0","0","0","","",""
"080111","0000","0","62600","62700","62800","62900","63000","63100","63200","63300","63400","63500","62500","62400","62300","62200","62100","62000","61900","61800","61700","61600","1087","10","1216","242","59","520","20","73","72","348","124","716","1389","656","575","1093","260","132","31","93","3647","5069","0","0","0","0","0","-63000","5","-100.00","1075","-59","0","0","0","","0","0","0","","",""
"080111","0001","0","62600","62700","62800","62900","63000","63100","63200","63300","63400","63500","62500","62400","62300","62200","62100","62000","61900","61800","61700","61600","1087","10","1216","242","59","520","20","73","72","348","84","716","1389","656","575","1093","260","132","31","93","3647","5029","0","0","0","0","0","-63000","5","-100.00","1115","0","-40","0","0","","0","0","0","","",""
"080111","0002","0","62600","62700","62800","62900","63000","63100","63200","63300","63400","63500","62500","62400","62300","62200","62100","62000","61900","61800","61700","61600","1087","10","1216","242","59","520","20","73","72","348","84","716","1389","656","575","1093","285","132","31","93","3647","5054","0","0","0","0","0","-63000","5","-100.00","1115","0","25","0","0","","0","0","0","","",""
"080112","0000","0","62600","62700","62800","62900","63000","63100","63200","63300","63400","63500","62500","62400","62300","62200","62100","62000","61900","61800","61700","61600","1087","10","1216","242","59","520","20","73","72","348","84","716","1389","656","575","1096","285","132","31","93","3647","5057","0","0","0","0","0","-63000","5","-100.00","1115","0","3","0","0","","0","0","0","","",""
"080112","0001","0","62600","62700","62800","62900","63000","63100","63200","63300","63400","63500","62500","62400","62300","62200","62100","62000","61900","61800","61700","61600","1087","10","1216","242","59","520","20","73","72","348","85","716","1389","656","575","1096","285","132","31","93","3647","5058","0","0","0","0","0","-63000","5","-100.00","1115","0","1","0","0","","0","0","0","","",""
"080112","0002","0","62600","62700","62800","62900","63000","63100","63200","63300","63400","63500","62500","62400","62300","62200","62100","62000","61900","61800","61700","61600","1087","10","1216","242","59","520","20","73","72","348","85","716","1390","656","575","1096","285","132","31","93","3647","5059","0","0","0","0","0","-63000","5","-100.00","1115","0","1","0","0","","0","0","0","","",""
"080113","0000","0","62600","62700","62800","62900","63000","63100","63200","63300","63400","63500","62500","62400","62300","62200","62100","62000","61900","61800","61700","61600","1086","10","1216","242","59","520","20","73","72","348","86","716","1390","656","575","1096","285","132","31","93","3646","5060","0","0","0","0","0","-63000","5","-100.00","1116","-1","1","0","0","","0","0","0","","",""
"080113","0001","0","62600","62700","62800","62900","63000","63100","63200","63300","63400","63500","62500","62400","62300","62200","62100","62000","61900","61800","61700","61600","1086","10","1216","242","59","520","20","73","72","348","87","716","1390","656","575","1096","285","132","31","93","3646","5061","0","0","0","0","0","-63000","5","-100.00","1116","0","1","0","0","","0","0","0","","",""
"080113","0002","0","62600","62700","62800","62900","63000","63100","63200","63300","63400","63500","62500","62400","62300","62200","62100","62000","61900","61800","61700","61600","1086","10","1216","242","59","520","20","73","72","348","87","716","1390","656","575","1196","285","132","31","93","3646","5161","0","0","0","0","0","-63000","5","-100.00","1116","0","100","0","0","","0","0","0","","",""
"080114","0000","0","62600","62700","62800","62900","63000","63100","63200","63300","63400","63500","62500","62400","62300","62200","62100","62000","61900","61800","61700","61600","1086","10","1216","242","59","520","20","73","72","348","537","716","1390","656","575","1196","285","132","31","93","3646","5611","0","0","0","0","0","-63000","5","-100.00","1166","0","450","0","0","","0","0","0","","",""
"080114","0001","0","62600","62700","62800","62900","63000","63100","63200","63300","63400","63500","62500","62400","62300","62200","62100","62000","61900","61800","61700","61600","1086","10","1216","242","59","520","20","73","72","348","537","716","1390","671","575","1196","285","132","31","93","3646","5626","0","0","0","0","0","-63000","5","-100.00","1166","0","15","0","0","","0","0","0","","",""
"080114","0002","0","62600","62700","62800","62900","63000","63100","63200","63300","63400","63500","62500","62400","62300","62200","62100","62000","61900","61800","61700","61600","1086","10","1216","242","59","520","20","73","72","348","537","716","1390","671","575","1206","285","132","31","93","3646","5636","0","0","0","0","0","-63000","5","-100.00","1166","0","10","0","0","","0","0","0","","",""
"080115","0000","0","62600","62700","62800","62900","63000","63100","63200","63300","63400","63500","62500","62400","62300","62200","62100","62000","61900","61800","61700","61600","1086","10","1216","242","59","520","20","73","72","348","537","716","1390","671","575","1216","285","132","31","93","3646","5646","0","0","0","0","0","-63000","5","-100.00","1166","0","10","0","0","","0","0","0","","",""
"080115","0001","0","62600","62700","62800","62900","63000","63100","63200","63300","63400","63500","62500","62400","62300","62200","62100","62000","61900","61800","61700","61600","1086","10","1216","242","59","520","20","73","72","348","537","716","1390","721","575","1216","285","132","31","93","3646","5696","0","0","0","0","0","-63000","5","-100.00","1166","0","50","0","0","","0","0","0","","",""
"080115","0002","0","62600","62700","62800","62900","63000","63100","63200","63300","63400","63500","62500","62400","62300","62200","62100","62000","61900","61800","61700","61600","1086","10","1216","242","59","520","20","73","72","348","685","716","1390","721","575","1216","285","132","31","93","3646","5844","0","0","0","0","0","-63000","5","-100.00","1166","0","148","0","0","","0","0","0","","",""
"080116","0000","0","62600","62700","62800","62900","63000","63100","63200","63300","63400","63500","62500","62400","62300","62200","62100","62000","61900","61800","61700","61600","1086","10","1216","242","59","520","20","73","72","348","705","716","1390","721","575","1216","285","132","31","93","3646","5864","0","0","0","0","0","-63000","5","-100.00","1166","0","20","0","0","","0","0","0","","",""
"080116","0001","0","62600","62800","62900","63000","63100","63200","63300","63400","63500","63600","62500","62400","62300","62200","62100","62000","61900","61800","61700","61600","1086","1216","242","59","520","20","73","120","348","50","695","716","1390","721","575","1216","285","132","31","93","3734","5854","0","0","0","0","0","-63000","5","-100.00","1176","88","-10","0","0","","0","0","0","","",""
"080116","0002","0","62600","62800","62900","63000","63100","63200","63300","63400","63500","63600","62500","62400","62300","62200","62100","62000","61900","61800","61700","61600","1086","1216","242","59","520","20","73","120","348","50","695","716","1391","721","575","1216","285","132","31","93","3734","5855","0","0","0","0","0","-63000","5","-100.00","1176","0","1","0","0","","0","0","0","","",""
"080117","0000","0","62600","62800","62900","63000","63100","63200","63300","63400","63500","63600","62500","62400","62300","62200","62100","62000","61900","61800","61700","61600","1086","1216","242","59","520","20","73","120","348","50","696","716","1391","721","575","1216","285","132","31","93","3734","5856","0","0","0","0","0","-63000","5","-100.00","1176","0","1","0","0","","0","0","0","","",""
"080117","0001","0","62600","62800","62900","63000","63100","63200","63300","63400","63500","63600","62500","62400","62300","62200","62100","62000","61900","61800","61700","61600","1086","1216","242","59","520","20","73","120","348","50","700","916","1391","721","575","1216","295","132","31","93","3734","6070","0","0","0","0","0","-63000","5","-100.00","1176","0","10","0","0","","0","0","0","","",""
"080117","0002","0","62600","62800","62900","63000","63100","63200","63300","63400","63500","63600","62500","62400","62300","62200","62100","62000","61900","61800","61700","61600","1086","1216","242","59","520","20","73","120","348","50","1","651","1391","721","575","1216","295","132","31","93","3734","5106","0","0","0","0","0","-63000","5","-100.00","2141","0","-304","0","0","","0","0","0","","",""
"080117","0003","0","62600","62800","62900","63000","63100","63200","63300","63400","63500","63600","62500","62400","62300","62200","62100","62000","61900","61800","61700","61600","1086","1216","242","59","520","20","73","120","348","50","1","651","1391","721","575","1216","295","432","31","93","3734","5406","0","0","0","0","0","-63000","5","-100.00","2141","0","300","0","0","","0","0","0","","",""
"080117","0004","0","62600","62800","62900","63000","63100","63200","63300","63400","63500","63600","62500","62400","62300","62200","62100","62000","61900","61800","61700","61600","1086","1216","242","59","520","20","73","120","349","50","31","651","1391","721","575","1216","295","432","31","93","3735","5436","0","0","0","0","0","-63000","5","-100.00","2141","1","0","0","0","","0","0","0","","",""
"080118","0000","0","62600","62800","62900","63000","63100","63200","63300","63400","63500","63600","62500","62400","62300","62200","62100","62000","61900","61800","61700","61600","1086","1216","242","59","520","20","73","120","349","50","31","651","1391","721","575","1216","295","432","41","93","3735","5446","0","0","0","0","0","-63000","5","-100.00","2141","0","10","0","0","","0","0","0","","",""
"080118","0001","0","62600","62800","62900","63000","63100","63200","63300","63400","63500","63600","62500","62400","62300","62200","62100","62000","61900","61800","61700","61600","1086","1216","242","59","520","20","73","120","349","50","31","651","1391","721","575","1216","295","442","41","93","3735","5456","0","0","0","0","0","-63000","5","-100.00","2141","0","10","0","0","","0","0","0","","",""
"080118","0002","0","62600","62800","62900","63000","63100","63200","63300","63400","63500","63600","62500","62400","62300","62200","62100","62000","61900","61800","61700","61600","1086","1216","242","59","520","20","73","120","349","50","31","661","1391","721","575","1224","295","442","41","93","3735","5474","0","0","0","0","0","-63000","5","-100.00","2141","0","8","0","0","","0","0","0","","",""
"080118","0003","0","62600","62800","62900","63000","63100","63200","63300","63400","63500","63600","62500","62400","62300","62200","62100","62000","61900","61800","61700","61600","1086","1207","242","59","520","20","73","120","349","50","31","671","1391","721","575","1229","295","442","41","93","3726","5489","0","0","0","0","0","-63000","5","-100.00","2141","-9","0","0","0","","0","0","0","","",""
"080119","0000","0","62600","62800","62900","63000","63100","63200","63300","63400","63500","63600","62500","62400","62300","62200","62100","62000","61900","61800","61700","61600","1056","1207","242","59","520","20","73","120","349","50","31","671","1391","721","575","1229","295","442","41","93","3696","5489","0","0","0","0","0","-63000","5","-100.00","2141","-30","0","0","0","","0","0","0","","",""
"080119","0001","0","62600","62800","62900","63000","63100","63200","63300","63400","63500","63600","62500","62400","62300","62200","62100","62000","61900","61800","61700","61600","1056","1207","242","59","520","20","73","120","349","50","31","671","1391","721","585","1229","295","452","41","93","3696","5509","0","0","0","0","0","-63000","5","-100.00","2141","0","20","0","0","","0","0","0","","",""
"080119","0002","0","62600","62800","62900","63000","63100","63200","63300","63400","63500","63600","62500","62400","62300","62200","62100","62000","61900","61800","61700","61600","1056","1207","242","59","520","20","73","120","349","50","31","671","1391","721","585","1229","300","452","41","93","3696","5514","0","0","0","0","0","-63000","5","-100.00","2141","0","5","0","0","","0","0","0","","",""
"080119","0003","0","62600","62800","62900","63000","63100","63200","63300","63400","63500","63600","62500","62400","62300","62200","62100","62000","61900","61800","61700","61600","1056","1207","242","69","520","20","73","120","349","50","31","673","1391","721","585","1229","300","452","41","93","3706","5516","0","0","0","0","0","-63000","5","-100.00","2141","0","2","0","0","","0","0","0","","",""
"080119","0004","0","62600","62800","62900","63000","63100","63200","63300","63400","63500","63600","62500","62400","62300","62200","62100","62000","61900","61800","61700","61600","1056","1207","242","69","520","20","73","120","349","50","31","673","1391","721","585","1229","300","452","41","103","3706","5526","0","0","0","0","0","-63000","5","-100.00","2141","0","10","0","0","","0","0","0","","",""
"080120","0000","0","62600","62800","62900","63000","63100","63200","63300","63400","63500","63600","62500","62400","62300","62200","62100","62000","61900","61800","61700","61600","1056","1207","242","69","520","20","73","120","349","50","29","673","1391","721","585","1229","300","452","41","103","3706","5524","0","0","0","0","0","-63000","5","-100.00","2143","0","-2","0","0","","0","0","0","","",""
"080121","0000","0","62600","62800","62900","63000","63100","63200","63300","63400","63500","63600","62500","62400","62300","62200","62100","62000","61900","61800","61700","61600","1056","1207","242","69","520","20","73","120","349","50","29","674","1391","722","585","1229","300","452","41","103","3706","5526","0","0","0","0","0","-63000","5","-100.00","2143","0","1","0","0","","0","0","0","","",""
"080121","0001","0","62600","62800","62900","63000","63100","63200","63300","63400","63500","63600","62500","62400","62300","62200","62100","62000","61900","61800","61700","61600","1056","1207","242","69","520","20","73","120","349","50","29","674","1391","722","585","1229","300","452","41","104","3706","5527","0","0","0","0","0","-63000","5","-100.00","2143","0","1","0","0","","0","0","0","","",""
"080122","0000","0","62600","62800","62900","63000","63100","63200","63300","63400","63500","63600","62500","62400","62300","62200","62100","62000","61900","61800","61700","61600","1156","1207","242","69","520","20","73","120","349","50","29","674","1391","722","585","1229","300","452","42","104","3806","5528","0","0","0","0","0","-63000","5","-100.00","2143","100","1","0","0","","0","0","0","","",""
"080122","0001","0","62600","62800","62900","63000","63100","63200","63300","63400","63500","63600","62500","62400","62300","62200","62100","62000","61900","61800","61700","61600","1156","1207","242","69","520","20","73","120","349","50","29","674","1391","722","585","1231","300","452","42","104","3806","5530","0","0","0","0","0","-63000","5","-100.00","2143","0","2","0","0","","0","0","0","","",""
"080123","0000","0","62600","62800","62900","63000","63100","63200","63300","63400","63500","63600","62500","62400","62300","62200","62100","62000","61900","61800","61700","61600","1156","1207","242","69","520","20","73","120","349","50","29","674","1391","722","585","1236","300","452","42","104","3806","5535","0","0","0","0","0","-63000","5","-100.00","2143","0","5","0","0","","0","0","0","","",""
"080123","0001","0","62600","62800","62900","63000","63100","63200","63300","63400","63500","63600","62500","62400","62300","62200","62100","62000","61900","61800","61700","61600","1156","1207","242","69","520","20","73","120","349","50","29","675","1391","722","585","1236","305","452","42","104","3806","5541","0","0","0","0","0","-63000","5","-100.00","2143","0","6","0","0","","0","0","0","","",""
"080123","0002","0","62600","62800","62900","63000","63100","63200","63300","63400","63500","63600","62500","62400","62300","62200","62100","62000","61900","61800","61700","61600","1156","1207","242","69","520","20","73","120","349","50","29","675","1391","722","585","1236","305","457","42","104","3806","5546","0","0","0","0","0","-63000","5","-100.00","2143","0","5","0","0","","0","0","0","","",""
"080123","0003","0","62600","62800","62900","63000","63100","63200","63300","63400","63500","63600","62500","62400","62300","62200","62100","62000","61900","61800","61700","61600","1161","1207","242","69","520","20","73","120","349","50","29","675","1391","722","585","1236","305","457","42","104","3811","5546","0","0","0","0","0","-63000","5","-100.00","2143","5","0","0","0","","0","0","0","","",""
"080124","0000","0","62600","62800","62900","63000","63100","63200","63300","63400","63500","63600","62500","62400","62300","62200","62100","62000","61900","61800","61700","61600","1161","1207","242","69","520","20","73","120","349","50","29","675","1391","722","585","1236","305","457","43","104","3811","5547","0","0","0","0","0","-63000","5","-100.00","2143","0","1","0","0","","0","0","0","","",""
"080124","0001","0","62500","62600","62800","62900","63000","63100","63200","63300","63400","63500","62400","62300","62200","62100","62000","61900","61800","61700","61600","61500","32","1161","1207","242","69","520","20","73","120","349","675","1391","722","585","1236","305","457","43","104","320","3793","5838","0","0","0","0","0","-63000","5","-100.00","2172","-18","291","0","0","","0","0","0","","",""
"080124","0002","0","62500","62600","62800","62900","63000","63100","63200","63300","63400","63500","62400","62300","62200","62100","62000","61900","61800","61700","61600","61500","32","1161","1207","242","69","520","20","73","120","349","675","1392","722","585","1236","305","457","43","104","320","3793","5839","0","0","0","0","0","-63000","5","-100.00","2172","0","1","0","0","","0","0","0","","",""
"080125","0000","0","62500","62600","62800","62900","63000","63100","63200","63300","63400","63500","62400","62300","62200","62100","62000","61900","61800","61700","61600","61500","27","1161","1207","242","69","520","20","73","120","349","677","1392","722","585","1236","305","457","43","104","320","3788","5841","0","0","0","0","0","-63000","5","-100.00","2177","0","2","0","0","","0","0","0","","",""
"080125","0001","0","62600","62800","62900","63000","63100","63200","63300","63400","63500","63600","62500","62400","62300","62200","62100","62000","61900","61800","61700","61600","1161","1207","242","69","520","20","73","120","349","50","12","677","1392","722","585","1236","305","457","43","104","3811","5533","0","0","0","0","0","-63000","5","-100.00","2204","23","-308","0","0","","0","0","0","","",""
"080125","0002","0","62600","62800","62900","63000","63100","63200","63300","63400","63500","63600","62500","62400","62300","62200","62100","62000","61900","61800","61700","61600","1172","1196","242","69","520","20","73","120","349","50","62","677","1392","722","585","1236","305","457","43","104","3811","5583","0","0","0","0","0","-63000","5","-100.00","2204","0","20","0","0","","0","0","0","","",""
"080125","0003","0","62600","62800","62900","63000","63100","63200","63300","63400","63500","63600","62500","62400","62300","62200","62100","62000","61900","61800","61700","61600","1172","1196","242","69","520","20","73","120","349","150","62","677","1392","722","586","1236","305","457","43","104","3911","5584","0","0","0","0","0","-63000","5","-100.00","2204","100","0","0","0","","0","0","0","","",""
"080125","0004","0","62600","62800","62900","63000","63100","63200","63300","63400","63500","63600","62500","62400","62300","62200","62100","62000","61900","61800","61700","61600","1172","1196","242","69","520","20","73","120","349","150","59","677","1392","722","586","1236","305","457","543","104","3911","6081","0","0","0","0","0","-63000","5","-100.00","2207","0","-3","0","0","","0","0","0","","",""
"080126","0000","0","62600","62800","62900","63000","63100","63200","63300","63400","63500","63600","62500","62400","62300","62200","62100","62000","61900","61800","61700","61600","1172","1196","242","69","520","20","73","120","349","150","60","677","1392","722","586","1236","305","457","543","104","3911","6082","0","0","0","0","0","-63000","5","-100.00","2207","0","1","0","0","","0","0","0","","",""
"080126","0001","0","62600","62800","62900","63000","63100","63200","63300","63400","63500","63600","62500","62400","62300","62200","62100","62000","61900","61800","61700","61600","1172","1196","242","69","520","20","73","120","349","150","60","687","1392","722","586","1236","305","457","543","104","3911","6092","0","0","0","0","0","-63000","5","-100.00","2207","0","10","0","0","","0","0","0","","",""
"080127","0000","0","62600","62800","62900","63000","63100","63200","63300","63400","63500","63600","62500","62400","62300","62200","62100","62000","61900","61800","61700","61600","1172","1196","242","69","520","20","73","120","349","150","60","687","1592","722","586","1239","305","457","543","104","3911","6295","0","0","0","0","0","-63000","5","-100.00","2207","0","203","0","0","","0","0","0","","",""
"080128","0000","0","62600","62800","62900","63000","63100","63200","63300","63400","63500","63600","62500","62400","62300","62200","62100","62000","61900","61800","61700","61600","1172","1196","242","69","520","20","73","120","349","150","60","687","1592","722","586","1239","335","457","543","104","3911","6325","0","0","0","0","0","-63000","5","-100.00","2207","0","30","0","0","","0","0","0","","",""
"080128","0001","0","62600","62800","62900","63000","63100","63200","63300","63400","63500","63600","62500","62400","62300","62200","62100","62000","61900","61800","61700","61600","1172","1196","242","69","520","20","73","120","349","150","60","737","1594","722","586","1239","335","457","543","104","3911","6377","0","0","0","0","0","-63000","5","-100.00","2207","0","2","0","0","","0","0","0","","",""
"080128","0002","0","62600","62800","62900","63000","63100","63200","63300","63400","63500","63600","62500","62400","62300","62200","62100","62000","61900","61800","61700","61600","1172","1196","242","69","520","20","73","120","349","150","60","737","1594","723","586","1239","335","457","543","104","3911","6378","0","0","0","0","0","-63000","5","-100.00","2207","0","1","0","0","","0","0","0","","",""
"080129","0000","0","62600","62800","62900","63000","63100","63200","63300","63400","63500","63600","62500","62400","62300","62200","62100","62000","61900","61800","61700","61600","1172","1196","242","69","520","20","73","120","349","150","65","737","1594","723","586","1239","335","457","543","104","3911","6383","0","0","0","0","0","-63000","5","-100.00","2207","0","5","0","0","","0","0","0","","",""
"080129","0001","0","62600","62800","62900","63000","63100","63200","63300","63400","63500","63600","62500","62400","62300","62200","62100","62000","61900","61800","61700","61600","1172","1196","242","69","520","20","73","120","349","646","65","737","1594","723","587","1239","335","457","543","104","4407","6384","0","0","0","0","0","-63000","5","-100.00","2207","496","1","0","0","","0","0","0","","",""
"080129","0002","0","62600","62800","62900","63000","63100","63200","63300","63400","63500","63600","62500","62400","62300","62200","62100","62000","61900","61800","61700","61600","1172","1196","242","69","520","20","73","120","349","646","65","738","1595","723","587","1239","335","469","543","104","4407","6398","0","0","0","0","0","-63000","5","-100.00","2207","0","3","0","0","","0","0","0","","",""
"080129","0003","0","62600","62800","62900","63000","63100","63200","63300","63400","63500","63600","62500","62400","62300","62200","62100","62000","61900","61800","61700","61600","1172","1196","242","69","520","20","73","120","349","646","54","738","1595","923","587","1239","336","469","543","104","4407","6588","0","0","0","0","0","-63000","5","-100.00","2218","0","-10","0","0","","0","0","0","","",""
"080129","0004","0","62600","62800","62900","63000","63100","63200","63300","63400","63500","63600","62500","62400","62300","62200","62100","62000","61900","61800","61700","61600","1172","1196","242","69","520","20","73","120","349","646","59","738","1595","923","587","1240","336","469","543","104","4407","6594","0","0","0","0","0","-63000","5","-100.00","2218","0","6","0","0","","0","0","0","","",""
"080130","0000","0","62600","62800","62900","63000","63100","63200","63300","63400","63500","63600","62500","62400","62300","62200","62100","62000","61900","61800","61700","61600","1172","1196","242","69","520","20","73","120","349","646","69","738","1595","923","587","1242","336","469","543","104","4407","6606","0","0","0","0","0","-63000","5","-100.00","2218","0","2","0","0","","0","0","0","","",""
"080130","0001","0","62600","62800","62900","63000","63100","63200","63300","63400","63500","63600","62500","62400","62300","62200","62100","62000","61900","61800","61700","61600","1172","1196","242","69","520","20","73","120","349","646","71","738","1596","923","587","1242","336","469","543","104","4407","6609","0","0","0","0","0","-63000","5","-100.00","2218","0","1","0","0","","0","0","0","","",""
"080130","0002","0","62600","62800","62900","63000","63100","63200","63300","63400","63500","63600","62500","62400","62300","62200","62100","62000","61900","61800","61700","61600","1172","1196","242","69","520","20","73","140","349","646","71","848","1596","923","588","1242","336","469","543","104","4427","6720","0","0","0","0","0","-63000","5","-100.00","2218","0","110","0","0","","0","0","0","","",""
"080130","0003","0","62600","62800","62900","63000","63100","63200","63300","63400","63500","63600","62500","62400","62300","62200","62100","62000","61900","61800","61700","61600","1172","1196","242","69","520","20","73","140","349","646","71","848","1596","923","588","1242","336","969","543","104","4427","7220","0","0","0","0","0","-63000","5","-100.00","2218","0","500","0","0","","0","0","0","","",""
"080130","0004","0","62600","62800","62900","63000","63100","63200","63300","63400","63500","63600","62500","62400","62300","62200","62100","62000","61900","61800","61700","61600","1172","1196","242","69","520","20","73","140","349","646","71","848","1596","923","588","1242","336","969","543","109","4427","7225","0","0","0","0","0","-63000","5","-100.00","2218","0","5","0","0","","0","0","0","","",""
"080131","0000","0","62600","62800","62900","63000","63100","63200","63300","63400","63500","63600","62500","62400","62300","62200","62100","62000","61900","61800","61700","61600","1172","1196","242","69","520","20","73","140","349","646","73","848","1600","923","588","1242","336","969","543","109","4427","7231","0","0","0","0","0","-63000","5","-100.00","2218","0","2","0","0","","0","0","0","","",""
"080132","0000","0","62600","62800","62900","63000","63100","63200","63300","63400","63500","63600","62500","62400","62300","62200","62100","62000","61900","61800","61700","61600","1172","1196","242","69","520","20","73","140","349","646","73","853","1600","923","588","1242","336","969","544","109","4427","7237","0","0","0","0","0","-63000","5","-100.00","2218","0","1","0","0","","0","0","0","","",""
"080132","0001","0","62600","62800","62900","63000","63100","63200","63300","63400","63500","63600","62500","62400","62300","62200","62100","62000","61900","61800","61700","61600","1172","1196","242","69","520","20","73","140","349","646","73","853","1600","923","588","1242","336","969","549","109","4427","7242","0","0","0","0","0","-63000","5","-100.00","2218","0","5","0","0","","0","0","0","","",""
"080132","0002","0","62600","62800","62900","63000","63100","63200","63300","63400","63500","63600","62500","62400","62300","62200","62100","62000","61900","61800","61700","61600","1169","1196","242","69","520","20","73","140","349","646","63","853","1600","923","588","1242","337","969","549","109","4424","7233","0","0","0","0","0","-63000","5","-100.00","2228","-3","-9","0","0","","0","0","0","","",""
"080132","0003","0","62600","62800","62900","63000","63100","63200","63300","63400","63500","63600","62500","62400","62300","62200","62100","62000","61900","61800","61700","61600","1169","1196","242","69","520","20","73","140","349","646","66","853","1600","923","588","1242","337","969","549","109","4424","7236","0","0","0","0","0","-63000","5","-100.00","2228","0","3","0","0","","0","0","0","","",""
"080133","0000","0","62600","62800","62900","63000","63100","63200","63300","63400","63500","63600","62500","62400","62300","62200","62100","62000","61900","61800","61700","61600","1169","1196","242","69","520","20","73","140","349","646","66","851","1650","923","588","1242","337","969","564","109","4424","7299","0","0","0","0","0","-63000","5","-100.00","2228","0","65","0","0","","0","0","0","","",""
"080133","0001","0","62600","62800","62900","63000","63100","63200","63300","63400","63500","63600","62500","62400","62300","62200","62100","62000","61900","61800","61700","61600","1169","1196","242","69","521","20","73","140","349","646","66","851","1650","923","588","1242","337","969","564","109","4425","7299","0","0","0","0","0","-63000","5","-100.00","2228","1","0","0","0","","0","0","0","","",""
"080133","0002","0","62600","62800","62900","63000","63100","63200","63300","63400","63500","63600","62500","62400","62300","62200","62100","62000","61900","61800","61700","61600","1169","1196","242","69","521","20","73","140","349","646","16","852","1650","923","588","1242","337","969","564","109","4425","7250","0","0","0","0","0","-63000","5","-100.00","2278","0","-50","0","0","","0","0","0","","",""
"080133","0003","0","62600","62800","62900","63000","63100","63200","63300","63400","63500","63600","62500","62400","62300","62200","62100","62000","61900","61800","61700","61600","1169","1196","242","69","521","20","73","140","349","646","16","852","1650","924","588","1242","337","969","564","109","4425","7251","0","0","0","0","0","-63000","5","-100.00","2278","0","1","0","0","","0","0","0","","",""
"080134","0000","0","62600","62800","62900","63000","63100","63200","63300","63400","63500","63600","62500","62400","62300","62200","62100","62000","61900","61800","61700","61600","1169","1196","242","69","521","20","73","140","349","646","16","852","1650","924","588","1242","337","969","564","209","4425","7351","0","0","0","0","0","-63000","5","-100.00","2278","0","100","0","0","","0","0","0","","",""
"080134","0001","0","62600","62800","62900","63000","63100","63200","63300","63400","63500","63600","62500","62400","62300","62200","62100","62000","61900","61800","61700","61600","1169","1196","242","69","521","20","73","140","349","646","18","852","1650","924","588","1242","337","969","564","209","4425","7353","0","0","0","0","0","-63000","5","-100.00","2278","0","2","0","0","","0","0","0","","",""
"080134","0002","0","62500","62600","62800","62900","63000","63100","63200","63300","63400","63500","62400","62300","62200","62100","62000","61900","61800","61700","61600","61500","4","1169","1196","242","69","521","20","73","140","349","852","1650","924","588","1242","337","969","564","209","335","3783","7670","0","0","0","0","0","-63000","5","-100.00","2296","-642","317","0","0","","0","0","0","","",""
"080134","0003","0","62500","62600","62800","62900","63000","63100","63200","63300","63400","63500","62400","62300","62200","62100","62000","61900","61800","61700","61600","61500","4","1169","1196","242","69","521","20","73","140","349","852","1650","925","588","1242","337","970","564","209","335","3783","7672","0","0","0","0","0","-63000","5","-100.00","2296","0","1","0","0","","0","0","0","","",""
"080135","0000","0","62500","62600","62800","62900","63000","63100","63200","63300","63400","63500","62400","62300","62200","62100","62000","61900","61800","61700","61600","61500","4","1169","1196","242","69","521","20","73","140","349","852","1650","925","588","1342","337","970","564","209","335","3783","7772","0","0","0","0","0","-63000","5","-100.00","2296","0","100","0","0","","0","0","0","","",""
"080135","0001","0","62600","62800","62900","63000","63100","63200","63300","63400","63500","63600","62400","62300","62200","62100","62000","61900","61800","61700","61600","61500","1145","1196","242","69","521","20","73","140","349","646","852","1650","925","588","1382","337","970","564","209","335","4401","7812","0","0","0","0","0","-63000","5","-100.00","2324","0","40","0","0","","0","0","0","","",""
"080136","0000","0","62600","62800","62900","63000","63100","63200","63300","63400","63500","63600","62400","62300","62200","62100","62000","61900","61800","61700","61600","61500","1145","1196","242","69","521","20","73","140","349","646","856","1650","925","588","1382","337","970","564","209","335","4401","7816","0","0","0","0","0","-63000","5","-100.00","2324","0","1","0","0","","0","0","0","","",""
"080136","0001","0","62600","62800","62900","63000","63100","63200","63300","63400","63500","63600","62500","62400","62300","62200","62100","62000","61900","61800","61700","61600","1145","1196","242","69","521","20","73","140","349","646","60","856","1650","925","588","1382","337","970","564","209","4401","7541","0","0","0","0","0","-63000","5","-100.00","2324","0","40","0","0","","0","0","0","","",""
"080136","0002","0","62600","62800","62900","63000","63100","63200","63300","63400","63500","63600","62500","62400","62300","62200","62100","62000","61900","61800","61700","61600","1145","1196","242","69","521","20","73","140","349","646","61","856","1650","925","626","1382","337","970","564","209","4401","7580","0","0","0","0","0","-63000","5","-100.00","2324","0","1","0","0","","0","0","0","","",""
"080137","0000","0","62600","62800","62900","63000","63100","63200","63300","63400","63500","63600","62500","62400","62300","62200","62100","62000","61900","61800","61700","61600","1145","1196","242","69","521","20","73","140","349","646","72","856","1700","925","626","1382","337","970","564","209","4401","7641","0","0","0","0","0","-63000","5","-100.00","2324","0","60","0","0","","0","0","0","","",""
"080137","0001","0","62600","62800","62900","63000","63100","63200","63300","63400","63500","63600","62500","62400","62300","62200","62100","62000","61900","61800","61700","61600","1145","1196","242","69","521","20","73","140","349","646","72","860","1700","925","626","1382","337","970","564","209","4401","7645","0","0","0","0","0","-63000","5","-100.00","2324","0","4","0","0","","0","0","0","","",""
"080137","0002","0","62600","62800","62900","63000","63100","63200","63300","63400","63500","63600","62500","62400","62300","62200","62100","62000","61900","61800","61700","61600","1145","1196","242","69","521","20","73","140","349","646","73","860","1700","925","625","1382","337","970","564","209","4401","7645","0","0","0","0","0","-63000","5","-100.00","2324","0","0","0","0","","0","0","0","","",""
