"time","millisec","HOUR_CLS_CODE","ASKP1","ASKP2","ASKP3","ASKP4","ASKP5","ASKP6","ASKP7","ASKP8","ASKP9","ASKP10","BIDP1","BIDP2","BIDP3","BIDP4","BIDP5","BIDP6","BIDP7","BIDP8","BIDP9","BIDP10","ASKP_RSQN1","ASKP_RSQN2","ASKP_RSQN3","ASKP_RSQN4","ASKP_RSQN5","ASKP_RSQN6","ASKP_RSQN7","ASKP_RSQN8","ASKP_RSQN9","ASKP_RSQN10","BIDP_RSQN1","BIDP_RSQN2","BIDP_RSQN3","BIDP_RSQN4","BIDP_RSQN5","BIDP_RSQN6","BIDP_RSQN7","BIDP_RSQN8","BIDP_RSQN9","BIDP_RSQN10","TOTAL_ASKP_RSQN","TOTAL_BIDP_RSQN","OVTM_TOTAL_ASKP_RSQN","OVTM_TOTAL_BIDP_RSQN","ANTC_CNPR","ANTC_CNQN","ANTC_VOL","ANTC_CNTG_VRSS","ANTC_CNTG_VRSS_SIGN","ANTC_CNTG_PRDY_CTRT","ACML_VOL","TOTAL_ASKP_RSQN_ICDC","TOTAL_BIDP_RSQN_ICDC","OVTM_TOTAL_ASKP_ICDC","OVTM_TOTAL_BIDP_ICDC","STCK_DEAL_CLS_CODE","KMID_PRC","KMID_TOTAL_RSQN","KMID_CLS_CODE","NMID_PRC","NMID_TOTAL_RSQN","NMID_CLS_CODE"
"080000","0000","0","100500","101400","109300","0","0","0","0","0","0","0","98200","75100","0","0","0","0","0","0","0","0","4","25","1","0","0","0","0","0","0","0","170","40","0","0","0","0","0","0","0","0","30","210","0","0","0","0","0","-100000","5","-100.00","0","0","0","0","0","","0","0","0","","",""
"080001","0000","0","99800","100000","100200","100500","101300","101400","102000","102200","103000","105000","99000","98500","98300","98200","88500","75100","0","0","0","0","50","91","500","304","1","25","1","1","1","2","328","5","10","170","100","40","0","0","0","0","976","653","0","0","0","0","0","-100000","5","-100.00","0","946","443","0","0","","0","0","0","","",""
"080001","0001","0","99800","99900","100000","100200","100500","100800","101300","101400","102000","102200","99000","98700","98600","98500","98300","98200","98000","88500","75100","0","50","1200","556","500","304","255","1","25","36","1","62","5","400","5","10","170","7","100","40","0","2928","799","0","0","0","0","0","-100000","5","-100.00","266","1952","146","0","0","","0","0","0","","",""
"080002","0000","0","99300","99800","99900","100000","100100","100200","100500","100800","101300","101400","99000","98700","98600","98500","98300","98200","98000","97000","96500","95000","50","50","1310","556","100","500","304","255","1","25","63","5","400","5","10","170","7","100","1","1","3151","762","0","0","0","0","0","-100000","5","-100.00","266","223","-37","0","0","","0","0","0","","",""
"080002","0001","0","99300","99800","99900","100000","100100","100200","100500","100700","100800","101300","99100","99000","98900","98700","98600","98500","98300","98200","98000","97100","48","50","1310","556","100","500","304","905","255","1","1","63","1","6","450","6","11","170","7","5","4029","720","0","0","0","0","0","-100000","5","-100.00","268","878","-42","0","0","","0","0","0","","",""
"080003","0000","0","99300","99800","99900","100000","100100","100200","100500","100700","100800","101300","99100","99000","98900","98700","98600","98500","98300","98200","98000","97100","48","50","1310","556","100","500","304","905","255","1","1","63","1","6","450","6","11","175","7","5","4029","725","0","0","0","0","0","-100000","5","-100.00","268","0","5","0","0","","0","0","0","","",""
"080003","0001","0","99300","99800","99900","100000","100100","100200","100500","100700","100800","101300","99100","99000","98900","98700","98600","98500","98300","98200","98000","97100","48","50","1310","556","100","500","304","905","255","1","1","63","1","6","455","6","11","175","7","5","4029","730","0","0","0","0","0","-100000","5","-100.00","268","0","5","0","0","","0","0","0","","",""
"080004","0000","0","99300","99800","99900","100000","100100","100200","100500","100700","100800","100900","99100","99000","98900","98800","98700","98600","98500","98300","98200","98000","48","50","1402","556","100","500","309","905","255","2","1","63","1","62","6","455","6","11","175","7","4127","787","0","0","0","0","0","-100000","5","-100.00","268","98","57","0","0","","0","0","0","","",""
"080004","0001","0","99300","99800","99900","100000","100100","100200","100500","100600","100700","100800","99100","99000","98900","98800","98700","98600","98500","98300","98200","98000","48","50","1402","556","100","500","309","40","905","255","1","63","1","62","6","455","6","11","175","7","4165","787","0","0","0","0","0","-100000","5","-100.00","268","38","0","0","0","","0","0","0","","",""
"080005","0000","0","99300","99800","99900","100000","100100","100200","100500","100600","100700","100800","99100","99000","98900","98800","98700","98600","98500","98300","98200","98000","48","50","1502","556","100","500","309","40","905","255","1","63","1","62","6","455","106","11","175","7","4265","887","0","0","0","0","0","-100000","5","-100.00","268","100","100","0","0","","0","0","0","","",""
"080005","0001","0","99300","99700","99800","99900","100000","100100","100200","100500","100600","100700","99100","99000","98900","98800","98700","98600","98500","98300","98200","98000","40","100","50","1502","556","100","500","309","40","905","1","63","1","62","6","455","106","11","175","7","4102","887","0","0","0","0","0","-100000","5","-100.00","276","-163","0","0","0","","0","0","0","","",""
"080006","0000","0","99300","99700","99800","99900","100000","100100","100200","100500","100600","100700","99100","99000","98900","98800","98700","98600","98500","98300","98200","98000","40","100","50","1502","556","100","500","309","40","905","1","363","1","62","6","455","106","11","175","7","4102","1187","0","0","0","0","0","-100000","5","-100.00","276","0","300","0","0","","0","0","0","","",""
"080006","0001","0","99300","99700","99800","99900","100000","100100","100200","100500","100600","100700","99100","99000","98900","98800","98700","98600","98500","98300","98200","98000","40","100","50","1502","556","100","500","309","280","905","1","363","1","62","6","455","106","11","175","7","4342","1187","0","0","0","0","0","-100000","5","-100.00","276","240","0","0","0","","0","0","0","","",""
"080008","0000","0","99300","99700","99800","99900","100000","100100","100200","100500","100600","100700","99100","99000","98900","98800","98700","98600","98500","98300","98200","98000","38","100","50","1502","556","100","500","309","280","905","1","363","1","62","6","455","106","11","175","7","4340","1187","0","0","0","0","0","-100000","5","-100.00","278","-2","0","0","0","","0","0","0","","",""
"080009","0000","0","99300","99700","99800","99900","100000","100100","100200","100400","100500","100600","99100","99000","98900","98800","98700","98600","98500","98300","98200","98000","38","100","50","1502","556","100","500","1","309","280","1","363","1","62","6","455","106","11","175","7","3436","1187","0","0","0","0","0","-100000","5","-100.00","278","-904","0","0","0","","0","0","0","","",""
"080010","0000","0","99300","99700","99800","99900","100000","100100","100200","100400","100500","100600","99100","99000","98900","98800","98700","98600","98500","98300","98200","98000","38","100","50","1502","556","100","500","1","309","280","1","363","1","62","6","455","106","11","176","7","3436","1188","0","0","0","0","0","-100000","5","-100.00","278","0","1","0","0","","0","0","0","","",""
"080012","0000","0","99300","99700","99800","99900","100000","100100","100200","100400","100500","100600","99100","99000","98900","98800","98700","98600","98500","98300","98200","98000","38","100","50","1502","556","100","500","1","309","282","1","363","1","62","6","455","106","11","176","7","3438","1188","0","0","0","0","0","-100000","5","-100.00","278","2","0","0","0","","0","0","0","","",""
"080012","0001","0","99300","99700","99800","99900","100000","100100","100200","100400","100500","100600","99100","99000","98900","98800","98700","98600","98500","98300","98200","98000","38","100","50","1502","556","100","500","1","309","282","1","363","1","62","6","455","106","11","176","8","3438","1189","0","0","0","0","0","-100000","5","-100.00","278","0","1","0","0","","0","0","0","","",""
"080013","0000","0","99300","99700","99800","99900","100000","100100","100200","100400","100500","100600","99100","99000","98900","98800","98700","98600","98500","98300","98200","98000","38","100","150","1502","556","100","500","1","309","282","1","363","1","62","6","455","106","11","176","8","3538","1189","0","0","0","0","0","-100000","5","-100.00","278","100","0","0","0","","0","0","0","","",""
"080013","0001","0","99300","99700","99800","99900","100000","100100","100200","100400","100500","100600","99100","99000","98900","98800","98700","98600","98500","98300","98200","98000","38","100","150","1502","556","100","500","1","309","282","1","363","1","62","6","455","106","11","176","508","3538","1689","0","0","0","0","0","-100000","5","-100.00","278","0","500","0","0","","0","0","0","","",""
"080014","0000","0","99300","99700","99800","99900","100000","100100","100200","100400","100500","100600","99100","99000","98900","98800","98700","98600","98500","98300","98200","98000","38","100","150","1502","566","100","500","1","309","282","1","363","1","62","6","455","106","11","176","508","3548","1689","0","0","0","0","0","-100000","5","-100.00","278","10","0","0","0","","0","0","0","","",""
"080014","0001","0","99300","99700","99800","99900","100000","100100","100200","100400","100500","100600","99100","99000","98900","98800","98700","98600","98500","98300","98200","98000","38","100","150","1502","566","100","500","1","311","282","5","363","1","62","6","455","106","11","176","508","3550","1693","0","0","0","0","0","-100000","5","-100.00","278","2","4","0","0","","0","0","0","","",""
"080015","0000","0","99300","99700","99800","99900","100000","100100","100200","100400","100500","100600","99100","99000","98900","98800","98700","98600","98500","98300","98200","98000","38","100","150","1502","566","100","500","1","312","282","15","363","1","62","6","455","106","11","176","508","3551","1703","0","0","0","0","0","-100000","5","-100.00","278","1","10","0","0","","0","0","0","","",""
"080015","0001","0","98700","99300","99700","99800","99900","100000","100100","100200","100400","100500","98600","98500","98300","98200","98000","97400","97100","97000","96800","96500","39","38","100","150","1502","566","100","500","1","312","455","106","11","176","508","1","6","105","1","61","3308","1430","0","0","0","0","0","-100000","5","-100.00","851","-243","-273","0","0","","0","0","0","","",""
"080016","0000","0","98700","99300","99700","99800","99900","100000","100100","100200","100400","100500","98600","98500","98300","98200","98000","97400","97100","97000","96800","96500","39","38","200","150","1502","566","100","500","1","312","455","106","11","176","508","1","6","105","1","61","3408","1430","0","0","0","0","0","-100000","5","-100.00","851","100","0","0","0","","0","0","0","","",""
"080017","0000","0","98700","99300","99700","99800","99900","100000","100100","100200","100400","100500","98600","98500","98300","98200","98000","97400","97100","97000","96800","96500","39","38","200","150","1502","532","100","500","1","312","455","106","11","176","508","1","6","105","1","61","3374","1430","0","0","0","0","0","-100000","5","-100.00","851","-34","0","0","0","","0","0","0","","",""
"080017","0001","0","99300","99700","99800","99900","100000","100100","100200","100400","100500","100600","98900","98600","98500","98300","98200","98000","97900","97400","97100","97000","38","200","150","1502","532","100","500","3","312","282","11","455","106","11","176","508","1","1","6","105","3619","1380","0","0","0","0","0","-100000","5","-100.00","890","245","-50","0","0","","0","0","0","","",""
"080018","0000","0","99300","99700","99800","99900","100000","100100","100200","100400","100500","100600","98900","98600","98500","98300","98200","98000","97900","97400","97100","97000","38","200","150","1502","532","100","500","3","312","282","11","455","108","11","176","508","1","1","6","105","3619","1382","0","0","0","0","0","-100000","5","-100.00","890","0","2","0","0","","0","0","0","","",""
"080019","0000","0","98900","99300","99700","99800","99900","100000","100100","100200","100400","100500","98600","98500","98300","98200","98000","97900","97400","97100","97000","96800","291","38","200","150","1502","532","100","500","3","312","455","108","11","176","508","1","1","6","105","1","3628","1372","0","0","0","0","0","-100000","5","-100.00","909","9","-10","0","0","","0","0","0","","",""
"080019","0001","0","98900","99300","99700","99800","99900","100000","100100","100200","100400","100500","98600","98500","98300","98200","98000","97900","97400","97100","97000","96800","287","38","200","150","1502","532","100","505","3","312","455","108","11","176","508","1","1","6","105","1","3629","1372","0","0","0","0","0","-100000","5","-100.00","913","1","0","0","0","","0","0","0","","",""
"080020","0000","0","98900","99300","99700","99800","99900","100000","100100","100200","100300","100400","98600","98500","98300","98200","98000","97900","97400","97100","97000","96800","287","38","200","150","1502","532","100","505","2","3","455","108","11","176","508","1","1","6","105","1","3319","1372","0","0","0","0","0","-100000","5","-100.00","913","-310","0","0","0","","0","0","0","","",""
"080021","0000","0","98900","99300","99700","99800","99900","100000","100100","100200","100300","100400","98600","98500","98300","98200","98000","97900","97400","97100","97000","96800","287","38","200","150","1502","702","100","505","2","3","455","108","11","176","508","1","1","6","105","1","3489","1372","0","0","0","0","0","-100000","5","-100.00","913","170","0","0","0","","0","0","0","","",""
"080022","0000","0","98900","99300","99700","99800","99900","100000","100100","100200","100300","100400","98600","98500","98300","98200","98000","97900","97400","97100","97000","96800","287","38","200","150","1502","702","100","505","2","3","465","108","11","176","508","1","1","6","105","1","3489","1382","0","0","0","0","0","-100000","5","-100.00","913","0","10","0","0","","0","0","0","","",""
"080022","0001","0","98900","99300","99700","99800","99900","100000","100100","100200","100300","100400","98600","98500","98300","98200","98000","97900","97400","97100","97000","96800","287","38","200","150","1502","702","100","505","2","3","470","108","11","176","512","1","1","6","105","1","3489","1391","0","0","0","0","0","-100000","5","-100.00","913","0","9","0","0","","0","0","0","","",""
"080023","0000","0","98900","99300","99700","99800","99900","100000","100100","100200","100300","100400","98600","98500","98300","98200","98000","97900","97400","97100","97000","96800","287","38","200","150","1502","702","100","505","2","3","470","108","11","176","512","2","1","6","105","1","3489","1392","0","0","0","0","0","-100000","5","-100.00","913","0","1","0","0","","0","0","0","","",""
"080023","0001","0","98700","99300","99700","99800","99900","100000","100100","100200","100300","100400","98600","98500","98300","98200","98000","97900","97400","97100","97000","96800","286","38","200","150","1502","702","100","505","2","3","470","108","11","176","512","2","1","6","105","1","3488","1392","0","0","0","0","0","-100000","5","-100.00","914","-1","0","0","0","","0","0","0","","",""
"080023","0002","0","98700","99300","99700","99800","99900","100000","100100","100200","100300","100400","98600","98500","98300","98200","98000","97900","97400","97100","97000","96800","286","38","200","150","1502","702","100","505","2","3","657","108","11","176","512","2","1","6","105","1","3488","1579","0","0","0","0","0","-100000","5","-100.00","914","0","187","0","0","","0","0","0","","",""
"080024","0000","0","98700","99300","99700","99800","99900","100000","100100","100200","100300","100400","98600","98500","98300","98200","98000","97900","97500","97400","97100","97000","286","38","200","150","1502","702","100","505","2","3","657","108","11","176","512","2","5","1","6","105","3488","1583","0","0","0","0","0","-100000","5","-100.00","914","0","4","0","0","","0","0","0","","",""
"080024","0001","0","98700","99300","99700","99800","99900","100000","100100","100200","100300","100400","98600","98500","98300","98200","98000","97900","97500","97400","97100","97000","286","38","200","150","1502","702","100","507","2","3","657","108","11","176","512","2","5","1","6","105","3490","1583","0","0","0","0","0","-100000","5","-100.00","914","2","0","0","0","","0","0","0","","",""
"080025","0000","0","98700","99300","99700","99800","99900","100000","100100","100200","100300","100400","98600","98500","98300","98200","98000","97900","97500","97400","97100","97000","286","38","200","150","1502","702","100","507","2","3","657","108","211","176","512","2","5","1","6","105","3490","1783","0","0","0","0","0","-100000","5","-100.00","914","0","200","0","0","","0","0","0","","",""
"080025","0001","0","98700","99300","99700","99800","99900","100000","100100","100200","100300","100400","98600","98500","98300","98200","98000","97900","97500","97400","97100","97000","281","38","200","150","1502","702","100","507","2","3","657","108","211","176","512","2","5","1","6","105","3485","1783","0","0","0","0","0","-100000","5","-100.00","919","-5","0","0","0","","0","0","0","","",""
"080026","0000","0","98700","99300","99700","99800","99900","100000","100100","100200","100300","100400","98600","98500","98300","98200","98000","97900","97500","97400","97100","97000","281","38","200","150","1502","702","100","507","2","3","657","108","211","276","512","2","5","1","6","105","3485","1883","0","0","0","0","0","-100000","5","-100.00","919","0","100","0","0","","0","0","0","","",""
"080026","0001","0","98700","99300","99700","99800","99900","100000","100100","100200","100300","100400","98600","98500","98300","98200","98000","97900","97500","97400","97100","97000","281","38","200","150","1502","727","100","507","2","3","657","108","211","276","512","2","5","1","6","105","3510","1883","0","0","0","0","0","-100000","5","-100.00","919","25","0","0","0","","0","0","0","","",""
"080027","0000","0","98700","99300","99700","99800","99900","100000","100100","100200","100300","100400","98600","98500","98300","98200","98000","97900","97500","97400","97100","97000","281","38","200","150","1502","727","100","507","2","3","658","108","211","276","512","2","5","1","6","105","3510","1884","0","0","0","0","0","-100000","5","-100.00","919","0","1","0","0","","0","0","0","","",""
"080028","0000","0","98700","99300","99700","99800","99900","100000","100100","100200","100300","100400","98600","98500","98300","98200","98000","97900","97500","97400","97100","97000","278","38","200","150","1502","727","100","507","2","3","658","108","211","276","512","2","5","1","6","105","3507","1884","0","0","0","0","0","-100000","5","-100.00","922","-3","0","0","0","","0","0","0","","",""
"080029","0000","0","98700","98900","99300","99700","99800","99900","100000","100100","100200","100300","98600","98500","98300","98200","98000","97900","97500","97400","97100","97000","268","30","38","200","150","1502","727","100","507","2","667","108","211","276","512","2","5","1","6","105","3524","1893","0","0","0","0","0","-100000","5","-100.00","932","17","9","0","0","","0","0","0","","",""
"080029","0001","0","98700","98900","99300","99700","99800","99900","100000","100100","100200","100300","98600","98500","98300","98200","98000","97900","97500","97400","97100","97000","268","30","38","200","150","1502","727","100","507","2","667","108","211","281","512","2","5","1","6","105","3524","1898","0","0","0","0","0","-100000","5","-100.00","932","0","5","0","0","","0","0","0","","",""
"080029","0002","0","98900","99300","99700","99800","99900","100000","100100","100200","100300","100400","98600","98500","98300","98200","98000","97900","97500","97400","97100","97000","30","38","200","150","1502","727","100","507","2","3","667","108","211","281","512","2","5","1","6","105","3259","1898","0","0","0","0","0","-100000","5","-100.00","1200","-265","0","0","0","","0","0","0","","",""
"080030","0000","0","98900","99300","99700","99800","99900","100000","100100","100200","100300","100400","98600","98500","98400","98300","98200","98000","97900","97500","97400","97100","30","38","200","150","1502","727","100","507","2","3","667","108","5","211","111","512","2","5","1","6","3259","1628","0","0","0","0","0","-100000","5","-100.00","1200","0","-270","0","0","","0","0","0","","",""
"080030","0001","0","98900","99300","99700","99800","99900","100000","100100","100200","100300","100400","98700","98600","98500","98400","98300","98200","98000","97900","97500","97400","30","38","200","150","1502","727","100","507","2","3","14","667","108","5","211","111","512","2","5","1","3259","1636","0","0","0","0","0","-100000","5","-100.00","1200","0","8","0","0","","0","0","0","","",""
"080031","0000","0","98900","99300","99700","99800","99900","100000","100100","100200","100300","100400","98700","98600","98500","98400","98300","98200","98000","97900","97500","97400","30","38","200","150","1502","727","100","507","2","3","59","667","108","5","211","111","512","2","5","1","3259","1681","0","0","0","0","0","-100000","5","-100.00","1200","0","45","0","0","","0","0","0","","",""
"080031","0001","0","98900","99300","99700","99800","99900","100000","100100","100200","100300","100400","98700","98600","98500","98400","98300","98200","98000","97900","97500","97400","30","38","200","150","1502","776","100","507","2","3","59","667","108","5","211","111","512","2","5","1","3308","1681","0","0","0","0","0","-100000","5","-100.00","1200","49","0","0","0","","0","0","0","","",""
"080032","0000","0","98900","99300","99700","99800","99900","100000","100100","100200","100300","100400","98700","98600","98500","98400","98300","98200","98000","97900","97500","97400","30","38","200","150","1502","776","100","507","2","3","79","667","108","5","211","111","512","2","5","1","3308","1701","0","0","0","0","0","-100000","5","-100.00","1200","0","20","0","0","","0","0","0","","",""
"080033","0000","0","98900","99300","99700","99800","99900","100000","100100","100200","100300","100400","98700","98600","98500","98400","98300","98200","98000","97900","97500","97400","30","38","200","150","1502","776","101","507","2","3","79","668","108","5","211","111","512","2","5","1","3309","1702","0","0","0","0","0","-100000","5","-100.00","1200","1","1","0","0","","0","0","0","","",""
"080033","0001","0","98900","99300","99700","99800","99900","100000","100100","100200","100300","100400","98700","98600","98500","98400","98300","98200","98000","97900","97500","97400","30","38","200","150","1502","776","101","507","2","3","80","668","108","5","221","111","512","2","5","1","3309","1713","0","0","0","0","0","-100000","5","-100.00","1200","0","11","0","0","","0","0","0","","",""
"080033","0002","0","98900","99300","99700","99800","99900","100000","100100","100200","100300","100400","98700","98600","98500","98400","98300","98200","98000","97900","97500","97400","30","38","200","150","1502","776","101","507","2","3","180","668","110","5","221","111","512","2","5","1","3309","1815","0","0","0","0","0","-100000","5","-100.00","1200","0","102","0","0","","0","0","0","","",""
"080034","0000","0","99300","99700","99800","99900","100000","100100","100200","100300","100400","100500","98700","98600","98500","98400","98300","98200","98000","97900","97500","97400","38","200","150","1502","776","101","507","2","3","312","331","673","110","5","221","111","512","2","5","1","3591","1971","0","0","0","0","0","-100000","5","-100.00","1230","282","156","0","0","","0","0","0","","",""
"080034","0001","0","99300","99700","99800","99900","100000","100100","100200","100300","100400","100500","98700","98600","98500","98400","98300","98200","98000","97900","97500","97400","38","200","150","1502","776","101","507","2","3","312","331","683","110","5","221","111","512","2","5","1","3591","1981","0","0","0","0","0","-100000","5","-100.00","1230","0","10","0","0","","0","0","0","","",""
"080034","0002","0","99300","99700","99800","99900","100000","100100","100200","100300","100400","100500","98700","98600","98500","98400","98300","98200","98000","97900","97500","97400","36","200","150","1502","776","101","507","2","3","312","431","683","110","5","221","111","512","2","5","1","3589","2081","0","0","0","0","0","-100000","5","-100.00","1232","-2","100","0","0","","0","0","0","","",""
"080036","0000","0","99300","99700","99800","99900","100000","100100","100200","100300","100400","100500","98700","98600","98500","98400","98300","98200","98000","97900","97500","97400","36","200","150","1502","776","159","507","2","3","312","431","683","110","5","221","111","512","2","5","1","3647","2081","0","0","0","0","0","-100000","5","-100.00","1232","58","0","0","0","","0","0","0","","",""
"080036","0001","0","99300","99700","99800","99900","100000","100100","100200","100300","100400","100500","98700","98600","98500","98400","98300","98200","98000","97900","97500","97400","36","200","150","1502","776","159","507","2","3","312","400","683","110","5","221","111","512","2","5","1","3647","2050","0","0","0","0","0","-100000","5","-100.00","1263","0","-31","0","0","","0","0","0","","",""
"080036","0002","0","99300","99700","99800","99900","100000","100100","100200","100300","100400","100500","98700","98600","98500","98400","98300","98200","98000","97900","97500","97400","347","200","150","1502","776","159","507","2","3","312","405","683","110","5","221","111","512","2","5","1","3958","2055","0","0","0","0","0","-100000","5","-100.00","1263","311","5","0","0","","0","0","0","","",""
"080037","0000","0","99300","99700","99800","99900","100000","100100","100200","100300","100400","100500","98700","98600","98500","98400","98300","98200","98000","97900","97500","97400","347","200","150","1502","776","159","507","2","3","312","417","683","110","5","221","111","512","2","5","1","3958","2067","0","0","0","0","0","-100000","5","-100.00","1263","0","12","0","0","","0","0","0","","",""
"080037","0001","0","99300","99700","99800","99900","100000","100100","100200","100300","100400","100500","98700","98600","98500","98400","98300","98200","98000","97900","97500","97400","347","200","150","1502","776","159","507","2","3","312","467","683","110","5","221","111","522","2","5","1","3958","2127","0","0","0","0","0","-100000","5","-100.00","1263","0","60","0","0","","0","0","0","","",""
"080038","0000","0","99300","99700","99800","99900","100000","100100","100200","100300","100400","100500","98700","98600","98500","98400","98300","98200","98000","97900","97500","97400","347","200","150","1502","776","159","507","2","3","312","474","683","110","5","221","111","522","2","5","1","3958","2134","0","0","0","0","0","-100000","5","-100.00","1263","0","7","0","0","","0","0","0","","",""
"080038","0001","0","99300","99700","99800","99900","100000","100100","100200","100300","100400","100500","98700","98600","98500","98400","98300","98200","98000","97900","97500","97400","347","200","220","1502","776","159","507","2","3","312","476","683","110","5","221","111","522","2","5","1","4028","2136","0","0","0","0","0","-100000","5","-100.00","1263","70","2","0","0","","0","0","0","","",""
"080039","0000","0","99300","99700","99800","99900","100000","100100","100200","100300","100400","100500","98700","98600","98500","98400","98300","98200","98000","97900","97500","97400","347","200","220","1502","776","159","507","2","3","312","477","683","110","5","221","111","522","2","5","1","4028","2137","0","0","0","0","0","-100000","5","-100.00","1263","0","1","0","0","","0","0","0","","",""
"080039","0001","0","99300","99700","99800","99900","100000","100100","100200","100300","100400","100500","98700","98600","98500","98400","98300","98200","98000","97900","97500","97400","347","200","220","1502","776","159","507","2","3","312","662","783","110","5","221","111","522","2","5","1","4028","2422","0","0","0","0","0","-100000","5","-100.00","1263","0","285","0","0","","0","0","0","","",""
"080039","0002","0","99300","99700","99800","99900","100000","100100","100200","100300","100400","100500","98800","98700","98600","98500","98400","98300","98200","98000","97900","97500","36","200","220","1502","776","159","507","2","3","312","245","664","783","110","5","221","111","522","2","5","3717","2668","0","0","0","0","0","-100000","5","-100.00","1574","-311","246","0","0","","0","0","0","","",""
"080040","0000","0","99300","99700","99800","99900","100000","100100","100200","100300","100400","100500","98800","98700","98600","98500","98400","98300","98200","98000","97900","97500","36","200","220","1502","776","159","507","2","3","312","245","665","783","110","5","221","111","522","2","5","3717","2669","0","0","0","0","0","-100000","5","-100.00","1574","0","1","0","0","","0","0","0","","",""
"080040","0001","0","99300","99700","99800","99900","100000","100100","100200","100300","100400","100500","98800","98700","98600","98500","98400","98300","98200","98000","97900","97500","36","200","220","1502","776","159","507","2","3","312","245","665","783","110","6","222","111","522","2","5","3717","2671","0","0","0","0","0","-100000","5","-100.00","1574","0","2","0","0","","0","0","0","","",""
"080040","0002","0","99300","99700","99800","99900","100000","100100","100200","100300","100400","100500","98800","98700","98600","98500","98400","98300","98200","98000","97900","97500","36","200","220","1502","776","159","507","2","3","312","345","665","783","110","6","222","211","522","2","5","3717","2871","0","0","0","0","0","-100000","5","-100.00","1574","0","200","0","0","","0","0","0","","",""
"080041","0000","0","99300","99700","99800","99900","100000","100100","100200","100300","100400","100500","98800","98700","98600","98500","98400","98300","98200","98000","97900","97500","36","200","220","1502","776","159","507","2","3","312","355","665","783","110","6","222","211","522","2","5","3717","2881","0","0","0","0","0","-100000","5","-100.00","1574","0","10","0","0","","0","0","0","","",""
"080041","0001","0","99300","99700","99800","99900","100000","100100","100200","100300","100400","100500","98800","98700","98600","98500","98400","98300","98200","98000","97900","97500","36","200","220","1502","776","159","507","2","3","312","355","685","783","111","6","222","211","522","2","5","3717","2902","0","0","0","0","0","-100000","5","-100.00","1574","0","21","0","0","","0","0","0","","",""
"080042","0000","0","99300","99700","99800","99900","100000","100100","100200","100300","100400","100500","98800","98700","98600","98500","98400","98300","98200","98000","97900","97500","346","200","220","1502","776","159","507","2","3","312","355","685","783","126","6","222","211","522","2","5","4027","2917","0","0","0","0","0","-100000","5","-100.00","1574","310","15","0","0","","0","0","0","","",""
"080043","0000","0","99300","99700","99800","99900","100000","100100","100200","100300","100400","100500","98800","98700","98600","98500","98400","98300","98200","98000","97900","97500","346","200","220","1502","776","159","507","2","3","312","355","985","783","126","6","222","211","522","2","5","4027","3217","0","0","0","0","0","-100000","5","-100.00","1574","0","300","0","0","","0","0","0","","",""
"080043","0001","0","99300","99700","99800","99900","100000","100100","100200","100300","100400","100500","98800","98700","98600","98500","98400","98300","98200","98000","97900","97500","346","200","220","1502","776","159","507","2","3","312","356","985","782","124","8","224","211","522","2","5","4027","3219","0","0","0","0","0","-100000","5","-100.00","1574","0","2","0","0","","0","0","0","","",""
"080044","0000","0","99300","99700","99800","99900","100000","100100","100200","100300","100400","100500","98800","98700","98600","98500","98400","98300","98200","98000","97900","97500","36","200","220","1502","776","159","507","2","3","312","358","957","782","124","8","224","211","522","2","5","3717","3193","0","0","0","0","0","-100000","5","-100.00","1884","-310","-26","0","0","","0","0","0","","",""
"080044","0001","0","99300","99700","99800","99900","100000","100100","100200","100300","100400","100500","98800","98700","98600","98500","98400","98300","98200","98000","97900","97500","36","200","220","1502","776","159","507","2","3","312","358","1057","782","124","8","224","211","522","2","5","3717","3293","0","0","0","0","0","-100000","5","-100.00","1884","0","100","0","0","","0","0","0","","",""
"080045","0000","0","99300","99700","99800","99900","100000","100100","100200","100300","100400","100500","98800","98700","98600","98500","98400","98300","98200","98000","97900","97600","36","200","220","1502","776","159","507","2","3","312","358","1057","782","124","8","224","211","522","2","50","3717","3338","0","0","0","0","0","-100000","5","-100.00","1884","0","45","0","0","","0","0","0","","",""
"080046","0000","0","99300","99700","99800","99900","100000","100100","100200","100300","100400","100500","98800","98700","98600","98500","98400","98300","98200","98000","97900","97600","347","200","220","1502","776","159","507","2","3","312","471","1057","782","124","8","224","212","522","2","50","4028","3452","0","0","0","0","0","-100000","5","-100.00","1884","311","114","0","0","","0","0","0","","",""
"080046","0001","0","99300","99700","99800","99900","100000","100100","100200","100300","100400","100500","98800","98700","98600","98500","98400","98300","98200","98000","97900","97600","347","200","220","1502","776","159","507","2","3","312","471","1149","782","124","8","224","212","522","2","50","4028","3544","0","0","0","0","0","-100000","5","-100.00","1884","0","92","0","0","","0","0","0","","",""
"080046","0002","0","99300","99700","99800","99900","100000","100100","100200","100300","100400","100500","98800","98700","98600","98500","98400","98300","98200","98000","97900","97600","347","200","220","1502","776","159","507","2","3","312","471","1149","782","134","8","224","212","522","2","50","4028","3554","0","0","0","0","0","-100000","5","-100.00","1884","0","10","0","0","","0","0","0","","",""
"080047","0000","0","99300","99700","99800","99900","100000","100100","100200","100300","100400","100500","98800","98700","98600","98500","98400","98300","98200","98000","97900","97600","347","200","220","1502","776","159","507","2","3","312","471","1159","782","134","8","224","212","522","2","50","4028","3564","0","0","0","0","0","-100000","5","-100.00","1884","0","10","0","0","","0","0","0","","",""
"080047","0001","0","99300","99700","99800","99900","100000","100100","100200","100300","100400","100500","98800","98700","98600","98500","98400","98300","98200","98000","97900","97600","347","200","220","1502","776","159","507","2","3","312","471","1160","782","134","8","224","212","522","2","50","4028","3565","0","0","0","0","0","-100000","5","-100.00","1884","0","1","0","0","","0","0","0","","",""
"080048","0000","0","99300","99700","99800","99900","100000","100100","100200","100300","100400","100500","98800","98700","98600","98500","98400","98300","98200","98000","97900","97600","347","200","220","1502","776","159","507","2","3","312","472","1160","783","134","8","224","212","522","2","50","4028","3567","0","0","0","0","0","-100000","5","-100.00","1884","0","2","0","0","","0","0","0","","",""
"080048","0001","0","99300","99700","99800","99900","100000","100100","100200","100300","100400","100500","98800","98700","98600","98500","98400","98300","98200","98000","97900","97800","347","200","220","1502","776","159","507","2","3","312","472","1160","783","134","8","224","212","522","2","5","4028","3522","0","0","0","0","0","-100000","5","-100.00","1884","0","-45","0","0","","0","0","0","","",""
"080048","0002","0","99300","99700","99800","99900","100000","100100","100200","100300","100400","100500","98800","98700","98600","98500","98400","98300","98200","98000","97900","97800","347","200","220","1502","776","159","507","2","3","312","472","1163","783","134","8","224","212","522","2","5","4028","3525","0","0","0","0","0","-100000","5","-100.00","1884","0","3","0","0","","0","0","0","","",""
"080049","0000","0","99300","99700","99800","99900","100000","100100","100200","100300","100400","100500","98800","98700","98600","98500","98400","98300","98200","98000","97900","97800","657","200","220","1502","776","159","507","2","3","312","472","1163","783","134","18","224","212","522","2","5","4338","3535","0","0","0","0","0","-100000","5","-100.00","1884","310","10","0","0","","0","0","0","","",""
"080049","0001","0","98900","99300","99700","99800","99900","100000","100100","100200","100300","100400","98800","98700","98600","98500","98400","98300","98200","98000","97900","97800","611","36","200","220","1502","776","159","507","2","3","219","1176","783","134","18","224","212","524","2","5","4016","3297","0","0","0","0","0","-100000","5","-100.00","1894","-322","-238","0","0","","0","0","0","","",""
"080050","0000","0","98800","99300","99700","99800","99900","100000","100100","100200","100300","100400","98700","98600","98500","98400","98300","98200","98000","97900","97800","97600","392","36","200","220","1502","776","159","507","2","3","1176","783","154","18","224","212","545","2","5","50","3797","3169","0","0","0","0","0","-100000","5","-100.00","2113","-219","-128","0","0","","0","0","0","","",""
"080050","0001","0","98800","99300","99700","99800","99900","100000","100100","100200","100300","100400","98700","98600","98500","98400","98300","98200","98100","98000","97900","97800","362","36","200","220","1502","776","159","507","2","3","1176","783","154","18","224","212","5","545","2","5","3767","3124","0","0","0","0","0","-100000","5","-100.00","2143","-30","-45","0","0","","0","0","0","","",""
"080050","0002","0","98800","99300","99700","99800","99900","100000","100100","100200","100300","100400","98700","98600","98500","98400","98300","98200","98100","98000","97900","97800","362","36","200","220","1502","776","159","507","2","3","1176","803","154","18","224","212","5","545","2","5","3767","3144","0","0","0","0","0","-100000","5","-100.00","2143","0","20","0","0","","0","0","0","","",""
"080051","0000","0","98800","99300","99700","99800","99900","100000","100100","100200","100300","100400","98700","98600","98500","98400","98300","98200","98100","98000","97900","97800","361","36","200","220","1502","776","159","507","2","3","1176","803","154","28","224","212","5","545","2","5","3766","3154","0","0","0","0","0","-100000","5","-100.00","2144","-1","10","0","0","","0","0","0","","",""
"080051","0001","0","98800","99300","99700","99800","99900","100000","100100","100200","100300","100400","98700","98600","98500","98400","98300","98200","98100","98000","97900","97800","361","36","200","220","1502","777","159","507","2","3","1176","803","154","28","224","212","5","545","2","5","3767","3154","0","0","0","0","0","-100000","5","-100.00","2144","1","0","0","0","","0","0","0","","",""
"080051","0002","0","98800","99300","99700","99800","99900","100000","100100","100200","100300","100400","98700","98600","98500","98400","98300","98200","98100","98000","97900","97800","361","36","200","220","1502","777","159","507","2","3","1176","804","154","28","224","212","5","545","2","5","3767","3155","0","0","0","0","0","-100000","5","-100.00","2144","0","1","0","0","","0","0","0","","",""
"080052","0000","0","98800","99300","99700","99800","99900","100000","100100","100200","100300","100400","98700","98600","98500","98400","98300","98200","98100","98000","97900","97800","360","36","200","220","1502","777","159","507","2","3","1176","804","154","28","228","212","5","545","2","5","3766","3159","0","0","0","0","0","-100000","5","-100.00","2145","-1","4","0","0","","0","0","0","","",""
"080052","0001","0","98800","99300","99700","99800","99900","100000","100100","100200","100300","100400","98700","98600","98500","98400","98300","98200","98100","98000","97900","97800","360","36","200","220","1502","777","159","507","2","3","1176","806","154","28","228","212","5","545","2","5","3766","3161","0","0","0","0","0","-100000","5","-100.00","2145","0","2","0","0","","0","0","0","","",""
"080052","0002","0","98800","99300","99700","99800","99900","100000","100100","100200","100300","100400","98700","98600","98500","98400","98300","98200","98100","98000","97900","97800","350","36","200","220","1502","777","159","507","2","3","1238","806","154","28","228","212","5","545","2","5","3756","3223","0","0","0","0","0","-100000","5","-100.00","2155","-10","62","0","0","","0","0","0","","",""
"080053","0000","0","98800","99300","99700","99800","99900","100000","100100","100200","100300","100400","98700","98600","98500","98400","98300","98200","98100","98000","97900","97800","350","36","200","220","1502","777","159","507","2","3","1239","806","154","28","228","212","5","545","2","5","3756","3224","0","0","0","0","0","-100000","5","-100.00","2155","0","1","0","0","","0","0","0","","",""
"080053","0001","0","98800","99300","99700","99800","99900","100000","100100","100200","100300","100400","98700","98600","98500","98400","98300","98200","98100","98000","97900","97800","656","36","200","220","1502","777","159","507","2","3","1239","806","154","28","228","212","5","545","2","5","4062","3224","0","0","0","0","0","-100000","5","-100.00","2160","306","0","0","0","","0","0","0","","",""
"080053","0002","0","98800","99300","99700","99800","99900","100000","100100","100200","100300","100400","98700","98600","98500","98400","98300","98200","98100","98000","97900","97800","606","36","200","220","1502","777","159","507","2","3","1239","807","154","28","228","212","5","545","2","5","4012","3225","0","0","0","0","0","-100000","5","-100.00","2210","-50","1","0","0","","0","0","0","","",""
"080054","0000","0","98800","99300","99700","99800","99900","100000","100100","100200","100300","100400","98700","98600","98500","98400","98300","98200","98100","98000","97900","97800","606","36","200","220","1502","777","159","507","2","3","1239","827","154","28","228","212","5","546","2","5","4012","3246","0","0","0","0","0","-100000","5","-100.00","2210","0","21","0","0","","0","0","0","","",""
"080054","0001","0","98800","99300","99700","99800","99900","100000","100100","100200","100300","100400","98700","98600","98500","98400","98300","98200","98100","98000","97900","97800","605","36","200","220","1502","777","159","507","2","3","1239","828","154","28","228","212","5","546","2","5","4011","3247","0","0","0","0","0","-100000","5","-100.00","2211","-1","1","0","0","","0","0","0","","",""
"080054","0002","0","98800","99300","99700","99800","99900","100000","100100","100200","100300","100400","98700","98600","98500","98400","98300","98200","98100","98000","97900","97800","605","36","200","220","1502","777","159","507","2","3","1239","830","154","28","228","212","5","546","2","5","4011","3249","0","0","0","0","0","-100000","5","-100.00","2211","0","2","0","0","","0","0","0","","",""
"080054","0003","0","98800","99300","99700","99800","99900","100000","100100","100200","100300","100400","98700","98600","98500","98400","98300","98200","98100","98000","97900","97800","605","37","200","220","1502","777","159","507","2","3","1239","830","154","28","228","212","105","546","2","5","4012","3349","0","0","0","0","0","-100000","5","-100.00","2211","1","100","0","0","","0","0","0","","",""
"080055","0000","0","98800","99300","99700","99800","99900","100000","100100","100200","100300","100400","98700","98600","98500","98400","98300","98200","98100","98000","97900","97800","403","37","200","220","1502","777","159","507","2","3","1239","830","154","28","228","212","105","546","2","5","3810","3349","0","0","0","0","0","-100000","5","-100.00","2413","-202","0","0","0","","0","0","0","","",""
"080055","0001","0","98800","99300","99700","99800","99900","100000","100100","100200","100300","100400","98700","98600","98500","98400","98300","98200","98100","98000","97900","97800","403","37","230","220","1502","777","159","507","2","3","1239","830","154","28","228","212","105","546","2","5","3840","3349","0","0","0","0","0","-100000","5","-100.00","2413","30","0","0","0","","0","0","0","","",""
"080055","0002","0","98800","99300","99700","99800","99900","100000","100100","100200","100300","100400","98700","98600","98500","98400","98300","98200","98100","98000","97900","97800","403","37","230","220","1502","777","159","507","2","3","1289","833","156","28","228","212","105","546","2","5","3840","3404","0","0","0","0","0","-100000","5","-100.00","2413","0","55","0","0","","0","0","0","","",""
"080055","0003","0","98800","99300","99700","99800","99900","100000","100100","100200","100300","100400","98700","98600","98500","98400","98300","98200","98100","98000","97900","97800","403","37","230","220","1502","777","159","507","2","3","1289","833","156","28","238","212","105","546","2","5","3840","3414","0","0","0","0","0","-100000","5","-100.00","2413","0","10","0","0","","0","0","0","","",""
"080056","0000","0","98800","99300","99700","99800","99900","100000","100100","100200","100300","100400","98700","98600","98500","98400","98300","98200","98100","98000","97900","97800","402","37","230","220","1502","777","159","507","2","3","1289","833","156","28","238","212","105","546","2","5","3839","3414","0","0","0","0","0","-100000","5","-100.00","2414","-1","0","0","0","","0","0","0","","",""
"080056","0001","0","98800","99300","99700","99800","99900","100000","100100","100200","100300","100400","98700","98600","98500","98400","98300","98200","98100","98000","97900","97800","397","37","230","220","1502","777","159","507","2","3","1882","833","156","28","238","212","115","546","2","5","3834","4017","0","0","0","0","0","-100000","5","-100.00","2419","-5","603","0","0","","0","0","0","","",""
"080057","0000","0","98800","99300","99700","99800","99900","100000","100100","100200","100300","100400","98700","98600","98500","98400","98300","98200","98100","98000","97900","97800","387","37","230","220","1502","857","159","507","2","3","1882","833","156","28","238","212","115","546","2","5","3904","4017","0","0","0","0","0","-100000","5","-100.00","2429","70","0","0","0","","0","0","0","","",""
"080057","0001","0","98800","99300","99700","99800","99900","100000","100100","100200","100300","100400","98700","98600","98500","98400","98300","98200","98100","98000","97900","97800","387","37","230","220","1502","857","159","507","2","3","1883","833","156","28","238","212","115","546","2","5","3904","4018","0","0","0","0","0","-100000","5","-100.00","2429","0","1","0","0","","0","0","0","","",""
"080057","0002","0","98800","99300","99700","99800","99900","100000","100100","100200","100300","100400","98700","98600","98500","98400","98300","98200","98100","98000","97900","97800","697","37","230","220","1502","857","159","507","2","3","1888","895","158","28","238","212","115","546","2","5","4214","4087","0","0","0","0","0","-100000","5","-100.00","2429","310","69","0","0","","0","0","0","","",""
"080058","0000","0","98800","99300","99700","99800","99900","100000","100100","100200","100300","100400","98700","98600","98500","98400","98300","98200","98100","98000","97900","97800","697","37","230","220","1502","857","159","507","2","3","1888","895","160","28","238","212","115","546","12","5","4214","4099","0","0","0","0","0","-100000","5","-100.00","2429","0","12","0","0","","0","0","0","","",""
"080058","0001","0","98800","99300","99700","99800","99900","100000","100100","100200","100300","100400","98700","98600","98500","98400","98300","98200","98100","98000","97900","97800","677","37","230","220","1502","857","159","507","2","3","1888","895","160","28","538","212","115","546","12","5","4194","4399","0","0","0","0","0","-100000","5","-100.00","2449","-20","300","0","0","","0","0","0","","",""
"080059","0000","0","98800","99300","99700","99800","99900","100000","100100","100200","100300","100400","98700","98600","98500","98400","98300","98200","98100","98000","97900","97800","677","37","230","220","1502","857","159","507","2","3","1889","895","160","28","538","212","115","546","12","5","4194","4400","0","0","0","0","0","-100000","5","-100.00","2449","0","1","0","0","","0","0","0","","",""
"080059","0001","0","98800","99300","99700","99800","99900","100000","100100","100200","100300","100400","98700","98600","98500","98400","98300","98200","98100","98000","97900","97800","666","37","230","220","1502","857","159","507","2","3","1889","895","161","28","538","212","115","546","12","5","4183","4401","0","0","0","0","0","-100000","5","-100.00","2460","-11","1","0","0","","0","0","0","","",""
"080059","0002","0","98800","99300","99700","99800","99900","100000","100100","100200","100300","100400","98700","98600","98500","98400","98300","98200","98100","98000","97900","97800","661","37","230","220","1502","857","159","507","2","3","1884","895","161","28","538","212","115","546","12","5","4178","4396","0","0","0","0","0","-100000","5","-100.00","2465","-5","-5","0","0","","0","0","0","","",""
"080059","0003","0","99300","99700","99800","99900","100000","100100","100200","100300","100400","100500","98800","98700","98600","98500","98400","98300","98200","98100","98000","97900","37","230","220","1502","857","159","507","2","3","312","248","1884","895","161","28","538","212","115","546","12","3829","4639","0","0","0","0","0","-100000","5","-100.00","3126","-349","243","0","0","","0","0","0","","",""
"080100","0000","0","99300","99700","99800","99900","100000","100100","100200","100300","100400","100500","98800","98700","98600","98500","98400","98300","98200","98100","98000","97900","37","230","250","1502","857","159","507","2","3","312","448","1884","895","161","28","538","212","115","546","12","3859","4839","0","0","0","0","0","-100000","5","-100.00","3126","30","200","0","0","","0","0","0","","",""
"080100","0001","0","99300","99700","99800","99900","100000","100100","100200","100300","100400","100500","98800","98700","98600","98500","98400","98300","98200","98100","98000","97900","37","230","250","1502","857","159","507","2","3","312","448","1896","895","161","28","538","212","115","547","12","3859","4852","0","0","0","0","0","-100000","5","-100.00","3126","0","13","0","0","","0","0","0","","",""
"080100","0002","0","99300","99700","99800","99900","100000","100100","100200","100300","100400","100500","98800","98700","98600","98500","98400","98300","98200","98100","98000","97900","37","230","250","1502","857","159","507","2","3","312","459","1896","995","164","28","538","212","115","657","12","3859","5076","0","0","0","0","0","-100000","5","-100.00","3126","0","224","0","0","","0","0","0","","",""
"080101","0000","0","99300","99700","99800","99900","100000","100100","100200","100300","100400","100500","98800","98700","98600","98500","98400","98300","98200","98100","98000","97900","37","230","250","1502","857","159","507","2","3","312","461","1896","995","164","28","538","212","115","657","12","3859","5078","0","0","0","0","0","-100000","5","-100.00","3126","0","2","0","0","","0","0","0","","",""
"080102","0000","0","99300","99700","99800","99900","100000","100100","100200","100300","100400","100500","98800","98700","98600","98500","98400","98300","98200","98100","98000","97900","37","230","342","1410","857","159","507","2","3","312","462","1897","995","164","28","538","212","115","657","12","3859","5080","0","0","0","0","0","-100000","5","-100.00","3126","0","2","0","0","","0","0","0","","",""
"080102","0001","0","99300","99700","99800","99900","100000","100100","100200","100300","100400","100500","98800","98700","98600","98500","98400","98300","98200","98100","98000","97900","348","230","342","1410","857","159","507","2","3","312","462","1897","995","164","28","538","212","115","657","12","4170","5080","0","0","0","0","0","-100000","5","-100.00","3126","311","0","0","0","","0","0","0","","",""
"080103","0000","0","99300","99700","99800","99900","100000","100100","100200","100300","100400","100500","98800","98700","98600","98500","98400","98300","98200","98100","98000","97900","348","230","342","1410","857","159","507","2","3","312","562","1897","996","164","28","538","212","115","657","12","4170","5181","0","0","0","0","0","-100000","5","-100.00","3126","0","101","0","0","","0","0","0","","",""
"080103","0001","0","99300","99700","99800","99900","100000","100100","100200","100300","100400","100500","98800","98700","98600","98500","98400","98300","98200","98100","98000","97900","348","230","342","1410","857","159","507","2","3","312","572","1898","997","164","28","538","212","115","657","12","4170","5193","0","0","0","0","0","-100000","5","-100.00","3126","0","12","0","0","","0","0","0","","",""
"080103","0002","0","99200","99300","99700","99800","99900","100000","100100","100200","100300","100400","98800","98700","98600","98500","98400","98300","98200","98100","98000","97900","312","36","230","342","1410","857","159","507","2","3","622","1898","997","164","28","538","212","116","657","12","3858","5244","0","0","0","0","0","-100000","5","-100.00","3126","-312","51","0","0","","0","0","0","","",""
"080104","0000","0","99200","99300","99700","99800","99900","100000","100100","100200","100300","100400","98800","98700","98600","98500","98400","98300","98200","98100","98000","97900","312","36","230","342","1410","857","159","507","2","3","624","1899","997","164","28","538","212","116","657","12","3858","5247","0","0","0","0","0","-100000","5","-100.00","3126","0","3","0","0","","0","0","0","","",""
"080105","0000","0","99200","99300","99500","99600","99700","99800","99900","100000","100100","100200","98800","98700","98600","98500","98400","98300","98200","98100","98000","97900","312","36","60","300","230","342","1410","857","159","507","377","1899","997","164","28","538","212","116","657","12","4213","5000","0","0","0","0","0","-100000","5","-100.00","3126","355","-247","0","0","","0","0","0","","",""
"080105","0001","0","99200","99300","99500","99600","99700","99800","99900","100000","100100","100200","98800","98700","98600","98500","98400","98300","98200","98100","98000","97900","312","36","60","300","230","342","1410","857","159","507","377","1899","997","164","28","538","212","126","657","12","4213","5010","0","0","0","0","0","-100000","5","-100.00","3126","0","10","0","0","","0","0","0","","",""
"080105","0002","0","99200","99300","99500","99600","99700","99800","99900","100000","100100","100200","98800","98700","98600","98500","98400","98300","98200","98100","98000","97900","352","37","60","300","230","342","1410","857","159","507","477","1899","997","164","28","538","212","126","657","12","4254","5110","0","0","0","0","0","-100000","5","-100.00","3126","41","100","0","0","","0","0","0","","",""
"080106","0000","0","99200","99300","99500","99600","99700","99800","99900","100000","100100","100200","98800","98700","98600","98500","98400","98300","98200","98100","98000","97900","352","37","60","300","230","342","1410","857","159","507","480","1899","997","165","28","538","212","126","657","12","4254","5114","0","0","0","0","0","-100000","5","-100.00","3126","0","4","0","0","","0","0","0","","",""
"080106","0001","0","99200","99300","99500","99600","99700","99800","99900","100000","100100","100200","98800","98700","98600","98500","98400","98300","98200","98100","98000","97900","352","37","60","300","230","342","1410","857","159","507","480","1899","998","165","28","538","212","126","657","12","4254","5115","0","0","0","0","0","-100000","5","-100.00","3126","0","1","0","0","","0","0","0","","",""
"080106","0002","0","99200","99300","99500","99600","99700","99800","99900","100000","100100","100200","98800","98700","98600","98500","98400","98300","98200","98100","98000","97900","352","37","60","300","230","342","1410","857","159","507","480","1899","999","165","34","538","212","126","657","12","4254","5122","0","0","0","0","0","-100000","5","-100.00","3126","0","7","0","0","","0","0","0","","",""
"080106","0003","0","99200","99300","99500","99600","99700","99800","99900","100000","100100","100200","98800","98700","98600","98500","98400","98300","98200","98100","98000","97900","352","37","60","300","230","342","1410","857","159","507","490","1899","999","165","34","538","212","126","657","12","4254","5132","0","0","0","0","0","-100000","5","-100.00","3126","0","10","0","0","","0","0","0","","",""
"080107","0000","0","99200","99300","99500","99600","99700","99800","99900","100000","100100","100200","98800","98700","98600","98500","98400","98300","98200","98100","98000","97900","352","37","60","300","230","342","1410","857","159","507","492","1897","999","165","34","538","212","126","657","12","4254","5132","0","0","0","0","0","-100000","5","-100.00","3126","0","0","0","0","","0","0","0","","",""
"080108","0000","0","99200","99300","99500","99600","99700","99800","99900","100000","100100","100200","98800","98700","98600","98500","98400","98300","98200","98100","98000","97900","352","37","60","300","230","342","1410","857","159","507","492","1814","812","165","34","538","212","126","657","12","4254","4862","0","0","0","0","0","-100000","5","-100.00","3126","0","-270","0","0","","0","0","0","","",""
"080108","0001","0","99200","99300","99500","99600","99700","99800","99900","100000","100100","100200","98800","98700","98600","98500","98400","98300","98200","98100","98000","97900","352","37","60","300","230","342","1410","857","159","507","492","1814","812","165","34","538","212","126","662","12","4254","4867","0","0","0","0","0","-100000","5","-100.00","3126","0","5","0","0","","0","0","0","","",""
"080108","0002","0","99200","99300","99500","99600","99700","99800","99900","100000","100100","100200","98800","98700","98600","98500","98400","98300","98200","98100","98000","97900","352","37","60","300","230","342","1410","857","159","507","495","1817","812","165","34","540","212","126","662","12","4254","4875","0","0","0","0","0","-100000","5","-100.00","3126","0","8","0","0","","0","0","0","","",""
"080109","0000","0","99100","99200","99300","99500","99600","99700","99800","99900","100000","100100","98800","98700","98600","98500","98400","98300","98200","98100","98000","97900","313","41","37","60","300","230","342","1410","857","159","495","1817","812","165","34","540","212","126","662","12","3749","4875","0","0","0","0","0","-100000","5","-100.00","3126","-505","0","0","0","","0","0","0","","",""
"080109","0001","0","99100","99200","99300","99500","99600","99700","99800","99900","100000","100100","98800","98700","98600","98500","98400","98300","98200","98100","98000","97900","313","41","37","60","300","230","342","1410","857","159","495","1817","812","166","34","540","212","126","662","12","3749","4876","0","0","0","0","0","-100000","5","-100.00","3126","0","1","0","0","","0","0","0","","",""
"080109","0002","0","99100","99200","99300","99500","99600","99700","99800","99900","100000","100100","98800","98700","98600","98500","98400","98300","98200","98100","98000","97900","313","41","37","60","300","230","342","1410","857","159","496","1867","812","166","34","540","217","126","662","12","3749","4932","0","0","0","0","0","-100000","5","-100.00","3126","0","56","0","0","","0","0","0","","",""
"080109","0003","0","99100","99200","99300","99500","99600","99700","99800","99900","100000","100100","98800","98700","98600","98500","98400","98300","98200","98100","98000","97900","313","41","37","60","300","230","342","1410","857","159","498","1867","812","166","34","540","217","126","662","12","3749","4934","0","0","0","0","0","-100000","5","-100.00","3126","0","2","0","0","","0","0","0","","",""
"080110","0000","0","99100","99200","99300","99500","99600","99700","99800","99900","100000","100100","98800","98700","98600","98500","98400","98300","98200","98100","98000","97900","313","41","37","60","300","230","342","1410","857","159","501","1867","813","166","34","540","217","126","662","12","3749","4938","0","0","0","0","0","-100000","5","-100.00","3126","0","4","0","0","","0","0","0","","",""
"080110","0001","0","99100","99200","99300","99500","99600","99700","99800","99900","100000","100100","98800","98700","98600","98500","98400","98300","98200","98100","98000","97900","313","41","37","60","300","230","342","1410","858","159","501","1870","813","166","34","540","217","126","662","12","3750","4941","0","0","0","0","0","-100000","5","-100.00","3126","1","3","0","0","","0","0","0","","",""
"080111","0000","0","99100","99200","99300","99500","99600","99700","99800","99900","100000","100100","98800","98700","98600","98500","98400","98300","98200","98100","98000","97900","313","41","37","60","325","230","342","1410","858","159","501","1870","813","520","34","540","217","126","662","12","3775","5295","0","0","0","0","0","-100000","5","-100.00","3126","25","354","0","0","","0","0","0","","",""
"080111","0001","0","99100","99200","99300","99500","99600","99700","99800","99900","100000","100100","98800","98700","98600","98500","98400","98300","98200","98100","98000","97900","313","41","37","60","325","230","342","1410","858","159","502","1870","813","520","34","540","217","126","662","12","3775","5296","0","0","0","0","0","-100000","5","-100.00","3126","0","1","0","0","","0","0","0","","",""
"080111","0002","0","99100","99200","99300","99500","99600","99700","99800","99900","100000","100100","98800","98700","98600","98500","98400","98300","98200","98100","98000","97900","313","41","37","60","325","230","342","1410","858","159","502","1870","813","521","34","540","217","126","662","12","3775","5297","0","0","0","0","0","-100000","5","-100.00","3126","0","1","0","0","","0","0","0","","",""
"080111","0003","0","99100","99200","99300","99500","99600","99700","99800","99900","100000","100100","98800","98700","98600","98500","98400","98300","98200","98100","98000","97900","313","41","37","60","325","230","342","1410","858","159","512","1870","813","531","34","540","217","126","662","12","3775","5317","0","0","0","0","0","-100000","5","-100.00","3126","0","20","0","0","","0","0","0","","",""
"080112","0000","0","99100","99200","99300","99500","99600","99700","99800","99900","100000","100100","98800","98700","98600","98500","98400","98300","98200","98100","98000","97900","313","41","37","60","325","230","342","1420","858","159","512","1870","813","531","34","540","217","126","662","12","3785","5317","0","0","0","0","0","-100000","5","-100.00","3126","10","0","0","0","","0","0","0","","",""
"080112","0001","0","99100","99200","99300","99500","99600","99700","99800","99900","100000","100100","98800","98700","98600","98500","98400","98300","98200","98100","98000","97900","313","41","37","60","325","230","342","1420","858","159","512","1870","813","531","36","540","217","126","660","12","3785","5317","0","0","0","0","0","-100000","5","-100.00","3126","0","0","0","0","","0","0","0","","",""
"080112","0002","0","99100","99200","99300","99500","99600","99700","99800","99900","100000","100100","98800","98700","98600","98500","98400","98300","98200","98100","98000","97900","313","41","37","60","325","230","342","1420","858","159","522","1870","813","531","36","540","217","146","760","12","3785","5447","0","0","0","0","0","-100000","5","-100.00","3126","0","130","0","0","","0","0","0","","",""
"080112","0003","0","99100","99200","99300","99500","99600","99700","99800","99900","100000","100100","98800","98700","98600","98500","98400","98300","98200","98100","98000","97900","314","41","36","60","325","230","342","1420","858","159","522","1870","813","531","36","540","217","146","760","12","3785","5447","0","0","0","0","0","-100000","5","-100.00","3126","0","0","0","0","","0","0","0","","",""
"080113","0000","0","99100","99200","99300","99500","99600","99700","99800","99900","100000","100100","98800","98700","98600","98500","98400","98300","98200","98100","98000","97900","314","41","36","60","325","230","342","1420","858","159","542","1870","813","531","36","540","217","146","760","12","3785","5467","0","0","0","0","0","-100000","5","-100.00","3126","0","20","0","0","","0","0","0","","",""
"080113","0001","0","99100","99200","99300","99500","99600","99700","99800","99900","100000","100100","98800","98700","98600","98500","98400","98300","98200","98100","98000","97900","314","41","36","60","325","230","342","1420","858","159","542","1870","813","531","36","540","217","156","760","12","3785","5477","0","0","0","0","0","-100000","5","-100.00","3126","0","10","0","0","","0","0","0","","",""
"080113","0002","0","99100","99200","99300","99500","99600","99700","99800","99900","100000","100100","98800","98700","98600","98500","98400","98300","98200","98100","98000","97900","314","41","36","60","325","230","342","1420","858","159","542","1871","813","531","36","540","217","156","760","12","3785","5478","0","0","0","0","0","-100000","5","-100.00","3126","0","1","0","0","","0","0","0","","",""
"080114","0000","0","99100","99200","99300","99500","99600","99700","99800","99900","100000","100100","98800","98700","98600","98500","98400","98300","98200","98100","98000","97900","214","1","36","60","325","230","342","1420","858","159","543","1871","813","531","36","540","217","156","761","12","3645","5480","0","0","0","0","0","-100000","5","-100.00","3226","-140","2","0","0","","0","0","0","","",""
"080114","0001","0","99100","99200","99300","99500","99600","99700","99800","99900","100000","100100","98800","98700","98600","98500","98400","98300","98200","98100","98000","97900","209","1","36","60","325","275","342","1420","858","159","553","1921","813","531","36","540","217","156","761","12","3685","5540","0","0","0","0","0","-100000","5","-100.00","3231","40","60","0","0","","0","0","0","","",""
"080115","0000","0","99100","99200","99300","99500","99600","99700","99800","99900","100000","100100","98800","98700","98600","98500","98400","98300","98200","98100","98000","97900","209","1","36","60","325","275","342","1420","858","159","553","1921","813","531","36","540","217","157","761","12","3685","5541","0","0","0","0","0","-100000","5","-100.00","3231","0","1","0","0","","0","0","0","","",""
"080115","0001","0","99100","99200","99300","99500","99600","99700","99800","99900","100000","100100","98800","98700","98600","98500","98400","98300","98200","98100","98000","97900","209","1","36","60","325","275","342","1420","858","159","453","1921","813","532","36","540","217","157","761","12","3685","5442","0","0","0","0","0","-100000","5","-100.00","3231","0","-99","0","0","","0","0","0","","",""
"080115","0002","0","99100","99200","99300","99500","99600","99700","99800","99900","100000","100100","98800","98700","98600","98500","98400","98300","98200","98100","98000","97900","209","1","36","60","325","275","342","1420","858","159","453","1941","813","532","36","540","217","157","761","12","3685","5462","0","0","0","0","0","-100000","5","-100.00","3231","0","20","0","0","","0","0","0","","",""
"080116","0000","0","99100","99200","99300","99500","99600","99700","99800","99900","100000","100100","98800","98700","98600","98500","98400","98300","98200","98100","98000","97900","209","1","36","60","325","275","342","1420","858","159","454","1941","813","533","36","540","217","157","761","12","3685","5464","0","0","0","0","0","-100000","5","-100.00","3231","0","2","0","0","","0","0","0","","",""
"080117","0000","0","99100","99200","99300","99500","99600","99700","99800","99900","100000","100100","98800","98700","98600","98500","98400","98300","98200","98100","98000","97900","194","1","36","60","325","275","342","1420","858","159","454","1941","813","533","36","540","217","157","761","12","3670","5464","0","0","0","0","0","-100000","5","-100.00","3246","-15","0","0","0","","0","0","0","","",""
"080117","0001","0","99100","99200","99300","99500","99600","99700","99800","99900","100000","100100","98800","98700","98600","98500","98400","98300","98200","98100","98000","97900","194","1","36","60","325","275","342","1420","858","159","554","1941","813","533","36","540","217","157","762","15","3670","5568","0","0","0","0","0","-100000","5","-100.00","3246","0","104","0","0","","0","0","0","","",""
"080118","0000","0","99100","99200","99300","99500","99600","99700","99800","99900","100000","100100","98800","98700","98600","98500","98400","98300","98200","98100","98000","97900","194","1","36","60","325","275","342","1420","858","159","554","1941","813","533","46","540","217","157","762","15","3670","5578","0","0","0","0","0","-100000","5","-100.00","3246","0","10","0","0","","0","0","0","","",""
"080118","0001","0","99100","99200","99300","99500","99600","99700","99800","99900","100000","100100","98800","98700","98600","98500","98400","98300","98200","98100","98000","97900","194","1","36","60","325","275","342","1420","858","159","556","1941","813","533","46","540","217","157","762","15","3670","5580","0","0","0","0","0","-100000","5","-100.00","3246","0","2","0","0","","0","0","0","","",""
"080118","0002","0","99100","99200","99300","99500","99600","99700","99800","99900","100000","100100","98800","98700","98600","98500","98400","98300","98200","98100","98000","97900","194","1","36","60","325","275","342","1420","858","159","606","1941","813","533","46","540","217","157","762","15","3670","5630","0","0","0","0","0","-100000","5","-100.00","3246","0","50","0","0","","0","0","0","","",""
"080119","0000","0","99100","99200","99300","99500","99600","99700","99800","99900","100000","100100","98800","98700","98600","98500","98400","98300","98200","98100","98000","97900","194","1","36","60","325","275","342","1420","858","159","614","1941","813","533","46","540","217","157","762","15","3670","5638","0","0","0","0","0","-100000","5","-100.00","3246","0","8","0","0","","0","0","0","","",""
"080120","0000","0","99100","99200","99300","99500","99600","99700","99800","99900","100000","100100","98800","98700","98600","98500","98400","98300","98200","98100","98000","97900","194","1","36","60","325","275","342","1420","858","159","669","1941","813","533","46","540","217","157","762","15","3670","5693","0","0","0","0","0","-100000","5","-100.00","3246","0","55","0","0","","0","0","0","","",""
"080120","0001","0","99100","99200","99300","99500","99600","99700","99800","99900","100000","100100","98800","98700","98600","98500","98400","98300","98200","98100","98000","97900","193","1","36","60","325","275","342","1420","858","159","669","1941","813","533","46","540","218","157","762","15","3669","5694","0","0","0","0","0","-100000","5","-100.00","3247","-1","1","0","0","","0","0","0","","",""
"080121","0000","0","99200","99300","99500","99600","99700","99800","99900","100000","100100","100200","98800","98700","98600","98500","98400","98300","98200","98100","98000","97900","1","36","60","325","275","342","1420","858","159","507","668","1941","813","533","46","540","218","157","762","15","3983","5693","0","0","0","0","0","-100000","5","-100.00","3441","314","-1","0","0","","0","0","0","","",""
"080121","0001","0","99200","99300","99500","99600","99700","99800","99900","100000","100100","100200","98800","98700","98600","98500","98400","98300","98200","98100","98000","97900","1","36","60","325","275","342","1420","858","159","507","668","1942","813","533","46","540","218","157","762","15","3983","5694","0","0","0","0","0","-100000","5","-100.00","3441","0","1","0","0","","0","0","0","","",""
"080122","0000","0","99200","99300","99500","99600","99700","99800","99900","100000","100100","100200","98800","98700","98600","98500","98400","98300","98200","98100","98000","97900","1","36","60","325","275","342","1420","858","159","507","768","1952","813","523","46","540","218","157","762","15","3983","5794","0","0","0","0","0","-100000","5","-100.00","3443","0","100","0","0","","0","0","0","","",""
"080122","0001","0","99200","99300","99500","99600","99700","99800","99900","100000","100100","100200","98800","98700","98600","98500","98400","98300","98200","98100","98000","97900","1","36","60","325","275","342","1420","858","159","507","769","1951","813","523","46","540","218","157","762","15","3983","5794","0","0","0","0","0","-100000","5","-100.00","3443","0","0","0","0","","0","0","0","","",""
"080122","0002","0","99200","99300","99500","99600","99700","99800","99900","100000","100100","100200","98800","98700","98600","98500","98400","98300","98200","98100","98000","97900","1","36","60","325","275","342","1420","858","159","507","1153","1952","813","523","46","540","218","157","762","15","3983","6179","0","0","0","0","0","-100000","5","-100.00","3443","0","385","0","0","","0","0","0","","",""
"080123","0000","0","99200","99300","99500","99600","99700","99800","99900","100000","100100","100200","98800","98700","98600","98500","98400","98300","98200","98100","98000","97900","1","36","60","325","275","342","1420","905","159","507","1653","1952","813","523","46","550","218","157","762","15","4030","6689","0","0","0","0","0","-100000","5","-100.00","3443","47","510","0","0","","0","0","0","","",""
"080123","0001","0","99200","99300","99500","99600","99700","99800","99900","100000","100100","100200","98800","98700","98600","98500","98400","98300","98200","98100","98000","97900","1","36","60","325","275","342","1420","905","159","507","1653","1952","813","523","46","550","218","207","762","16","4030","6740","0","0","0","0","0","-100000","5","-100.00","3443","0","51","0","0","","0","0","0","","",""
"080123","0002","0","99200","99300","99500","99600","99700","99800","99900","100000","100100","100200","98800","98700","98600","98500","98400","98300","98200","98100","98000","97900","1","36","60","325","275","342","1420","905","159","507","1648","1952","813","523","46","550","218","207","762","16","4030","6735","0","0","0","0","0","-100000","5","-100.00","3443","0","-5","0","0","","0","0","0","","",""
"080123","0003","0","99200","99300","99500","99600","99700","99800","99900","100000","100100","100200","98800","98700","98600","98500","98400","98300","98200","98100","98000","97900","1","36","60","325","275","342","1420","905","159","507","1649","1952","813","523","46","550","218","207","762","16","4030","6736","0","0","0","0","0","-100000","5","-100.00","3443","0","1","0","0","","0","0","0","","",""
"080124","0000","0","99100","99200","99300","99500","99600","99700","99800","99900","100000","100100","98800","98700","98600","98500","98400","98300","98200","98100","98000","97900","8","1","36","60","325","275","342","1420","905","159","1649","1952","813","523","46","550","218","207","762","16","3531","6736","0","0","0","0","0","-100000","5","-100.00","3444","-499","0","0","0","","0","0","0","","",""
"080124","0001","0","99100","99200","99300","99500","99600","99700","99800","99900","100000","100100","98800","98700","98600","98500","98400","98300","98200","98100","98000","97900","8","1","36","60","325","275","342","1421","905","159","1649","1952","813","523","46","550","218","207","762","16","3532","6736","0","0","0","0","0","-100000","5","-100.00","3444","1","0","0","0","","0","0","0","","",""
"080125","0000","0","99100","99200","99300","99500","99600","99700","99800","99900","100000","100100","98800","98700","98600","98500","98400","98300","98200","98100","98000","97900","318","1","36","60","325","275","342","1421","905","159","1649","1952","813","523","46","550","218","207","762","16","3842","6736","0","0","0","0","0","-100000","5","-100.00","3444","310","0","0","0","","0","0","0","","",""
"080125","0001","0","99100","99200","99300","99500","99600","99700","99800","99900","100000","100100","98800","98700","98600","98500","98400","98300","98200","98100","98000","97900","318","1","36","60","325","275","342","1421","905","159","1650","1952","813","523","46","550","218","207","762","16","3842","6737","0","0","0","0","0","-100000","5","-100.00","3444","0","1","0","0","","0","0","0","","",""
"080125","0002","0","99100","99200","99300","99500","99600","99700","99800","99900","100000","100100","98800","98700","98600","98500","98400","98300","98200","98100","98000","97900","318","1","36","60","325","275","342","1421","905","159","1650","1952","813","524","46","550","218","207","762","16","3842","6738","0","0","0","0","0","-100000","5","-100.00","3444","0","1","0","0","","0","0","0","","",""
"080126","0000","0","99100","99200","99300","99500","99600","99700","99800","99900","100000","100100","98800","98700","98600","98500","98400","98300","98200","98100","98000","97900","318","1","36","60","325","275","342","1421","905","159","1650","1952","813","524","46","550","218","207","762","16","3842","6738","0","0","0","0","0","-100000","5","-100.00","3444","0","0","0","0","","0","0","0","","",""
"080126","0001","0","99100","99200","99300","99500","99600","99700","99800","99900","100000","100100","98800","98700","98600","98500","98400","98300","98200","98100","98000","97900","318","1","36","60","325","275","342","1421","905","159","1800","1802","813","524","46","550","218","207","762","16","3842","6738","0","0","0","0","0","-100000","5","-100.00","3444","0","0","0","0","","0","0","0","","",""
"080127","0000","0","98900","99100","99200","99300","99500","99600","99700","99800","99900","100000","98800","98700","98600","98500","98400","98300","98200","98100","98000","97900","156","8","1","36","60","325","275","342","1421","905","1800","1802","813","524","46","550","218","207","762","16","3529","6738","0","0","0","0","0","-100000","5","-100.00","3598","-313","0","0","0","","0","0","0","","",""
"080127","0001","0","98900","99100","99200","99300","99500","99600","99700","99800","99900","100000","98800","98700","98600","98500","98400","98300","98200","98100","98000","97900","156","8","1","36","60","325","275","342","1421","905","1801","1802","813","524","46","550","218","207","762","16","3529","6739","0","0","0","0","0","-100000","5","-100.00","3598","0","1","0","0","","0","0","0","","",""
"080127","0002","0","98900","99100","99200","99300","99500","99600","99700","99800","99900","100000","98800","98700","98600","98500","98400","98300","98200","98100","98000","97900","467","8","1","36","60","325","275","342","1421","905","1801","1802","813","524","54","550","218","207","762","16","3840","6747","0","0","0","0","0","-100000","5","-100.00","3598","311","8","0","0","","0","0","0","","",""
"080128","0000","0","98900","99100","99200","99300","99500","99600","99700","99800","99900","100000","98800","98700","98600","98500","98400","98300","98200","98100","98000","97900","467","8","1","36","60","325","275","342","1421","905","1872","1802","813","524","54","550","218","207","762","16","3840","6818","0","0","0","0","0","-100000","5","-100.00","3598","0","71","0","0","","0","0","0","","",""
"080128","0001","0","98900","99100","99200","99300","99500","99600","99700","99800","99900","100000","98800","98700","98600","98500","98400","98300","98200","98100","98000","97900","467","8","1","36","60","325","275","342","1421","905","1872","1702","813","524","54","550","218","207","762","17","3840","6719","0","0","0","0","0","-100000","5","-100.00","3598","0","-99","0","0","","0","0","0","","",""
"080128","0002","0","98900","99100","99200","99300","99500","99600","99700","99800","99900","100000","98800","98700","98600","98500","98400","98300","98200","98100","98000","97900","467","8","1","36","60","325","330","342","1421","905","1872","1702","813","524","54","550","218","207","762","17","3895","6719","0","0","0","0","0","-100000","5","-100.00","3598","55","0","0","0","","0","0","0","","",""
"080129","0000","0","98900","99100","99200","99300","99500","99600","99700","99800","99900","100000","98800","98700","98600","98500","98400","98300","98200","98100","98000","97900","462","8","1","36","60","325","330","342","1421","905","1872","1702","813","524","54","550","218","207","762","17","3890","6719","0","0","0","0","0","-100000","5","-100.00","3603","-5","0","0","0","","0","0","0","","",""
"080130","0000","0","98900","99100","99200","99300","99500","99600","99700","99800","99900","100000","98800","98700","98600","98500","98400","98300","98200","98100","98000","97900","772","8","1","36","60","325","330","342","1421","905","1892","1683","813","524","54","550","218","207","762","17","4200","6720","0","0","0","0","0","-100000","5","-100.00","3603","310","1","0","0","","0","0","0","","",""
"080130","0001","0","98900","99100","99200","99300","99500","99600","99700","99800","99900","100000","98800","98700","98600","98500","98400","98300","98200","98100","98000","97900","772","8","1","36","60","325","330","342","1421","905","1892","1683","813","524","54","550","218","207","768","17","4200","6726","0","0","0","0","0","-100000","5","-100.00","3603","0","6","0","0","","0","0","0","","",""
"080131","0000","0","98900","99100","99200","99300","99500","99600","99700","99800","99900","100000","98800","98700","98600","98500","98400","98300","98200","98100","98000","97900","772","8","1","36","60","325","330","342","1421","905","1892","1683","813","524","54","550","218","217","768","17","4200","6736","0","0","0","0","0","-100000","5","-100.00","3603","0","10","0","0","","0","0","0","","",""
"080131","0001","0","98900","99100","99200","99300","99500","99600","99700","99800","99900","100000","98800","98700","98600","98500","98400","98300","98200","98100","98000","97900","772","8","1","36","60","325","330","342","1421","905","1942","1683","813","524","54","550","218","217","768","17","4200","6786","0","0","0","0","0","-100000","5","-100.00","3603","0","50","0","0","","0","0","0","","",""
"080132","0000","0","98900","99100","99200","99300","99500","99600","99700","99800","99900","100000","98800","98700","98600","98500","98400","98300","98200","98100","98000","97900","772","8","1","36","60","325","330","342","1421","905","1952","1683","813","524","54","550","218","217","768","17","4200","6796","0","0","0","0","0","-100000","5","-100.00","3603","0","10","0","0","","0","0","0","","",""
"080132","0001","0","98900","99100","99200","99300","99500","99600","99700","99800","99900","100000","98800","98700","98600","98500","98400","98300","98200","98100","98000","97900","272","8","1","36","60","325","330","342","1421","905","1952","1683","813","524","54","550","218","217","768","17","3700","6796","0","0","0","0","0","-100000","5","-100.00","4103","-500","0","0","0","","0","0","0","","",""
"080132","0002","0","98900","99100","99200","99300","99500","99600","99700","99800","99900","100000","98800","98700","98600","98500","98400","98300","98200","98100","98000","97900","583","8","1","36","60","325","330","342","1421","905","1952","1683","813","534","54","555","218","217","763","17","4011","6806","0","0","0","0","0","-100000","5","-100.00","4103","311","10","0","0","","0","0","0","","",""
"080133","0000","0","98900","99100","99200","99300","99500","99600","99700","99800","99900","100000","98800","98700","98600","98500","98400","98300","98200","98100","98000","97900","383","8","1","36","60","325","330","342","1421","905","1963","1683","913","534","54","555","218","217","763","17","3811","6917","0","0","0","0","0","-100000","5","-100.00","4303","-200","111","0","0","","0","0","0","","",""
"080133","0001","0","98900","99100","99200","99300","99500","99600","99700","99800","99900","100000","98800","98700","98600","98500","98400","98300","98200","98100","98000","97900","383","8","1","36","60","325","330","342","1421","905","1964","1683","913","534","54","555","218","217","763","17","3811","6918","0","0","0","0","0","-100000","5","-100.00","4303","0","1","0","0","","0","0","0","","",""
"080133","0002","0","98900","99100","99200","99300","99500","99600","99700","99800","99900","100000","98800","98700","98600","98500","98400","98300","98200","98100","98000","97900","378","8","1","36","60","325","330","342","1421","905","1959","1683","913","534","54","555","218","217","763","17","3806","6913","0","0","0","0","0","-100000","5","-100.00","4308","-5","-5","0","0","","0","0","0","","",""
"080134","0000","0","98900","99100","99200","99300","99500","99600","99700","99800","99900","100000","98800","98700","98600","98500","98400","98300","98200","98100","98000","97900","688","8","1","36","60","325","330","342","1421","905","1959","1683","913","534","54","555","218","217","764","17","4116","6914","0","0","0","0","0","-100000","5","-100.00","4308","310","1","0","0","","0","0","0","","",""
"080134","0001","0","98900","99100","99200","99300","99500","99600","99700","99800","99900","100000","98800","98700","98600","98500","98400","98300","98200","98100","98000","97900","684","8","1","36","60","325","330","342","1421","905","1959","1683","913","534","54","555","218","217","764","17","4112","6914","0","0","0","0","0","-100000","5","-100.00","4312","-4","0","0","0","","0","0","0","","",""
"080134","0002","0","98900","99100","99200","99300","99500","99600","99700","99800","99900","100000","98800","98700","98600","98500","98400","98300","98200","98100","98000","97900","681","8","1","36","60","325","330","342","1421","905","1959","1683","913","534","54","555","218","217","764","17","4109","6914","0","0","0","0","0","-100000","5","-100.00","4315","-3","0","0","0","","0","0","0","","",""
"080135","0000","0","98900","99100","99200","99300","99500","99600","99700","99800","99900","100000","98800","98700","98600","98500","98400","98300","98200","98100","98000","97900","681","8","1","36","80","325","330","342","1421","905","1959","1683","913","544","54","555","218","217","764","17","4129","6924","0","0","0","0","0","-100000","5","-100.00","4315","20","10","0","0","","0","0","0","","",""
"080135","0001","0","98900","99100","99200","99300","99500","99600","99700","99800","99900","100000","98800","98700","98600","98500","98400","98300","98200","98100","98000","97900","680","8","1","36","80","325","330","342","1421","905","1959","1683","913","544","54","555","218","217","764","17","4128","6924","0","0","0","0","0","-100000","5","-100.00","4316","-1","0","0","0","","0","0","0","","",""
"080135","0002","0","98900","99100","99200","99300","99500","99600","99700","99800","99900","100000","98800","98700","98600","98500","98400","98300","98200","98100","98000","97900","680","8","1","36","80","325","330","342","1421","905","1961","1683","913","544","54","555","218","217","764","17","4128","6926","0","0","0","0","0","-100000","5","-100.00","4316","0","2","0","0","","0","0","0","","",""
"080136","0000","0","98900","99100","99200","99300","99500","99600","99700","99800","99900","100000","98800","98700","98600","98500","98400","98300","98200","98100","98000","97900","630","8","1","36","80","325","330","342","1421","905","1961","1683","913","544","54","556","218","217","764","17","4078","6927","0","0","0","0","0","-100000","5","-100.00","4366","-50","1","0","0","","0","0","0","","",""
"080136","0001","0","98900","99100","99200","99300","99500","99600","99700","99800","99900","100000","98800","98700","98600","98500","98400","98300","98200","98100","98000","97900","576","8","1","36","80","325","330","342","1421","905","1961","1683","913","544","54","556","218","217","764","17","4024","6927","0","0","0","0","0","-100000","5","-100.00","4420","-54","0","0","0","","0","0","0","","",""
"080136","0002","0","98900","99100","99200","99300","99500","99600","99700","99800","99900","100000","98800","98700","98600","98500","98400","98300","98200","98100","98000","97900","476","8","1","36","80","325","330","342","1421","905","1961","1683","913","544","54","556","218","217","764","17","3924","6927","0","0","0","0","0","-100000","5","-100.00","4520","-100","0","0","0","","0","0","0","","",""
"080136","0003","0","98900","99100","99200","99300","99500","99600","99700","99800","99900","100000","98800","98700","98600","98500","98400","98300","98200","98100","98000","97900","474","8","1","36","80","325","330","342","1421","905","1961","1670","913","544","54","556","218","217","764","17","3922","6914","0","0","0","0","0","-100000","5","-100.00","4522","-2","-13","0","0","","0","0","0","","",""
"080137","0000","0","98900","99100","99200","99300","99500","99600","99700","99800","99900","100000","98800","98700","98600","98500","98400","98300","98200","98100","98000","97900","464","8","1","36","80","325","330","342","1421","905","1961","1670","913","545","55","557","219","222","764","22","3912","6928","0","0","0","0","0","-100000","5","-100.00","4532","-10","14","0","0","","0","0","0","","",""
"080137","0001","0","98900","99100","99200","99300","99500","99600","99700","99800","99900","100000","98800","98700","98600","98500","98400","98300","98200","98100","98000","97900","464","8","1","36","80","325","330","342","1421","905","1961","1670","918","545","55","557","219","222","764","22","3912","6933","0","0","0","0","0","-100000","5","-100.00","4532","0","5","0","0","","0","0","0","","",""
"080138","0000","0","98900","99100","99200","99300","99500","99600","99700","99800","99900","100000","98800","98700","98600","98500","98400","98300","98200","98100","98000","97900","464","8","1","36","80","325","330","342","1421","905","1961","1672","918","545","55","557","219","222","764","22","3912","6935","0","0","0","0","0","-100000","5","-100.00","4532","0","2","0","0","","0","0","0","","",""
"080138","0001","0","98900","99100","99200","99300","99500","99600","99700","99800","99900","100000","98800","98700","98600","98500","98400","98300","98200","98100","98000","97900","464","8","1","36","181","325","330","342","1421","905","1961","1673","918","545","55","557","219","222","764","22","4013","6936","0","0","0","0","0","-100000","5","-100.00","4532","101","1","0","0","","0","0","0","","",""
"080138","0002","0","98900","99100","99200","99300","99500","99600","99700","99800","99900","100000","98800","98700","98600","98500","98400","98300","98200","98100","98000","97900","464","8","1","36","181","325","330","342","1421","905","1962","1672","918","545","55","557","219","222","764","22","4013","6936","0","0","0","0","0","-100000","5","-100.00","4532","0","0","0","0","","0","0","0","","",""
"080138","0003","0","98900","99100","99200","99300","99500","99600","99700","99800","99900","100000","98800","98700","98600","98500","98400","98300","98200","98100","98000","97900","414","8","1","36","181","325","330","342","1421","905","1962","1672","918","545","55","557","219","222","764","22","3963","6936","0","0","0","0","0","-100000","5","-100.00","4582","-50","0","0","0","","0","0","0","","",""
"080139","0000","0","98900","99100","99200","99300","99500","99600","99700","99800","99900","100000","98800","98700","98600","98500","98400","98300","98200","98100","98000","97900","413","8","1","36","181","325","330","342","1421","905","1962","1672","918","545","57","557","219","222","764","22","3962","6938","0","0","0","0","0","-100000","5","-100.00","4583","-1","2","0","0","","0","0","0","","",""
"080139","0001","0","98900","99100","99200","99300","99500","99600","99700","99800","99900","100000","98800","98700","98600","98500","98400","98300","98200","98100","98000","97900","413","8","1","36","181","325","330","342","1421","905","1962","1675","918","545","57","557","219","222","764","22","3962","6941","0","0","0","0","0","-100000","5","-100.00","4583","0","3","0","0","","0","0","0","","",""
"080139","0002","0","98900","99100","99200","99300","99500","99600","99700","99800","99900","100000","98800","98700","98600","98500","98400","98300","98200","98100","98000","97900","412","8","1","36","181","325","330","342","1421","905","2062","1675","918","545","57","557","219","232","764","22","3961","7051","0","0","0","0","0","-100000","5","-100.00","4584","-1","110","0","0","","0","0","0","","",""
"080140","0000","0","99200","99300","99500","99600","99700","99800","99900","100000","100100","100200","98900","98800","98700","98600","98500","98400","98300","98200","98100","98000","1","36","181","325","330","342","1421","905","159","507","22","2062","1675","918","545","57","557","219","232","764","4207","7051","0","0","0","0","0","-100000","5","-100.00","4996","246","0","0","0","","0","0","0","","",""
"080140","0001","0","99200","99300","99500","99600","99700","99800","99900","100000","100100","100200","98900","98800","98700","98600","98500","98400","98300","98200","98100","98000","1","36","181","325","330","342","1421","905","159","507","23","2062","1675","918","545","57","557","219","232","764","4207","7052","0","0","0","0","0","-100000","5","-100.00","4996","0","1","0","0","","0","0","0","","",""
"080140","0002","0","99200","99300","99500","99600","99700","99800","99900","100000","100100","100200","98900","98800","98700","98600","98500","98400","98300","98200","98100","98000","1","36","181","325","330","342","1421","905","159","507","25","2062","1675","918","545","57","557","219","232","764","4207","7054","0","0","0","0","0","-100000","5","-100.00","4996","0","2","0","0","","0","0","0","","",""
"080141","0000","0","99200","99300","99500","99600","99700","99800","99900","100000","100100","100200","98900","98800","98700","98600","98500","98400","98300","98200","98100","98000","1","36","181","325","330","342","1421","905","159","507","25","2063","1675","918","545","57","557","219","232","764","4207","7055","0","0","0","0","0","-100000","5","-100.00","4996","0","1","0","0","","0","0","0","","",""
"080142","0000","0","99200","99300","99500","99600","99700","99800","99900","100000","100100","100200","98900","98800","98700","98600","98500","98400","98300","98200","98100","98000","1","36","181","325","330","342","1421","905","159","507","25","2063","1675","918","545","57","558","219","232","764","4207","7056","0","0","0","0","0","-100000","5","-100.00","4996","0","1","0","0","","0","0","0","","",""
"080143","0000","0","99200","99300","99500","99600","99700","99800","99900","100000","100100","100200","98900","98800","98700","98600","98500","98400","98300","98200","98100","98000","1","36","181","325","330","342","1421","905","159","507","23","2063","1676","918","545","57","558","219","232","764","4207","7055","0","0","0","0","0","-100000","5","-100.00","4996","0","-1","0","0","","0","0","0","","",""
"080144","0000","0","99200","99300","99500","99600","99700","99800","99900","100000","100100","100200","98900","98800","98700","98600","98500","98400","98300","98200","98100","98000","1","36","181","325","330","342","1421","905","159","507","23","2063","1676","918","545","70","558","219","232","764","4207","7068","0","0","0","0","0","-100000","5","-100.00","4996","0","13","0","0","","0","0","0","","",""
"080145","0000","0","99200","99300","99500","99600","99700","99800","99900","100000","100100","100200","98900","98800","98700","98600","98500","98400","98300","98200","98100","98000","1","36","181","325","330","342","1421","905","159","507","23","2063","1676","918","545","80","558","219","232","764","4207","7078","0","0","0","0","0","-100000","5","-100.00","4996","0","10","0","0","","0","0","0","","",""
"080145","0001","0","99200","99300","99500","99600","99700","99800","99900","100000","100100","100200","98900","98800","98700","98600","98500","98400","98300","98200","98100","98000","1","36","181","325","330","342","1421","905","159","507","24","2063","1681","918","545","80","558","219","232","764","4207","7084","0","0","0","0","0","-100000","5","-100.00","4996","0","6","0","0","","0","0","0","","",""
"080145","0002","0","99200","99300","99500","99600","99700","99800","99900","100000","100100","100200","98900","98800","98700","98600","98500","98400","98300","98200","98100","98000","1","36","181","325","330","342","1421","905","159","507","25","2063","1681","918","545","80","558","219","232","764","4207","7085","0","0","0","0","0","-100000","5","-100.00","4996","0","1","0","0","","0","0","0","","",""
"080145","0003","0","99200","99300","99500","99600","99700","99800","99900","100000","100100","100200","98900","98800","98700","98600","98500","98400","98300","98200","98100","98000","1","36","181","325","330","342","1421","905","159","507","30","2063","1681","918","545","80","558","219","232","764","4207","7090","0","0","0","0","0","-100000","5","-100.00","4996","0","5","0","0","","0","0","0","","",""
"080146","0000","0","99200","99300","99500","99600","99700","99800","99900","100000","100100","100200","98900","98800","98700","98600","98500","98400","98300","98200","98100","98000","1","36","181","325","330","342","1421","905","159","507","30","2163","1681","918","545","80","558","219","232","764","4207","7190","0","0","0","0","0","-100000","5","-100.00","4996","0","100","0","0","","0","0","0","","",""
"080146","0001","0","99200","99300","99500","99600","99700","99800","99900","100000","100100","100200","98900","98800","98700","98600","98500","98400","98300","98200","98100","98000","1","36","181","325","330","342","1421","905","159","507","130","2163","1681","918","545","80","558","219","232","764","4207","7290","0","0","0","0","0","-100000","5","-100.00","4996","0","100","0","0","","0","0","0","","",""
"080146","0002","0","99200","99300","99500","99600","99700","99800","99900","100000","100100","100200","98900","98800","98700","98600","98500","98400","98300","98200","98100","98000","1","36","181","325","330","342","1421","905","159","507","149","2163","1681","918","545","80","558","219","232","764","4207","7309","0","0","0","0","0","-100000","5","-100.00","4996","0","19","0","0","","0","0","0","","",""
"080147","0000","0","99200","99300","99500","99600","99700","99800","99900","100000","100100","100200","98900","98800","98700","98600","98500","98400","98300","98200","98100","98000","1","36","181","325","330","342","1421","905","159","507","154","2163","1681","918","545","80","558","219","232","764","4207","7314","0","0","0","0","0","-100000","5","-100.00","4996","0","5","0","0","","0","0","0","","",""
"080147","0001","0","99200","99300","99500","99600","99700","99800","99900","100000","100100","100200","98900","98800","98700","98600","98500","98400","98300","98200","98100","98000","1","36","181","325","330","342","1421","905","159","512","154","2163","1681","918","545","80","558","219","232","764","4212","7314","0","0","0","0","0","-100000","5","-100.00","4996","5","0","0","0","","0","0","0","","",""
"080147","0002","0","99200","99300","99500","99600","99700","99800","99900","100000","100100","100200","98900","98800","98700","98600","98500","98400","98300","98200","98100","98000","1","36","181","325","330","342","1421","905","159","512","154","2173","1680","918","545","80","558","219","232","764","4212","7323","0","0","0","0","0","-100000","5","-100.00","4996","0","9","0","0","","0","0","0","","",""
"080148","0000","0","99200","99300","99500","99600","99700","99800","99900","100000","100100","100200","98900","98800","98700","98600","98500","98400","98300","98200","98100","98000","1","36","181","325","330","342","1421","905","159","512","154","2174","1680","918","545","80","558","219","232","764","4212","7324","0","0","0","0","0","-100000","5","-100.00","4996","0","1","0","0","","0","0","0","","",""
"080148","0001","0","99200","99300","99500","99600","99700","99800","99900","100000","100100","100200","99000","98900","98800","98700","98600","98500","98400","98300","98200","98100","1","36","181","330","330","342","1421","905","159","512","1","154","2174","1680","918","545","80","558","214","232","4217","6556","0","0","0","0","0","-100000","5","-100.00","4996","5","-768","0","0","","0","0","0","","",""
"080148","0002","0","99200","99300","99500","99600","99700","99800","99900","100000","100100","100200","99000","98900","98800","98700","98600","98500","98400","98300","98200","98100","1","36","181","330","330","342","1421","905","159","512","1","154","2184","1685","918","545","80","558","214","232","4217","6571","0","0","0","0","0","-100000","5","-100.00","4996","0","15","0","0","","0","0","0","","",""
