"time","millisec","HOUR_CLS_CODE","ASKP1","ASKP2","ASKP3","ASKP4","ASKP5","ASKP6","ASKP7","ASKP8","ASKP9","ASKP10","BIDP1","BIDP2","BIDP3","BIDP4","BIDP5","BIDP6","BIDP7","BIDP8","BIDP9","BIDP10","ASKP_RSQN1","ASKP_RSQN2","ASKP_RSQN3","ASKP_RSQN4","ASKP_RSQN5","ASKP_RSQN6","ASKP_RSQN7","ASKP_RSQN8","ASKP_RSQN9","ASKP_RSQN10","BIDP_RSQN1","BIDP_RSQN2","BIDP_RSQN3","BIDP_RSQN4","BIDP_RSQN5","BIDP_RSQN6","BIDP_RSQN7","BIDP_RSQN8","BIDP_RSQN9","BIDP_RSQN10","TOTAL_ASKP_RSQN","TOTAL_BIDP_RSQN","OVTM_TOTAL_ASKP_RSQN","OVTM_TOTAL_BIDP_RSQN","ANTC_CNPR","ANTC_CNQN","ANTC_VOL","ANTC_CNTG_VRSS","ANTC_CNTG_VRSS_SIGN","ANTC_CNTG_PRDY_CTRT","ACML_VOL","TOTAL_ASKP_RSQN_ICDC","TOTAL_BIDP_RSQN_ICDC","OVTM_TOTAL_ASKP_ICDC","OVTM_TOTAL_BIDP_ICDC","STCK_DEAL_CLS_CODE","KMID_PRC","KMID_TOTAL_RSQN","KMID_CLS_CODE","NMID_PRC","NMID_TOTAL_RSQN","NMID_CLS_CODE"
"080000","0000","0","277500","279500","0","0","0","0","0","0","0","0","260500","255000","250500","240500","0","0","0","0","0","0","50","70","0","0","0","0","0","0","0","0","70","80","100","150","0","0","0","0","0","0","120","400","0","0","0","0","0","-270000","5","-100.00","0","0","0","0","0","","0","0","0","","",""
"080000","0001","0","275500","277500","279500","320000","0","0","0","0","0","0","260500","255000","250500","240500","0","0","0","0","0","0","29","50","70","1","0","0","0","0","0","0","75","80","100","150","0","0","0","0","0","0","150","405","0","0","0","0","0","-270000","5","-100.00","0","30","5","0","0","","0","0","0","","",""
"080001","0000","0","275500","277000","277500","279500","320000","0","0","0","0","0","265000","260500","255000","250500","240500","189000","0","0","0","0","29","21","50","70","1","0","0","0","0","0","1","75","80","100","150","1","0","0","0","0","171","407","0","0","0","0","0","-270000","5","-100.00","0","21","2","0","0","","0","0","0","","",""
"080001","0001","0","275500","277000","277500","279500","320000","0","0","0","0","0","265000","260500","255000","250500","240500","230000","189000","0","0","0","29","21","50","70","1","0","0","0","0","0","1","75","80","100","150","10","1","0","0","0","171","417","0","0","0","0","0","-270000","5","-100.00","0","0","10","0","0","","0","0","0","","",""
"080001","0002","0","270000","275500","277000","277500","279500","288000","294000","311000","320000","0","265000","261500","261000","260500","255000","250500","240500","230000","189000","0","30","29","21","50","70","40","1","2","1","0","1","10","2","75","80","100","150","10","1","0","244","429","0","0","0","0","0","-270000","5","-100.00","0","73","12","0","0","","0","0","0","","",""
"080002","0000","0","270000","270500","275000","275500","277000","277500","279500","288000","294000","311000","265500","265000","261500","261000","260500","255000","250500","240500","230000","189000","30","30","277","29","21","50","70","40","1","2","1","1","10","2","75","130","100","150","10","1","550","480","0","0","0","0","0","-270000","5","-100.00","0","306","51","0","0","","0","0","0","","",""
"080002","0001","0","270000","270500","275000","275500","277000","277500","279500","288000","294000","311000","265500","265000","261500","261000","260500","255500","255000","250500","240500","230000","30","30","277","29","21","50","70","40","1","2","1","1","10","2","75","24","130","100","150","10","550","503","0","0","0","0","0","-270000","5","-100.00","0","0","23","0","0","","0","0","0","","",""
"080003","0000","0","270000","270500","275000","275500","277000","277500","279500","288000","294000","311000","265500","265000","261500","261000","260500","255500","255000","250500","240500","232000","30","30","277","29","21","50","70","40","1","2","1","2","10","3","75","24","130","100","150","10","550","505","0","0","0","0","0","-270000","5","-100.00","0","0","2","0","0","","0","0","0","","",""
"080003","0001","0","270000","270500","275000","275500","277000","277500","279500","283000","288000","294000","265500","265000","261500","261000","260500","255500","255000","250500","240500","232000","30","30","277","29","21","50","70","212","40","1","1","2","10","3","75","24","130","100","150","10","760","505","0","0","0","0","0","-270000","5","-100.00","0","210","0","0","0","","0","0","0","","",""
"080004","0000","0","270000","270500","275000","275500","277000","277500","279500","283000","288000","294000","265500","265000","261500","261000","260500","255500","255000","250500","240500","232000","30","30","277","29","21","50","70","212","40","1","1","18","10","3","75","24","130","100","150","10","760","521","0","0","0","0","0","-270000","5","-100.00","0","0","16","0","0","","0","0","0","","",""
"080004","0001","0","270000","270500","275000","275500","277000","277500","279000","279500","283000","288000","265500","265000","261500","261000","260500","255500","255000","250500","240500","232000","30","30","277","29","21","50","2","70","212","40","1","18","10","3","75","24","130","100","150","10","761","521","0","0","0","0","0","-270000","5","-100.00","0","1","0","0","0","","0","0","0","","",""
"080004","0002","0","270000","270500","275000","275500","277000","277500","279000","279500","283000","288000","265500","265000","261500","261000","260500","255500","255000","250500","250000","240500","30","30","277","29","21","50","2","70","212","40","1","18","10","3","75","24","130","100","5","150","761","516","0","0","0","0","0","-270000","5","-100.00","0","0","-5","0","0","","0","0","0","","",""
"080005","0000","0","270000","270500","275000","275500","277000","277500","279000","279500","283000","288000","265500","265000","261500","261000","260500","260000","255500","255000","250500","250000","30","30","277","29","21","50","2","70","212","60","1","18","10","3","75","50","24","130","100","5","781","416","0","0","0","0","0","-270000","5","-100.00","0","20","-100","0","0","","0","0","0","","",""
"080005","0001","0","270000","270500","275000","275500","277000","277500","279000","279500","283000","288000","265500","265000","262000","261500","261000","260500","260000","255000","250500","250000","30","30","277","29","21","50","2","70","212","60","1","18","24","10","3","75","50","130","100","5","781","416","0","0","0","0","0","-270000","5","-100.00","0","0","0","0","0","","0","0","0","","",""
"080006","0000","0","270000","270500","275000","275500","277000","277500","279000","279500","283000","288000","265500","265000","262000","261500","261000","260500","260000","255000","250500","250000","20","30","277","29","21","50","2","70","212","60","1","18","24","10","3","75","50","130","100","5","771","416","0","0","0","0","0","-270000","5","-100.00","10","-10","0","0","0","","0","0","0","","",""
"080006","0001","0","270000","270500","275000","275500","277000","277500","278500","279000","279500","283000","265500","265000","262000","261500","261000","260500","260000","255000","250500","250000","20","30","277","29","21","50","1","2","70","212","1","18","24","10","3","75","50","130","100","5","712","416","0","0","0","0","0","-270000","5","-100.00","10","-59","0","0","0","","0","0","0","","",""
"080007","0000","0","270000","270500","275000","275500","277000","277500","278500","279000","279500","283000","265500","265000","262000","261500","261000","260500","260000","255000","250500","250000","20","30","277","29","21","50","1","4","70","212","1","18","24","10","3","75","50","130","100","5","714","416","0","0","0","0","0","-270000","5","-100.00","10","2","0","0","0","","0","0","0","","",""
"080007","0001","0","270000","270500","275000","275500","277000","277500","278500","279000","279500","283000","265500","265000","262000","261500","261000","260500","260000","255000","252000","250500","20","30","277","29","21","50","1","304","71","212","1","43","24","10","1","75","50","130","26","100","1015","460","0","0","0","0","0","-270000","5","-100.00","10","0","44","0","0","","0","0","0","","",""
"080007","0002","0","270000","270500","275000","275500","277000","277500","278500","279000","279500","283000","265500","265000","262000","261500","261000","260500","260000","255000","252000","250500","20","30","277","29","21","50","1","304","71","212","2","43","24","10","1","75","50","130","26","100","1015","461","0","0","0","0","0","-270000","5","-100.00","10","0","1","0","0","","0","0","0","","",""
"080007","0003","0","270000","270500","275000","275500","277000","277500","278500","279000","279500","283000","266500","265500","265000","263000","262000","261500","261000","260500","260000","255000","25","30","277","29","21","50","1","304","71","212","5","2","48","5","24","10","1","75","50","130","1020","350","0","0","0","0","0","-270000","5","-100.00","10","5","-111","0","0","","0","0","0","","",""
"080008","0000","0","270000","270500","275000","275500","277000","277500","278500","279000","279500","283000","266500","266000","265500","265000","263000","262000","261500","261000","260500","260000","25","30","277","30","21","50","1","304","71","212","5","10","2","48","5","24","10","1","75","50","1021","230","0","0","0","0","0","-270000","5","-100.00","10","1","-120","0","0","","0","0","0","","",""
"080008","0001","0","270000","270500","275000","275500","277000","277500","278500","279000","279500","283000","266500","266000","265500","265000","263000","262000","261500","261000","260500","260000","27","30","277","30","21","50","1","304","71","212","5","10","2","48","5","24","10","1","75","50","1023","230","0","0","0","0","0","-270000","5","-100.00","10","2","0","0","0","","0","0","0","","",""
"080008","0002","0","270000","270500","275000","275500","277000","277500","278500","279000","279500","283000","266500","266000","265500","265000","263000","262000","261500","261000","260500","260000","27","30","277","30","21","50","1","304","71","212","5","10","2","48","5","24","28","1","75","50","1023","248","0","0","0","0","0","-270000","5","-100.00","10","0","18","0","0","","0","0","0","","",""
"080009","0000","0","270000","270500","275000","275500","277000","277500","278500","279000","279500","283000","266500","266000","265500","265000","263000","262000","261500","261000","260500","260000","16","30","277","30","21","50","1","304","71","212","5","10","2","48","5","24","28","1","75","50","1012","248","0","0","0","0","0","-270000","5","-100.00","21","-11","0","0","0","","0","0","0","","",""
"080010","0000","0","270000","270500","275000","275500","277000","277500","278500","279000","279500","283000","266500","266000","265500","265000","263000","262000","261500","261000","260500","260000","16","30","277","30","21","50","1","304","71","212","6","10","2","48","5","24","28","1","75","50","1012","249","0","0","0","0","0","-270000","5","-100.00","21","0","1","0","0","","0","0","0","","",""
"080010","0001","0","270000","270500","275000","275500","277000","277500","278500","279000","279500","283000","266500","266000","265500","265000","263000","262000","261500","261000","260500","260000","16","30","277","30","21","50","1","304","71","212","6","10","12","48","5","24","28","1","75","50","1012","259","0","0","0","0","0","-270000","5","-100.00","21","0","10","0","0","","0","0","0","","",""
"080011","0000","0","270500","275000","275500","277000","277500","278500","279000","279500","283000","285000","266500","266000","265500","265000","263000","262000","261500","261000","260500","260000","30","277","30","21","50","1","304","71","212","10","6","10","12","48","5","24","28","1","75","50","1006","259","0","0","0","0","0","-270000","5","-100.00","62","-6","0","0","0","","0","0","0","","",""
"080011","0001","0","270500","275000","275500","277000","277500","278500","279000","279500","283000","285000","267000","266500","266000","265500","265000","263000","261500","261000","260500","260000","30","277","30","21","50","1","304","71","212","10","26","6","10","12","48","5","28","1","75","50","1006","261","0","0","0","0","0","-270000","5","-100.00","62","0","2","0","0","","0","0","0","","",""
"080013","0000","0","270500","275000","275500","277000","277500","278500","279000","279500","283000","285000","267000","266500","266000","265500","265000","263000","261500","261000","260500","260000","30","277","30","21","50","1","304","71","212","10","26","6","10","12","50","5","28","1","75","50","1006","263","0","0","0","0","0","-270000","5","-100.00","62","0","2","0","0","","0","0","0","","",""
"080013","0001","0","270500","275000","275500","277000","277500","278500","279000","279500","283000","285000","270000","267000","266500","266000","265500","265000","263000","261500","261000","260500","30","277","30","21","50","1","304","71","212","10","1","27","6","10","12","50","5","28","1","75","1006","215","0","0","0","0","0","-270000","5","-100.00","66","0","1","0","0","","0","0","0","","",""
"080013","0002","0","270500","275000","275500","277000","277500","278500","279000","279500","280000","283000","270000","267000","266500","266000","265500","265000","263000","261500","261000","260500","30","277","30","21","50","1","304","71","16","212","1","27","6","10","12","50","5","28","1","75","1012","215","0","0","0","0","0","-270000","5","-100.00","66","6","0","0","0","","0","0","0","","",""
"080014","0000","0","270500","275000","275500","277000","277500","278500","279000","279500","280000","283000","270000","267000","266500","266000","265500","265000","263000","261500","261000","260500","30","277","30","21","50","1","304","71","16","212","1","27","6","10","12","50","5","28","6","75","1012","220","0","0","0","0","0","-270000","5","-100.00","66","0","5","0","0","","0","0","0","","",""
"080014","0001","0","270500","275000","275500","277000","277500","278500","279000","279500","280000","283000","270000","267000","266500","266000","265500","265000","263000","261500","261000","260500","30","277","30","21","50","1","304","371","16","212","1","27","6","10","12","50","5","28","6","75","1312","220","0","0","0","0","0","-270000","5","-100.00","66","300","0","0","0","","0","0","0","","",""
"080014","0002","0","270500","275000","275500","277000","277500","279000","279500","280000","283000","285000","270000","267000","266500","266000","265500","265000","263000","261500","261000","260500","30","277","30","21","50","304","371","16","212","10","1","27","6","10","12","50","5","28","6","75","1321","220","0","0","0","0","0","-270000","5","-100.00","66","9","0","0","0","","0","0","0","","",""
"080015","0000","0","270500","275000","275500","277000","277500","279000","279500","280000","283000","285000","270000","267000","266500","266000","265500","265000","263000","261500","261000","260500","30","277","30","21","50","304","371","16","212","10","1","27","6","10","12","51","5","28","6","75","1321","221","0","0","0","0","0","-270000","5","-100.00","66","0","1","0","0","","0","0","0","","",""
"080015","0001","0","270500","275000","275500","277000","277500","279000","279500","280000","283000","285000","270000","267000","266500","266000","265500","265000","263000","261500","261000","260500","30","277","30","21","50","304","371","16","212","10","1","27","6","10","12","51","5","28","5","75","1321","220","0","0","0","0","0","-270000","5","-100.00","66","0","-1","0","0","","0","0","0","","",""
"080015","0002","0","270500","275000","275500","277000","277500","279000","279500","280000","283000","285000","270000","267000","266500","266000","265500","265000","263000","261500","261000","260500","30","277","30","21","50","304","371","16","212","10","2","27","6","10","12","51","5","28","5","75","1321","221","0","0","0","0","0","-270000","5","-100.00","66","0","1","0","0","","0","0","0","","",""
"080016","0000","0","270500","275000","275500","277000","277500","279000","279500","280000","283000","285000","270000","267000","266500","266000","265500","265000","263000","261500","261000","260500","30","316","30","21","50","304","371","16","212","10","2","27","6","10","12","51","5","28","5","75","1360","221","0","0","0","0","0","-270000","5","-100.00","66","39","0","0","0","","0","0","0","","",""
"080017","0000","0","270500","275000","275500","277000","277500","279000","279500","280000","283000","285000","270000","267000","266500","266000","265500","265000","263000","261500","261000","260500","30","316","30","21","50","304","371","16","212","10","2","28","6","10","12","51","5","28","25","75","1360","242","0","0","0","0","0","-270000","5","-100.00","66","0","20","0","0","","0","0","0","","",""
"080017","0001","0","270500","275000","275500","277000","277500","279000","279500","280000","283000","285000","270000","267000","266500","266000","265500","265000","263000","261500","261000","260500","30","316","30","21","50","304","371","16","212","10","18","28","6","10","12","35","5","28","25","75","1360","242","0","0","0","0","0","-270000","5","-100.00","66","0","0","0","0","","0","0","0","","",""
"080017","0002","0","270500","275000","275500","277000","277500","279000","279500","280000","283000","284000","270000","267000","266500","266000","265500","265000","263000","261500","261000","260500","30","316","30","21","50","304","371","16","212","2","18","28","6","10","12","35","5","28","25","75","1352","242","0","0","0","0","0","-270000","5","-100.00","66","-8","0","0","0","","0","0","0","","",""
"080017","0003","0","270500","275000","275500","277000","277500","279000","279500","280000","283000","284000","270000","267500","267000","266500","266000","265500","265000","263000","261500","261000","30","316","30","21","50","304","371","16","212","2","18","1","28","6","10","12","35","5","28","25","1352","168","0","0","0","0","0","-270000","5","-100.00","66","0","-74","0","0","","0","0","0","","",""
"080018","0000","0","270500","275000","275500","276000","277000","277500","279000","279500","280000","283000","270000","267500","267000","266500","266000","265500","265000","263000","261500","261000","30","316","30","34","21","50","304","371","16","212","18","1","28","6","10","12","35","5","28","25","1384","168","0","0","0","0","0","-270000","5","-100.00","66","32","0","0","0","","0","0","0","","",""
"080018","0001","0","270500","275000","275500","276000","277000","277500","279000","279500","280000","283000","270000","267500","267000","266500","266000","265500","265000","263000","261500","261000","30","316","61","34","21","50","304","371","16","212","18","1","28","6","10","12","35","5","28","25","1415","168","0","0","0","0","0","-270000","5","-100.00","66","31","0","0","0","","0","0","0","","",""
"080019","0000","0","270500","274500","275000","275500","276000","277000","277500","279000","279500","280000","270000","267500","267000","266500","266000","265500","265000","263000","261500","261000","30","26","344","61","34","21","50","304","371","16","18","1","28","6","10","12","35","5","28","25","1257","168","0","0","0","0","0","-270000","5","-100.00","66","-186","0","0","0","","0","0","0","","",""
"080019","0001","0","270500","273000","273500","274000","274500","275000","275500","276000","277000","277500","270000","267500","267000","266500","266000","265500","265000","263000","261500","261000","30","17","20","23","26","344","61","34","21","50","18","1","28","6","10","12","35","5","28","25","626","168","0","0","0","0","0","-270000","5","-100.00","66","-287","0","0","0","","0","0","0","","",""
"080019","0002","0","270500","272500","273000","273500","274000","274500","275000","275500","276000","277000","270000","267500","267000","266500","266000","265500","265000","263000","261500","261000","30","14","17","20","23","26","347","61","34","21","18","1","28","6","10","12","35","5","28","25","593","168","0","0","0","0","0","-270000","5","-100.00","66","-36","0","0","0","","0","0","0","","",""
"080019","0003","0","270500","272000","272500","273000","273500","274000","274500","275000","275500","276000","270000","267500","267000","266500","266000","265500","265000","263000","261500","261000","30","11","14","17","20","23","26","347","61","34","19","1","28","6","10","12","35","5","28","25","583","169","0","0","0","0","0","-270000","5","-100.00","66","0","1","0","0","","0","0","0","","",""
"080019","0004","0","270500","271000","271500","272000","272500","273000","273500","274000","274500","275000","270000","267500","267000","266500","266000","265500","265000","263000","261500","261000","33","6","9","11","14","17","20","23","26","347","19","1","28","6","10","12","35","5","28","25","506","169","0","0","0","0","0","-270000","5","-100.00","66","-77","0","0","0","","0","0","0","","",""
"080020","0000","0","270500","271000","271500","272000","272500","273000","273500","274000","274500","275000","270000","267500","267000","266500","266000","265500","265000","263000","261500","261000","33","6","9","11","14","17","20","23","26","347","19","2","28","6","10","12","35","5","28","25","506","170","0","0","0","0","0","-270000","5","-100.00","66","0","1","0","0","","0","0","0","","",""
"080021","0000","0","270500","271000","271500","272000","272500","273000","273500","274000","274500","275000","270000","267500","267000","266500","266000","265500","265000","263000","261500","261000","33","6","9","11","14","17","20","23","26","347","19","2","32","6","10","12","35","5","28","25","506","174","0","0","0","0","0","-270000","5","-100.00","66","0","4","0","0","","0","0","0","","",""
"080022","0000","0","270500","271000","271500","272000","272500","273000","273500","274000","274500","275000","270000","267500","267000","266500","266000","265500","265000","263000","261500","261000","33","6","9","11","14","17","20","23","26","347","19","2","36","6","10","12","35","5","28","25","506","178","0","0","0","0","0","-270000","5","-100.00","66","0","4","0","0","","0","0","0","","",""
"080022","0001","0","270500","271000","271500","272000","272500","273000","273500","274000","274500","275000","270000","268000","267500","267000","266500","266000","265500","265000","263000","261500","33","6","9","11","14","17","20","23","26","347","19","1","2","36","6","10","12","35","5","28","506","154","0","0","0","0","0","-270000","5","-100.00","66","0","-24","0","0","","0","0","0","","",""
"080023","0000","0","270500","271000","271500","272000","272500","273000","273500","274000","274500","275000","270000","268000","267500","267000","266500","266000","265500","265000","263000","262000","33","6","9","11","14","17","20","23","26","347","19","2","2","36","7","11","12","36","5","1","506","131","0","0","0","0","0","-270000","5","-100.00","66","0","-25","0","0","","0","0","0","","",""
"080024","0000","0","270500","271000","271500","272000","272500","273000","273500","274000","274500","275000","270000","268000","267500","267000","266500","266000","265500","265000","263000","262000","33","6","9","11","14","17","20","23","26","347","19","2","2","36","7","13","12","36","5","1","506","133","0","0","0","0","0","-270000","5","-100.00","66","0","2","0","0","","0","0","0","","",""
"080024","0001","0","270500","271000","271500","272000","272500","273000","273500","274000","274500","275000","270000","268000","267500","267000","266500","266000","265500","265000","264000","263000","32","6","9","11","14","17","20","23","26","347","19","2","2","36","7","13","12","36","2","5","505","134","0","0","0","0","0","-270000","5","-100.00","67","-1","0","0","0","","0","0","0","","",""
"080024","0002","0","270500","271000","271500","272000","272500","273000","273500","274000","274500","275000","270000","268000","267500","267000","266500","266000","265500","265000","264000","263000","22","6","9","11","14","17","20","23","26","347","19","2","2","36","9","13","12","39","2","5","495","139","0","0","0","0","0","-270000","5","-100.00","67","0","3","0","0","","0","0","0","","",""
"080026","0000","0","270500","271000","271500","272000","272500","273000","273500","274000","274500","275000","270000","268500","268000","267500","267000","266500","266000","265500","265000","264000","21","6","9","11","14","17","20","23","26","347","19","1","2","2","36","9","13","12","38","3","494","135","0","0","0","0","0","-270000","5","-100.00","68","0","0","0","0","","0","0","0","","",""
"080026","0001","0","270500","271000","271500","272000","272500","273000","273500","274000","274500","275000","270000","268500","268000","267500","267000","266500","266000","265500","265000","264000","21","6","9","11","14","17","20","23","26","347","19","1","10","2","36","9","13","12","38","3","494","143","0","0","0","0","0","-270000","5","-100.00","68","0","8","0","0","","0","0","0","","",""
"080028","0000","0","270500","271000","271500","272000","272500","273000","273500","274000","274500","275000","270000","268500","268000","267500","267000","266500","266000","265500","265000","264000","21","6","9","11","14","17","20","23","26","347","19","1","10","2","36","10","13","12","38","3","494","144","0","0","0","0","0","-270000","5","-100.00","68","0","1","0","0","","0","0","0","","",""
"080031","0000","0","270500","271000","271500","272000","272500","273000","273500","274000","274500","275000","270000","269000","268500","268000","267500","267000","266500","266000","265500","265000","21","6","9","11","14","17","20","23","26","347","19","1","1","10","2","36","10","13","12","38","494","142","0","0","0","0","0","-270000","5","-100.00","68","0","-2","0","0","","0","0","0","","",""
"080033","0000","0","270500","271000","271500","272000","272500","273000","273500","274000","274500","275000","270000","269000","268500","268000","267500","267000","266500","266000","265500","265000","21","6","9","11","14","17","20","23","26","347","19","1","1","10","2","36","10","13","12","88","494","192","0","0","0","0","0","-270000","5","-100.00","68","0","50","0","0","","0","0","0","","",""
"080034","0000","0","270500","271000","271500","272000","272500","273000","273500","274000","274500","275000","270000","269000","268500","268000","267500","267000","266500","266000","265500","265000","31","6","9","11","14","17","20","23","26","347","19","1","1","10","2","36","10","13","12","88","504","192","0","0","0","0","0","-270000","5","-100.00","68","10","0","0","0","","0","0","0","","",""
"080034","0001","0","270500","271000","271500","272000","272500","273000","273500","274000","274500","275000","270000","269000","268500","268000","267500","267000","266500","266000","265500","265000","31","6","9","11","14","17","20","23","26","347","30","1","1","10","2","36","10","13","12","88","504","203","0","0","0","0","0","-270000","5","-100.00","68","0","11","0","0","","0","0","0","","",""
"080035","0000","0","270500","271000","271500","272000","272500","273000","273500","274000","274500","275000","270000","269000","268500","268000","267500","267000","266500","266000","265500","265000","31","6","9","11","14","17","20","23","26","347","30","1","1","10","2","35","10","13","12","88","504","202","0","0","0","0","0","-270000","5","-100.00","68","0","-1","0","0","","0","0","0","","",""
"080035","0001","0","270500","271000","271500","272000","272500","273000","273500","274000","274500","275000","270000","269000","268500","268000","267500","267000","266500","266000","265500","265000","31","6","9","11","14","17","20","23","26","347","3","1","1","10","2","35","10","13","12","89","504","176","0","0","0","0","0","-270000","5","-100.00","95","0","-27","0","0","","0","0","0","","",""
"080036","0000","0","270500","271000","271500","272000","272500","273000","273500","274000","274500","275000","270000","269000","268500","268000","267500","267000","266500","266000","265500","265000","30","6","9","11","14","17","20","23","26","347","3","1","1","10","2","35","10","13","12","89","503","176","0","0","0","0","0","-270000","5","-100.00","96","-1","0","0","0","","0","0","0","","",""
"080036","0001","0","270500","271000","271500","272000","272500","273000","273500","274000","274500","275000","270000","269000","268500","268000","267500","267000","266500","266000","265500","265000","30","6","9","11","14","17","20","23","26","347","3","1","1","10","2","35","10","13","12","89","503","176","0","0","0","0","0","-270000","5","-100.00","96","0","0","0","0","","0","0","0","","",""
"080036","0002","0","270500","271000","271500","272000","272500","273000","273500","274000","274500","275000","270000","269000","268500","268000","267500","267000","266500","266000","265500","265000","30","6","9","11","14","17","20","23","26","354","3","1","1","10","2","35","10","13","12","89","510","176","0","0","0","0","0","-270000","5","-100.00","96","7","0","0","0","","0","0","0","","",""
"080038","0000","0","270500","271000","271500","272000","272500","273000","273500","274000","274500","275000","270000","269000","268500","268000","267500","267000","266500","266000","265500","265000","30","6","9","11","14","17","20","23","36","354","3","1","1","10","2","35","10","13","12","89","520","176","0","0","0","0","0","-270000","5","-100.00","96","10","0","0","0","","0","0","0","","",""
"080039","0000","0","270500","271000","271500","272000","272500","273000","273500","274000","274500","275000","270000","269000","268500","268000","267500","267000","266500","266000","265500","265000","30","6","9","11","14","17","20","23","36","354","17","1","1","10","2","35","10","13","12","89","520","190","0","0","0","0","0","-270000","5","-100.00","96","0","14","0","0","","0","0","0","","",""
"080040","0000","0","270500","271000","271500","272000","272500","273000","273500","274000","274500","275000","270000","269000","268500","268000","267500","267000","266500","266000","265500","265000","30","6","9","11","14","17","20","23","36","354","17","1","1","10","2","35","10","13","12","91","520","192","0","0","0","0","0","-270000","5","-100.00","96","0","2","0","0","","0","0","0","","",""
"080040","0001","0","270500","271000","271500","272000","272500","273000","273500","274000","274500","275000","270000","269000","268500","268000","267500","267000","266500","266000","265500","265000","30","6","9","11","14","17","20","23","36","354","17","1","1","10","2","36","10","13","12","91","520","193","0","0","0","0","0","-270000","5","-100.00","96","0","1","0","0","","0","0","0","","",""
"080042","0000","0","270500","271000","271500","272000","272500","273000","273500","274000","274500","275000","270000","269000","268500","268000","267500","267000","266500","266000","265500","265000","30","6","9","11","14","17","20","23","36","354","33","1","1","10","2","36","10","13","12","91","520","209","0","0","0","0","0","-270000","5","-100.00","96","0","16","0","0","","0","0","0","","",""
"080042","0001","0","270500","271000","271500","272000","272500","273000","273500","274000","274500","275000","270000","269000","268500","268000","267500","267000","266500","266000","265500","265000","30","6","9","21","14","17","20","23","36","354","33","1","1","10","2","36","10","13","12","91","530","209","0","0","0","0","0","-270000","5","-100.00","96","10","0","0","0","","0","0","0","","",""
"080042","0002","0","270500","271000","271500","272000","272500","273000","273500","274000","274500","275000","270000","269000","268500","268000","267500","267000","266500","266000","265500","265000","30","6","9","21","14","17","20","23","36","354","33","1","1","10","2","36","10","13","13","91","530","210","0","0","0","0","0","-270000","5","-100.00","96","0","1","0","0","","0","0","0","","",""
"080043","0000","0","271000","271500","272000","272500","273000","273500","274000","274500","275000","275500","270000","269000","268500","268000","267500","267000","266500","266000","265500","265000","6","9","21","14","17","20","23","36","354","61","33","1","1","10","2","36","10","13","13","91","561","210","0","0","0","0","0","-270000","5","-100.00","184","31","0","0","0","","0","0","0","","",""
"080044","0000","0","270000","271000","271500","272000","272500","273000","273500","274000","274500","275000","269000","268500","268000","267500","267000","266500","266000","265500","265000","264000","78","6","9","21","14","17","20","23","36","354","1","1","10","2","36","10","13","13","92","3","578","181","0","0","0","0","0","-270000","5","-100.00","217","17","-30","0","0","","0","0","0","","",""
"080044","0001","0","270000","271000","271500","272000","272500","273000","273500","274000","274500","275000","269000","268500","268000","267500","267000","266500","266000","265500","265000","264000","78","6","9","21","14","17","20","23","36","354","1","1","10","2","12","10","13","13","92","3","578","157","0","0","0","0","0","-270000","5","-100.00","217","0","-24","0","0","","0","0","0","","",""
"080046","0000","0","270000","271000","271500","272000","272500","273000","273500","274000","274500","275000","269000","268500","268000","267500","267000","266500","266000","265500","265000","264000","78","6","9","21","14","17","20","23","37","354","1","1","10","2","12","10","13","13","92","3","579","157","0","0","0","0","0","-270000","5","-100.00","217","1","0","0","0","","0","0","0","","",""
"080047","0000","0","270000","271000","271500","272000","272500","273000","273500","274000","274500","275000","269000","268500","268000","267500","267000","266500","266000","265500","265000","264000","78","6","9","24","14","17","20","23","37","354","1","1","10","2","12","10","13","13","92","3","582","157","0","0","0","0","0","-270000","5","-100.00","217","3","0","0","0","","0","0","0","","",""
"080049","0000","0","270000","271000","271500","272000","272500","273000","273500","274000","274500","275000","269000","268500","268000","267500","267000","266500","266000","265500","265000","264500","78","6","9","24","14","17","20","23","37","354","1","1","10","2","12","10","13","13","92","1","582","155","0","0","0","0","0","-270000","5","-100.00","217","0","-2","0","0","","0","0","0","","",""
"080050","0000","0","270000","271000","271500","272000","272500","273000","273500","274000","274500","275000","269000","268500","268000","267500","267000","266500","266000","265500","265000","264500","83","6","9","24","14","17","20","23","37","354","1","1","10","2","12","10","13","13","92","1","587","155","0","0","0","0","0","-270000","5","-100.00","217","5","0","0","0","","0","0","0","","",""
"080052","0000","0","270000","271000","271500","272000","272500","273000","273500","274000","274500","275000","269000","268500","268000","267500","267000","266500","266000","265500","265000","264500","83","6","9","24","14","17","20","23","37","354","1","1","10","2","12","10","13","13","94","1","587","157","0","0","0","0","0","-270000","5","-100.00","217","0","2","0","0","","0","0","0","","",""
"080052","0001","0","270000","271000","271500","272000","272500","273000","273500","274000","274500","275000","269000","268500","268000","267500","267000","266500","266000","265500","265000","264500","83","6","9","24","14","17","20","23","37","354","1","4","10","2","12","10","13","13","94","1","587","160","0","0","0","0","0","-270000","5","-100.00","217","0","3","0","0","","0","0","0","","",""
"080053","0000","0","270000","271000","271500","272000","272500","273000","273500","274000","274500","275000","269000","268500","268000","267500","267000","266500","266000","265500","265000","264500","65","6","9","24","14","17","20","23","37","354","1","4","10","2","12","10","13","13","94","1","569","160","0","0","0","0","0","-270000","5","-100.00","235","-18","0","0","0","","0","0","0","","",""
"080054","0000","0","270000","271000","271500","272000","272500","273000","273500","274000","274500","275000","269000","268500","268000","267500","267000","266500","266000","265500","265000","264500","65","6","9","24","14","17","20","23","66","354","1","4","10","2","12","10","13","13","94","1","598","160","0","0","0","0","0","-270000","5","-100.00","235","29","0","0","0","","0","0","0","","",""
"080055","0000","0","270000","271000","271500","272000","272500","273000","273500","274000","274500","275000","269000","268500","268000","267500","267000","266500","266000","265500","265000","264500","65","6","9","24","14","17","20","23","66","354","1","4","10","2","12","10","13","13","95","1","598","161","0","0","0","0","0","-270000","5","-100.00","235","0","1","0","0","","0","0","0","","",""
"080056","0000","0","270000","271000","271500","272000","272500","273000","273500","274000","274500","275000","269000","268500","268000","267500","267000","266500","266000","265500","265000","264500","65","6","9","29","14","17","20","23","66","354","1","4","10","2","12","10","13","13","95","1","603","161","0","0","0","0","0","-270000","5","-100.00","235","5","0","0","0","","0","0","0","","",""
"080057","0000","0","270000","271000","271500","272000","272500","273000","273500","274000","274500","275000","269000","268500","268000","267500","267000","266500","266000","265500","265000","264500","66","6","9","29","14","17","20","23","66","354","1","4","10","2","12","10","13","13","115","1","604","181","0","0","0","0","0","-270000","5","-100.00","235","0","20","0","0","","0","0","0","","",""
"080057","0001","0","270000","271000","271500","272000","272500","273000","273500","274000","274500","275000","269000","268500","268000","267500","267000","266500","266000","265500","265000","264500","66","6","9","29","14","17","20","23","66","355","1","4","10","2","12","10","13","13","115","1","605","181","0","0","0","0","0","-270000","5","-100.00","235","1","0","0","0","","0","0","0","","",""
"080058","0000","0","270000","271000","271500","272000","272500","273000","273500","274000","274500","275000","269000","268500","268000","267500","267000","266500","266000","265500","265000","264500","68","6","9","29","14","17","20","23","66","355","1","4","10","2","12","10","13","13","115","1","607","181","0","0","0","0","0","-270000","5","-100.00","235","2","0","0","0","","0","0","0","","",""
"080059","0000","0","270000","271000","271500","272000","272500","273000","273500","274000","274500","275000","269000","268500","268000","267500","267000","266500","266000","265500","265000","264500","68","6","9","29","14","17","20","23","66","355","1","4","10","2","12","10","13","14","115","1","607","182","0","0","0","0","0","-270000","5","-100.00","235","0","1","0","0","","0","0","0","","",""
"080100","0000","0","270000","271000","271500","272000","272500","273000","273500","274000","274500","275000","269000","268500","268000","267500","267000","266500","266000","265500","265000","264500","68","6","19","29","14","17","20","23","66","355","1","4","10","2","12","10","13","14","115","1","617","182","0","0","0","0","0","-270000","5","-100.00","235","10","0","0","0","","0","0","0","","",""
"080101","0000","0","270000","271000","271500","272000","272500","273000","273500","274000","274500","275000","269000","268500","268000","267500","267000","266500","266000","265500","265000","264500","67","6","19","29","14","17","20","23","66","355","1","4","10","2","12","10","13","14","115","1","616","182","0","0","0","0","0","-270000","5","-100.00","236","-1","0","0","0","","0","0","0","","",""
"080102","0000","0","270000","271000","271500","272000","272500","273000","273500","274000","274500","275000","269000","268500","268000","267500","267000","266500","266000","265500","265000","264500","67","6","19","29","14","17","20","23","66","355","1","4","10","2","12","10","14","14","115","1","616","183","0","0","0","0","0","-270000","5","-100.00","236","0","1","0","0","","0","0","0","","",""
"080102","0001","0","270000","271000","271500","272000","272500","273000","273500","274000","274500","275000","269000","268500","268000","267500","267000","266500","266000","265500","265000","264500","67","6","19","29","14","17","20","23","66","355","1","4","10","2","12","10","14","64","115","1","616","233","0","0","0","0","0","-270000","5","-100.00","236","0","50","0","0","","0","0","0","","",""
"080103","0000","0","270000","271000","271500","272000","272500","273000","273500","274000","274500","275000","269000","268500","268000","267500","267000","266500","266000","265500","265000","264500","67","6","19","29","14","17","20","23","66","355","1","4","10","2","12","10","14","64","120","1","616","238","0","0","0","0","0","-270000","5","-100.00","236","0","5","0","0","","0","0","0","","",""
"080103","0001","0","270000","271000","271500","272000","272500","273000","273500","274000","274500","275000","269000","268500","268000","267500","267000","266500","266000","265500","265000","264500","100","6","19","29","14","17","20","23","66","355","1","4","10","2","12","10","14","64","120","1","649","238","0","0","0","0","0","-270000","5","-100.00","236","33","0","0","0","","0","0","0","","",""
"080104","0000","0","270000","271000","271500","272000","272500","273000","273500","274000","274500","275000","269000","268500","268000","267500","267000","266500","266000","265500","265000","264500","103","6","19","29","14","17","20","23","66","355","1","4","10","2","12","10","14","64","120","1","652","238","0","0","0","0","0","-270000","5","-100.00","236","3","0","0","0","","0","0","0","","",""
"080105","0000","0","270000","271000","271500","272000","272500","273000","273500","274000","274500","275000","269000","268500","268000","267500","267000","266500","266000","265500","265000","264500","103","6","19","29","14","17","20","23","66","355","1","4","15","2","12","10","14","64","120","1","652","243","0","0","0","0","0","-270000","5","-100.00","236","0","5","0","0","","0","0","0","","",""
"080105","0001","0","270000","271000","271500","272000","272500","273000","273500","274000","274500","275000","269000","268500","268000","267500","267000","266500","266000","265500","265000","264500","103","6","19","29","14","17","20","23","66","355","2","4","15","2","12","10","14","64","120","1","652","244","0","0","0","0","0","-270000","5","-100.00","236","0","1","0","0","","0","0","0","","",""
"080105","0002","0","270000","271000","271500","272000","272500","273000","273500","274000","274500","275000","269000","268500","268000","267500","267000","266500","266000","265500","265000","264500","103","6","19","29","24","17","20","23","66","355","2","4","15","2","12","10","14","64","120","1","662","244","0","0","0","0","0","-270000","5","-100.00","236","10","0","0","0","","0","0","0","","",""
"080107","0000","0","270000","271000","271500","272000","272500","273000","273500","274000","274500","275000","268500","268000","267500","267000","266500","266000","265500","265000","264500","264000","100","6","19","29","24","17","20","23","66","355","4","15","2","12","10","14","64","120","1","3","659","245","0","0","0","0","0","-270000","5","-100.00","239","-3","1","0","0","","0","0","0","","",""
"080107","0001","0","270000","271000","271500","272000","272500","273000","273500","274000","274500","275000","269000","268500","268000","267500","267000","266500","266000","265500","265000","264500","100","6","19","29","24","17","20","23","66","355","50","4","15","2","12","10","14","64","120","1","659","292","0","0","0","0","0","-270000","5","-100.00","239","0","47","0","0","","0","0","0","","",""
"080108","0000","0","270000","271000","271500","272000","272500","273000","273500","274000","274500","275000","269000","268500","268000","267500","267000","266500","266000","265500","265000","264500","70","6","19","29","24","17","20","23","66","355","50","4","15","2","12","10","14","64","120","1","629","292","0","0","0","0","0","-270000","5","-100.00","269","-30","0","0","0","","0","0","0","","",""
"080108","0001","0","270000","271000","271500","272000","272500","273000","273500","274000","274500","275000","269000","268500","268000","267500","267000","266500","266000","265500","265000","264500","70","6","19","29","24","17","20","23","66","355","50","4","14","2","12","10","14","64","120","51","629","341","0","0","0","0","0","-270000","5","-100.00","269","0","-1","0","0","","0","0","0","","",""
"080109","0000","0","269500","270000","271000","271500","272000","272500","273000","273500","274000","274500","269000","268500","268000","267500","267000","266500","266000","265500","265000","264500","2","68","6","19","29","24","17","20","23","66","50","4","14","2","12","10","14","64","120","51","274","341","0","0","0","0","0","-270000","5","-100.00","269","-355","0","0","0","","0","0","0","","",""
"080109","0001","0","269500","270000","271000","271500","272000","272500","273000","273500","274000","274500","269000","268500","268000","267500","267000","266500","266000","265500","265000","264500","2","68","6","19","29","24","17","20","23","66","50","4","14","2","12","10","14","64","125","51","274","346","0","0","0","0","0","-270000","5","-100.00","269","0","5","0","0","","0","0","0","","",""
"080111","0000","0","269500","270000","271000","271500","272000","272500","273000","273500","274000","274500","269000","268500","268000","267500","267000","266500","266000","265500","265000","264500","2","68","6","19","29","24","17","30","23","66","50","4","14","2","12","10","14","64","125","51","284","346","0","0","0","0","0","-270000","5","-100.00","269","10","0","0","0","","0","0","0","","",""
"080112","0000","0","269500","270000","271000","271500","272000","272500","273000","273500","274000","274500","269000","268500","268000","267500","267000","266500","266000","265500","265000","264500","2","68","6","19","29","24","17","30","23","66","51","4","14","2","12","10","14","64","125","51","284","347","0","0","0","0","0","-270000","5","-100.00","269","0","1","0","0","","0","0","0","","",""
"080112","0001","0","269500","270000","271000","271500","272000","272500","273000","273500","274000","274500","269000","268500","268000","267500","267000","266500","266000","265500","265000","264500","2","68","6","19","29","24","22","30","23","66","51","4","14","2","12","10","14","64","125","51","289","347","0","0","0","0","0","-270000","5","-100.00","269","5","0","0","0","","0","0","0","","",""
"080113","0000","0","269500","270000","271000","271500","272000","272500","273000","273500","274000","274500","269000","268500","268000","267500","267000","266500","266000","265500","265000","264500","2","73","6","19","29","24","22","30","23","66","51","4","14","2","12","10","14","64","125","51","294","347","0","0","0","0","0","-270000","5","-100.00","269","5","0","0","0","","0","0","0","","",""
"080114","0000","0","269500","270000","271000","271500","272000","272500","273000","273500","274000","274500","269000","268500","268000","267500","267000","266500","266000","265500","265000","264500","2","73","6","131","29","24","22","30","23","66","51","4","14","2","12","10","14","64","125","51","406","347","0","0","0","0","0","-270000","5","-100.00","269","112","0","0","0","","0","0","0","","",""
"080114","0001","0","269500","270000","271000","271500","272000","272500","273000","273500","274000","274500","269000","268500","268000","267500","267000","266500","266000","265500","265000","264500","2","73","6","131","29","24","22","30","23","66","51","4","14","2","12","10","14","65","125","51","406","348","0","0","0","0","0","-270000","5","-100.00","269","0","1","0","0","","0","0","0","","",""
"080114","0002","0","269500","270000","271000","271500","272000","272500","273000","273500","274000","274500","269000","268500","268000","267500","267000","266500","266000","265500","265000","264500","2","73","6","131","29","24","22","30","23","66","51","4","14","2","12","10","14","66","125","51","406","349","0","0","0","0","0","-270000","5","-100.00","269","0","1","0","0","","0","0","0","","",""
"080115","0000","0","269500","270000","271000","271500","272000","272500","273000","273500","274000","274500","269000","268500","268000","267500","267000","266500","266000","265500","265000","264500","2","93","6","131","29","24","22","30","23","66","51","4","14","2","13","10","14","66","125","51","426","350","0","0","0","0","0","-270000","5","-100.00","269","20","0","0","0","","0","0","0","","",""
"080115","0001","0","269500","270000","271000","271500","272000","272500","273000","273500","274000","274500","269000","268500","268000","267500","267000","266500","266000","265500","265000","264500","2","94","6","131","29","24","22","30","23","66","51","4","14","2","13","10","14","66","125","51","427","350","0","0","0","0","0","-270000","5","-100.00","269","1","0","0","0","","0","0","0","","",""
"080115","0002","0","269500","270000","271000","271500","272000","272500","273000","273500","274000","274500","269000","268500","268000","267500","267000","266500","266000","265500","265000","264500","2","94","6","131","34","24","22","30","23","66","51","4","14","2","13","10","14","67","125","51","432","351","0","0","0","0","0","-270000","5","-100.00","269","0","1","0","0","","0","0","0","","",""
"080116","0000","0","270000","271000","271500","272000","272500","273000","273500","274000","274500","275000","269000","268500","268000","267500","267000","266500","266000","265500","265000","264500","8","6","131","34","24","22","30","23","66","355","51","4","14","2","13","10","14","67","125","51","699","351","0","0","0","0","0","-270000","5","-100.00","357","267","0","0","0","","0","0","0","","",""
"080116","0001","0","270000","271000","271500","272000","272500","273000","273500","274000","274500","275000","269000","268500","268000","267500","267000","266500","266000","265500","265000","264500","8","6","131","35","24","22","30","23","66","355","51","4","14","2","13","10","14","67","125","51","700","351","0","0","0","0","0","-270000","5","-100.00","357","1","0","0","0","","0","0","0","","",""
"080116","0002","0","270000","271000","271500","272000","272500","273000","273500","274000","274500","275000","269000","268500","268000","267500","267000","266500","266000","265500","265000","264500","8","6","131","35","24","22","30","23","66","355","51","4","14","2","48","10","14","67","125","51","700","386","0","0","0","0","0","-270000","5","-100.00","357","0","35","0","0","","0","0","0","","",""
"080118","0000","0","270000","270500","271000","271500","272000","272500","273000","273500","274000","274500","269000","268500","268000","267500","267000","266500","266000","265500","265000","264500","8","10","6","131","35","24","22","30","23","66","51","4","14","2","48","10","14","67","125","51","355","386","0","0","0","0","0","-270000","5","-100.00","357","-345","0","0","0","","0","0","0","","",""
"080118","0001","0","270000","270500","271000","271500","272000","272500","273000","273500","274000","274500","269000","268500","268000","267500","267000","266500","266000","265500","265000","264500","8","10","6","131","35","24","22","30","23","70","51","4","14","2","48","10","14","67","125","51","359","386","0","0","0","0","0","-270000","5","-100.00","357","4","0","0","0","","0","0","0","","",""
"080120","0000","0","270000","270500","271000","271500","272000","272500","273000","273500","274000","274500","269000","268500","268000","267500","267000","266500","266000","265500","265000","264500","8","10","6","131","35","24","22","57","23","70","51","4","14","2","48","10","14","67","125","51","386","386","0","0","0","0","0","-270000","5","-100.00","357","27","0","0","0","","0","0","0","","",""
"080121","0000","0","270000","270500","271000","271500","272000","272500","273000","273500","274000","274500","269000","268500","268000","267500","267000","266500","266000","265500","265000","264500","6","10","6","131","35","24","22","57","23","70","51","4","16","2","48","10","14","67","125","51","384","388","0","0","0","0","0","-270000","5","-100.00","359","-2","2","0","0","","0","0","0","","",""
"080121","0001","0","270000","270500","271000","271500","272000","272500","273000","273500","274000","274500","269000","268500","268000","267500","267000","266500","266000","265500","265000","264500","6","10","6","131","35","24","22","57","24","70","51","4","16","2","48","10","14","67","125","51","385","388","0","0","0","0","0","-270000","5","-100.00","359","1","0","0","0","","0","0","0","","",""
"080121","0002","0","270000","270500","271000","271500","272000","272500","273000","273500","274000","274500","269000","268500","268000","267500","267000","266500","266000","265500","265000","264500","6","10","6","131","35","24","22","57","24","70","51","4","16","2","48","10","14","67","126","51","385","389","0","0","0","0","0","-270000","5","-100.00","359","0","1","0","0","","0","0","0","","",""
"080122","0000","0","270000","270500","271000","271500","272000","272500","273000","273500","274000","274500","269000","268500","268000","267500","267000","266500","266000","265500","265000","264500","37","10","6","131","35","24","22","57","24","70","51","4","16","2","48","10","14","67","126","51","416","389","0","0","0","0","0","-270000","5","-100.00","359","31","0","0","0","","0","0","0","","",""
"080125","0000","0","270000","270500","271000","271500","272000","272500","273000","273500","274000","274500","269000","268500","268000","267500","267000","266500","266000","265500","265000","264500","56","10","6","131","35","24","22","57","24","70","51","4","16","2","48","10","14","67","126","51","435","389","0","0","0","0","0","-270000","5","-100.00","359","19","0","0","0","","0","0","0","","",""
"080125","0001","0","270000","270500","271000","271500","272000","272500","273000","273500","274000","274500","269000","268500","268000","267500","267000","266500","266000","265500","265000","264500","56","10","6","353","35","24","22","57","24","70","51","4","16","2","48","10","14","67","126","51","657","389","0","0","0","0","0","-270000","5","-100.00","359","222","0","0","0","","0","0","0","","",""
"080126","0000","0","270000","270500","271000","271500","272000","272500","273000","273500","274000","274500","269000","268500","268000","267500","267000","266500","266000","265500","265000","264500","56","10","6","353","35","24","22","57","24","71","51","4","16","2","48","10","14","67","126","51","658","389","0","0","0","0","0","-270000","5","-100.00","359","1","0","0","0","","0","0","0","","",""
"080126","0001","0","270000","270500","271000","271500","272000","272500","273000","273500","274000","274500","269000","268500","268000","267500","267000","266500","266000","265500","265000","264500","56","10","6","353","35","24","22","57","24","71","51","4","16","2","48","10","14","68","126","51","658","390","0","0","0","0","0","-270000","5","-100.00","359","0","1","0","0","","0","0","0","","",""
"080127","0000","0","270000","270500","271000","271500","272000","272500","273000","273500","274000","274500","269000","268500","268000","267500","267000","266500","266000","265500","265000","264500","56","10","6","353","35","24","22","57","24","71","51","4","16","2","48","10","14","69","125","51","658","390","0","0","0","0","0","-270000","5","-100.00","359","0","0","0","0","","0","0","0","","",""
"080127","0001","0","270000","270500","271000","271500","272000","272500","273000","273500","274000","274500","269000","268500","268000","267500","267000","266500","266000","265500","265000","264500","56","10","6","353","35","24","22","57","24","71","52","4","16","2","48","10","14","69","125","51","658","391","0","0","0","0","0","-270000","5","-100.00","359","0","1","0","0","","0","0","0","","",""
"080130","0000","0","270000","270500","271000","271500","272000","272500","273000","273500","274000","274500","269000","268500","268000","267500","267000","266500","266000","265500","265000","264500","556","10","6","353","35","24","22","57","24","71","33","4","16","2","48","10","14","69","125","51","1158","372","0","0","0","0","0","-270000","5","-100.00","378","500","-19","0","0","","0","0","0","","",""
"080130","0001","0","270000","270500","271000","271500","272000","272500","273000","273500","274000","274500","269000","268500","268000","267500","267000","266500","266000","265500","265000","264500","556","10","6","353","35","24","22","57","24","71","33","4","16","2","48","10","14","69","125","51","1158","372","0","0","0","0","0","-270000","5","-100.00","381","0","0","0","0","","0","0","0","","",""
"080131","0000","0","270000","270500","271000","271500","272000","272500","273000","273500","274000","274500","269000","268500","268000","267500","267000","266500","266000","265500","265000","264500","556","10","7","353","35","24","22","57","24","71","33","4","16","2","48","10","14","69","125","51","1159","372","0","0","0","0","0","-270000","5","-100.00","381","1","0","0","0","","0","0","0","","",""
"080132","0000","0","270000","270500","271000","271500","272000","272500","273000","273500","274000","274500","269000","268500","268000","267500","267000","266500","266000","265500","265000","264500","556","10","7","353","35","24","22","57","24","71","33","5","16","2","48","10","14","69","125","51","1159","373","0","0","0","0","0","-270000","5","-100.00","381","0","1","0","0","","0","0","0","","",""
"080133","0000","0","270000","270500","271000","271500","272000","272500","273000","273500","274000","274500","269000","268500","268000","267500","267000","266500","266000","265500","265000","264500","556","10","7","353","35","24","22","57","24","71","34","5","16","2","48","10","14","69","125","51","1159","374","0","0","0","0","0","-270000","5","-100.00","381","0","1","0","0","","0","0","0","","",""
"080133","0001","0","270000","270500","271000","271500","272000","272500","273000","273500","274000","274500","269000","268500","268000","267500","267000","266500","266000","265500","265000","264500","556","10","7","353","35","24","22","57","24","71","15","5","16","2","48","10","14","69","125","51","1159","355","0","0","0","0","0","-270000","5","-100.00","400","0","-19","0","0","","0","0","0","","",""
"080134","0000","0","270000","270500","271000","271500","272000","272500","273000","273500","274000","274500","269000","268500","268000","267500","267000","266500","266000","265500","265000","264500","426","10","7","353","35","24","22","57","24","71","15","5","16","2","48","10","14","69","125","51","1029","355","0","0","0","0","0","-270000","5","-100.00","530","-130","0","0","0","","0","0","0","","",""
"080134","0001","0","270000","270500","271000","271500","272000","272500","273000","273500","274000","274500","269000","268500","268000","267500","267000","266500","266000","265500","265000","264500","426","10","7","353","35","24","27","62","29","71","15","5","16","2","48","10","14","69","132","51","1044","362","0","0","0","0","0","-270000","5","-100.00","530","5","0","0","0","","0","0","0","","",""
"080135","0000","0","270000","270500","271000","271500","272000","272500","273000","273500","274000","274500","269000","268500","268000","267500","267000","266500","266000","265500","265000","264500","426","10","7","353","35","24","27","62","29","76","16","5","16","2","48","10","14","69","132","51","1049","363","0","0","0","0","0","-270000","5","-100.00","530","0","1","0","0","","0","0","0","","",""
"080135","0001","0","270000","270500","271000","271500","272000","272500","273000","273500","274000","274500","269000","268500","268000","267500","267000","266500","266000","265500","265000","264500","426","10","7","353","35","24","27","62","29","76","16","5","16","2","48","10","14","69","132","54","1049","366","0","0","0","0","0","-270000","5","-100.00","530","0","3","0","0","","0","0","0","","",""
"080136","0000","0","270000","270500","271000","271500","272000","272500","273000","273500","274000","274500","269000","268500","268000","267500","267000","266500","266000","265500","265000","264500","426","10","7","353","35","24","27","62","29","86","16","5","16","2","48","10","14","69","132","54","1059","366","0","0","0","0","0","-270000","5","-100.00","530","10","0","0","0","","0","0","0","","",""
"080137","0000","0","270000","270500","271000","271500","272000","272500","273000","273500","274000","274500","269000","268500","268000","267500","267000","266500","266000","265500","265000","264500","426","10","7","353","35","24","77","62","29","86","16","5","16","2","48","10","14","69","132","54","1109","366","0","0","0","0","0","-270000","5","-100.00","530","50","0","0","0","","0","0","0","","",""
"080137","0001","0","270000","270500","271000","271500","272000","272500","273000","273500","274000","274500","269000","268500","268000","267500","267000","266500","266000","265500","265000","264500","426","10","7","353","35","24","77","62","29","86","16","5","16","3","48","10","14","69","132","54","1109","367","0","0","0","0","0","-270000","5","-100.00","530","0","1","0","0","","0","0","0","","",""
"080139","0000","0","270000","270500","271000","271500","272000","272500","273000","273500","274000","274500","269000","268500","268000","267500","267000","266500","266000","265500","265000","264500","423","10","7","353","35","24","77","62","29","86","16","5","16","3","48","10","14","69","132","54","1106","367","0","0","0","0","0","-270000","5","-100.00","533","-3","0","0","0","","0","0","0","","",""
"080139","0001","0","270000","270500","271000","271500","272000","272500","273000","273500","274000","274500","269500","269000","268500","268000","267500","267000","266500","266000","265500","265000","423","10","7","353","35","24","77","62","29","86","1","16","5","16","3","48","10","14","69","132","1106","314","0","0","0","0","0","-270000","5","-100.00","533","0","-53","0","0","","0","0","0","","",""
"080140","0000","0","270000","270500","271000","271500","272000","272500","273000","273500","274000","274500","269500","269000","268500","268000","267500","267000","266500","266000","265500","265000","423","10","7","353","35","24","77","62","29","86","1","16","5","18","3","48","10","14","69","132","1106","316","0","0","0","0","0","-270000","5","-100.00","533","0","2","0","0","","0","0","0","","",""
"080140","0001","0","270000","270500","271000","271500","272000","272500","273000","273500","274000","274500","269500","269000","268500","268000","267500","267000","266500","266000","265500","265000","423","10","7","353","35","24","77","62","29","86","1","46","5","19","3","48","10","14","69","132","1106","347","0","0","0","0","0","-270000","5","-100.00","533","0","30","0","0","","0","0","0","","",""
"080141","0000","0","270000","270500","271000","271500","272000","272500","273000","273500","274000","274500","269500","269000","268500","268000","267500","267000","266500","266000","265500","265000","423","10","7","353","35","24","77","62","29","86","1","48","5","19","3","48","10","14","69","132","1106","349","0","0","0","0","0","-270000","5","-100.00","533","0","2","0","0","","0","0","0","","",""
"080141","0001","0","270000","270500","271000","271500","272000","272500","273000","273500","274000","274500","269500","269000","268500","268000","267500","267000","266500","266000","265500","265000","423","10","7","353","35","24","77","62","29","86","1","48","5","19","3","48","10","16","69","132","1106","351","0","0","0","0","0","-270000","5","-100.00","533","0","2","0","0","","0","0","0","","",""
"080142","0000","0","270000","270500","271000","271500","272000","272500","273000","273500","274000","274500","269500","269000","268500","268000","267500","267000","266500","266000","265500","265000","425","10","7","353","35","24","77","62","29","86","1","48","5","19","3","48","10","16","69","132","1108","351","0","0","0","0","0","-270000","5","-100.00","533","2","0","0","0","","0","0","0","","",""
"080143","0000","0","270000","270500","271000","271500","272000","272500","273000","273500","274000","274500","269500","269000","268500","268000","267500","267000","266500","266000","265500","265000","425","10","7","353","35","24","77","62","29","86","1","49","5","19","3","48","10","16","69","132","1108","352","0","0","0","0","0","-270000","5","-100.00","533","0","1","0","0","","0","0","0","","",""
"080144","0000","0","270000","270500","271000","271500","272000","272500","273000","273500","274000","274500","269500","269000","268500","268000","267500","267000","266500","266000","265500","265000","435","10","7","353","35","24","77","62","29","86","1","49","5","19","3","48","10","16","69","132","1118","352","0","0","0","0","0","-270000","5","-100.00","533","10","0","0","0","","0","0","0","","",""
"080146","0000","0","270000","270500","271000","271500","272000","272500","273000","273500","274000","274500","269500","269000","268500","268000","267500","267000","266500","266000","265500","265000","435","10","7","353","35","24","77","62","29","86","1","50","5","19","3","48","10","16","69","142","1118","363","0","0","0","0","0","-270000","5","-100.00","533","0","1","0","0","","0","0","0","","",""
"080146","0001","0","270000","270500","271000","271500","272000","272500","273000","273500","274000","274500","269500","269000","268500","268000","267500","267000","266500","266000","265500","265000","440","10","7","353","35","24","77","62","29","86","1","50","5","19","3","48","10","16","69","142","1123","363","0","0","0","0","0","-270000","5","-100.00","533","5","0","0","0","","0","0","0","","",""
"080146","0002","0","270000","270500","271000","271500","272000","272500","273000","273500","274000","274500","269500","269000","268500","268000","267500","267000","266500","266000","265500","265000","440","10","7","353","35","24","77","62","29","86","3","50","5","19","3","48","10","16","69","142","1123","365","0","0","0","0","0","-270000","5","-100.00","533","0","2","0","0","","0","0","0","","",""
"080148","0000","0","270000","270500","271000","271500","272000","272500","273000","273500","274000","274500","269500","269000","268500","268000","267500","267000","266500","266000","265500","265000","440","10","7","353","35","24","77","62","29","86","3","50","5","19","3","49","10","16","69","142","1123","366","0","0","0","0","0","-270000","5","-100.00","533","0","1","0","0","","0","0","0","","",""
"080149","0000","0","270000","270500","271000","271500","272000","272500","273000","273500","274000","274500","269500","269000","268500","268000","267500","267000","266500","266000","265500","265000","440","10","7","353","35","24","77","62","29","86","3","50","5","39","3","49","10","16","69","142","1123","386","0","0","0","0","0","-270000","5","-100.00","533","0","20","0","0","","0","0","0","","",""
"080149","0001","0","270000","270500","271000","271500","272000","272500","273000","273500","274000","274500","269500","269000","268500","268000","267500","267000","266500","266000","265500","265000","440","10","6","353","35","24","77","62","29","86","3","50","5","39","3","49","10","16","69","142","1122","386","0","0","0","0","0","-270000","5","-100.00","533","-1","0","0","0","","0","0","0","","",""
"080150","0000","0","270000","270500","271000","271500","272000","272500","273000","273500","274000","274500","269500","269000","268500","268000","267500","267000","266500","266000","265500","265000","440","10","6","353","35","24","77","62","29","86","3","51","5","39","3","49","10","16","69","142","1122","387","0","0","0","0","0","-270000","5","-100.00","533","0","1","0","0","","0","0","0","","",""
"080150","0001","0","270000","270500","271000","271500","272000","272500","273000","273500","274000","274500","269500","269000","268500","268000","267500","267000","266500","266000","265500","265000","440","10","6","353","35","24","77","62","29","86","3","51","5","40","3","49","10","16","69","142","1122","388","0","0","0","0","0","-270000","5","-100.00","533","0","1","0","0","","0","0","0","","",""
"080151","0000","0","270000","270500","271000","271500","272000","272500","273000","273500","274000","274500","269500","269000","268500","268000","267500","267000","266500","266000","265500","265000","440","10","6","353","35","24","78","62","29","86","3","51","5","40","3","49","10","16","69","142","1123","388","0","0","0","0","0","-270000","5","-100.00","533","1","0","0","0","","0","0","0","","",""
"080152","0000","0","270000","270500","271000","271500","272000","272500","273000","273500","274000","274500","269500","269000","268500","268000","267500","267000","266500","266000","265500","265000","440","10","6","353","35","24","78","62","29","86","3","51","5","40","3","49","10","16","69","162","1123","408","0","0","0","0","0","-270000","5","-100.00","533","0","20","0","0","","0","0","0","","",""
"080153","0000","0","270000","270500","271000","271500","272000","272500","273000","273500","274000","274500","269500","269000","268500","268000","267500","267000","266500","266000","265500","265000","438","10","6","353","35","24","78","62","29","86","3","51","5","40","3","49","10","16","69","162","1121","408","0","0","0","0","0","-270000","5","-100.00","535","-2","0","0","0","","0","0","0","","",""
"080155","0000","0","270000","270500","271000","271500","272000","272500","273000","273500","274000","274500","269500","269000","268500","268000","267500","267000","266500","266000","265500","265000","438","10","6","353","35","24","78","62","29","86","3","50","6","40","3","49","10","16","69","162","1121","408","0","0","0","0","0","-270000","5","-100.00","535","0","0","0","0","","0","0","0","","",""
"080155","0001","0","270000","270500","271000","271500","272000","272500","273000","273500","274000","274500","269500","269000","268500","268000","267500","267000","266500","266000","265500","265000","438","10","6","353","35","24","78","62","29","86","5","50","6","40","3","49","10","16","69","162","1121","410","0","0","0","0","0","-270000","5","-100.00","535","0","2","0","0","","0","0","0","","",""
"080156","0000","0","270000","270500","271000","271500","272000","272500","273000","273500","274000","274500","269500","269000","268500","268000","267500","267000","266500","266000","265500","265000","438","10","6","353","35","24","78","62","29","86","6","50","7","40","3","49","10","16","69","162","1121","412","0","0","0","0","0","-270000","5","-100.00","535","0","1","0","0","","0","0","0","","",""
"080156","0001","0","270000","270500","271000","271500","272000","272500","273000","273500","274000","274500","269500","269000","268500","268000","267500","267000","266500","266000","265500","265000","438","10","6","353","35","24","78","62","29","86","6","70","7","40","3","49","10","16","69","162","1121","432","0","0","0","0","0","-270000","5","-100.00","535","0","20","0","0","","0","0","0","","",""
"080156","0002","0","270000","270500","271000","271500","272000","272500","273000","273500","274000","274500","269500","269000","268500","268000","267500","267000","266500","266000","265500","265000","444","10","6","353","35","24","78","62","29","86","6","70","7","40","3","49","10","16","69","162","1127","432","0","0","0","0","0","-270000","5","-100.00","535","6","0","0","0","","0","0","0","","",""
"080157","0000","0","270000","270500","271000","271500","272000","272500","273000","273500","274000","274500","269500","269000","268500","268000","267500","267000","266500","266000","265500","265000","444","10","418","353","35","24","78","62","29","86","6","70","7","40","3","49","10","16","69","162","1539","432","0","0","0","0","0","-270000","5","-100.00","535","412","0","0","0","","0","0","0","","",""
"080158","0000","0","270000","270500","271000","271500","272000","272500","273000","273500","274000","274500","269500","269000","268500","268000","267500","267000","266500","266000","265500","265000","446","10","418","353","35","24","78","62","29","86","6","70","7","40","3","49","10","16","69","162","1541","432","0","0","0","0","0","-270000","5","-100.00","535","2","0","0","0","","0","0","0","","",""
"080158","0001","0","270000","270500","271000","271500","272000","272500","273000","273500","274000","274500","269500","269000","268500","268000","267500","267000","266500","266000","265500","265000","446","10","418","353","35","24","78","62","29","86","6","70","7","41","3","49","10","16","69","162","1541","433","0","0","0","0","0","-270000","5","-100.00","535","0","1","0","0","","0","0","0","","",""
"080158","0002","0","270000","270500","271000","271500","272000","272500","273000","273500","274000","274500","269500","269000","268500","268000","267500","267000","266500","266000","265500","265000","446","10","418","353","35","24","78","62","29","86","6","69","7","41","3","49","10","16","69","162","1541","432","0","0","0","0","0","-270000","5","-100.00","535","0","-1","0","0","","0","0","0","","",""
"080159","0000","0","270000","270500","271000","271500","272000","272500","273000","273500","274000","274500","269500","269000","268500","268000","267500","267000","266500","266000","265500","265000","551","10","418","353","35","24","78","62","29","86","6","69","7","41","3","49","10","16","69","162","1646","432","0","0","0","0","0","-270000","5","-100.00","535","105","0","0","0","","0","0","0","","",""
"080200","0000","0","269500","270000","270500","271000","271500","272000","272500","273000","273500","274000","269000","268500","268000","267500","267000","266500","266000","265500","265000","264500","94","551","10","418","353","36","24","78","62","29","1","7","41","3","49","10","16","69","162","54","1655","412","0","0","0","0","0","-270000","5","-100.00","609","8","-20","0","0","","0","0","0","","",""
"080202","0000","0","269500","270000","270500","271000","271500","272000","272500","273000","273500","274000","269000","268500","268000","267500","267000","266500","266000","265500","265000","264500","61","551","10","418","353","36","24","78","62","29","1","7","41","3","49","10","16","69","162","54","1622","412","0","0","0","0","0","-270000","5","-100.00","642","-33","0","0","0","","0","0","0","","",""
"080202","0001","0","269500","270000","270500","271000","271500","272000","272500","273000","273500","274000","269000","268500","268000","267500","267000","266500","266000","265500","265000","264500","61","551","10","418","353","36","24","78","62","29","1","7","41","3","49","10","16","69","181","54","1622","431","0","0","0","0","0","-270000","5","-100.00","642","0","19","0","0","","0","0","0","","",""
"080203","0000","0","269500","270000","270500","271000","271500","272000","272500","273000","273500","274000","269000","268500","268000","267500","267000","266500","266000","265500","265000","264500","63","549","10","418","353","36","24","78","62","29","1","7","41","3","49","10","16","69","181","54","1622","431","0","0","0","0","0","-270000","5","-100.00","642","0","0","0","0","","0","0","0","","",""
"080204","0000","0","269500","270000","270500","271000","271500","272000","272500","273000","273500","274000","269000","268500","268000","267500","267000","266500","266000","265500","265000","264500","98","549","10","418","353","36","24","78","62","29","1","7","41","3","49","10","16","69","181","54","1657","431","0","0","0","0","0","-270000","5","-100.00","642","35","0","0","0","","0","0","0","","",""
"080206","0000","0","269500","270000","270500","271000","271500","272000","272500","273000","273500","274000","269000","268500","268000","267500","267000","266500","266000","265500","265000","264500","98","549","10","418","353","36","24","78","62","29","1","7","41","3","49","10","16","69","186","54","1657","436","0","0","0","0","0","-270000","5","-100.00","642","0","5","0","0","","0","0","0","","",""
"080206","0001","0","269500","270000","270500","271000","271500","272000","272500","273000","273500","274000","269000","268500","268000","267500","267000","266500","266000","265500","265000","264500","98","549","10","418","353","36","24","78","62","29","1","7","41","3","49","10","16","71","186","54","1657","438","0","0","0","0","0","-270000","5","-100.00","642","0","2","0","0","","0","0","0","","",""
"080207","0000","0","269500","270000","270500","271000","271500","272000","272500","273000","273500","274000","269000","268500","268000","267500","267000","266500","266000","265500","265000","264500","98","549","10","418","353","36","24","78","62","29","1","7","41","3","52","10","16","71","186","54","1657","441","0","0","0","0","0","-270000","5","-100.00","642","0","3","0","0","","0","0","0","","",""
"080208","0000","0","270000","270500","271000","271500","272000","272500","273000","273500","274000","274500","269000","268500","268000","267500","267000","266500","266000","265500","265000","264500","549","10","418","353","36","24","78","62","29","86","1","7","41","3","52","10","16","71","186","54","1645","441","0","0","0","0","0","-270000","5","-100.00","827","-12","0","0","0","","0","0","0","","",""
"080208","0001","0","269500","270000","270500","271000","271500","272000","272500","273000","273500","274000","269000","268500","268000","267500","267000","266500","266000","265500","265000","264500","1","549","10","418","353","36","24","78","62","29","1","7","41","3","52","10","16","71","186","54","1560","441","0","0","0","0","0","-270000","5","-100.00","827","-85","0","0","0","","0","0","0","","",""
"080209","0000","0","269500","270000","270500","271000","271500","272000","272500","273000","273500","274000","269000","268500","268000","267500","267000","266500","266000","265500","265000","264500","1","549","10","418","353","36","24","78","62","29","2","7","41","3","52","10","16","71","186","54","1560","442","0","0","0","0","0","-270000","5","-100.00","827","0","1","0","0","","0","0","0","","",""
"080209","0001","0","269500","270000","270500","271000","271500","272000","272500","273000","273500","274000","269000","268500","268000","267500","267000","266500","266000","265500","265000","264500","1","549","10","418","353","36","24","78","62","29","2","7","41","3","52","10","17","71","186","54","1560","443","0","0","0","0","0","-270000","5","-100.00","827","0","1","0","0","","0","0","0","","",""
"080212","0000","0","270000","270500","271000","271500","272000","272500","273000","273500","274000","274500","269500","269000","268500","268000","267500","267000","266500","266000","265500","265000","549","10","418","353","36","24","78","62","29","86","1","2","7","48","3","52","10","17","71","188","1645","399","0","0","0","0","0","-270000","5","-100.00","831","85","-46","0","0","","0","0","0","","",""
"080212","0001","0","270000","270500","271000","271500","272000","272500","273000","273500","274000","274500","269500","269000","268500","268000","267500","267000","266500","266000","265500","265000","549","10","418","353","36","24","78","62","29","86","1","2","7","48","3","52","11","17","71","188","1645","400","0","0","0","0","0","-270000","5","-100.00","831","0","1","0","0","","0","0","0","","",""
"080213","0000","0","270000","270500","271000","271500","272000","272500","273000","273500","274000","274500","269500","269000","268500","268000","267500","267000","266500","266000","265500","265000","549","10","418","353","36","24","78","62","34","86","1","2","7","48","3","52","11","17","71","190","1650","402","0","0","0","0","0","-270000","5","-100.00","831","5","2","0","0","","0","0","0","","",""
"080213","0001","0","270000","270500","271000","271500","272000","272500","273000","273500","274000","274500","269500","269000","268500","268000","267500","267000","266500","266000","265500","265000","549","10","418","353","36","24","78","62","34","86","2","2","7","48","3","52","11","17","71","190","1650","403","0","0","0","0","0","-270000","5","-100.00","831","0","1","0","0","","0","0","0","","",""
"080217","0000","0","270000","270500","271000","271500","272000","272500","273000","273500","274000","274500","269500","269000","268500","268000","267500","267000","266500","266000","265500","265000","549","10","418","353","36","24","78","62","34","86","2","2","4","48","6","52","11","17","71","190","1650","403","0","0","0","0","0","-270000","5","-100.00","831","0","0","0","0","","0","0","0","","",""
"080217","0001","0","270000","270500","271000","271500","272000","272500","273000","273500","274000","274500","269500","269000","268500","268000","267500","267000","266500","266000","265500","265000","549","10","418","353","36","24","78","62","34","86","2","3","4","48","6","52","11","17","71","190","1650","404","0","0","0","0","0","-270000","5","-100.00","831","0","1","0","0","","0","0","0","","",""
"080218","0000","0","270000","270500","271000","271500","272000","272500","273000","273500","274000","274500","269500","269000","268500","268000","267500","267000","266500","266000","265500","265000","549","10","418","353","36","24","78","62","34","176","2","3","4","48","6","52","11","17","71","190","1740","404","0","0","0","0","0","-270000","5","-100.00","831","90","0","0","0","","0","0","0","","",""
"080218","0001","0","270000","270500","271000","271500","272000","272500","273000","273500","274000","274500","269500","269000","268500","268000","267500","267000","266500","266000","265500","265000","549","10","418","353","36","24","78","62","34","176","2","3","4","48","6","52","11","17","72","190","1740","405","0","0","0","0","0","-270000","5","-100.00","831","0","1","0","0","","0","0","0","","",""
"080219","0000","0","270000","270500","271000","271500","272000","272500","273000","273500","274000","274500","269500","269000","268500","268000","267500","267000","266500","266000","265500","265000","549","10","418","353","36","24","78","62","34","176","2","6","4","48","6","52","11","17","72","190","1740","408","0","0","0","0","0","-270000","5","-100.00","831","0","3","0","0","","0","0","0","","",""
"080219","0001","0","270000","270500","271000","271500","272000","272500","273000","273500","274000","274500","269500","269000","268500","268000","267500","267000","266500","266000","265500","265000","549","10","418","353","36","24","78","62","34","176","2","7","4","48","6","52","11","17","72","190","1740","409","0","0","0","0","0","-270000","5","-100.00","831","0","1","0","0","","0","0","0","","",""
"080220","0000","0","270000","270500","271000","271500","272000","272500","273000","273500","274000","274500","269500","269000","268500","268000","267500","267000","266500","266000","265500","265000","549","10","418","353","36","24","78","62","34","176","2","27","4","49","6","52","11","17","72","190","1740","430","0","0","0","0","0","-270000","5","-100.00","831","0","20","0","0","","0","0","0","","",""
"080221","0000","0","270000","270500","271000","271500","272000","272500","273000","273500","274000","274500","269500","269000","268500","268000","267500","267000","266500","266000","265500","265000","549","10","418","353","36","24","78","62","34","176","2","27","4","49","6","52","11","17","72","191","1740","431","0","0","0","0","0","-270000","5","-100.00","831","0","1","0","0","","0","0","0","","",""
"080221","0001","0","270000","271000","271500","272000","272500","273000","273500","274000","274500","275000","269500","269000","268500","268000","267500","267000","266500","266000","265500","265000","549","418","353","36","24","78","62","34","176","361","2","27","4","49","6","52","11","17","72","191","2091","431","0","0","0","0","0","-270000","5","-100.00","831","351","0","0","0","","0","0","0","","",""
"080222","0000","0","270000","271000","271500","272000","272500","273000","273500","274000","274500","275000","269500","269000","268500","268000","267500","267000","266500","266000","265500","265000","549","418","353","36","24","78","62","34","176","361","2","27","4","49","6","52","11","19","72","191","2091","433","0","0","0","0","0","-270000","5","-100.00","831","0","2","0","0","","0","0","0","","",""
"080222","0001","0","270000","271000","271500","272000","272500","273000","273500","274000","274500","275000","269500","269000","268500","268000","267500","267000","266500","266000","265500","265000","544","418","353","36","24","78","62","34","176","361","2","27","4","49","6","52","11","19","72","191","2086","433","0","0","0","0","0","-270000","5","-100.00","831","-5","0","0","0","","0","0","0","","",""
"080223","0000","0","270000","271000","271500","272000","272500","273000","273500","274000","274500","275000","269500","269000","268500","268000","267500","267000","266500","266000","265500","265000","544","418","353","36","24","78","62","34","176","361","2","27","4","54","6","52","11","19","72","191","2086","438","0","0","0","0","0","-270000","5","-100.00","831","0","5","0","0","","0","0","0","","",""
"080224","0000","0","270000","271000","271500","272000","272500","273000","273500","274000","274500","275000","269500","269000","268500","268000","267500","267000","266500","266000","265500","265000","543","418","353","36","24","78","62","34","176","361","2","27","4","54","6","52","11","19","72","191","2085","438","0","0","0","0","0","-270000","5","-100.00","832","-1","0","0","0","","0","0","0","","",""
"080225","0000","0","270000","271000","271500","272000","272500","273000","273500","274000","274500","275000","269500","269000","268500","268000","267500","267000","266500","266000","265500","265000","543","418","353","36","24","78","62","34","176","361","2","27","4","55","6","52","11","19","72","191","2085","439","0","0","0","0","0","-270000","5","-100.00","832","0","1","0","0","","0","0","0","","",""
"080226","0000","0","269500","270000","271000","271500","272000","272500","273000","273500","274000","274500","269000","268500","268000","267500","267000","266500","266000","265500","265000","264500","11","543","418","353","36","24","78","62","34","176","27","4","55","6","52","11","19","72","191","56","1735","493","0","0","0","0","0","-270000","5","-100.00","834","-350","54","0","0","","0","0","0","","",""
"080226","0001","0","269500","270000","271000","271500","272000","272500","273000","273500","274000","274500","269000","268500","268000","267500","267000","266500","266000","265500","265000","264500","11","543","418","353","36","24","78","62","34","176","27","4","55","8","52","11","19","72","191","56","1735","495","0","0","0","0","0","-270000","5","-100.00","834","0","2","0","0","","0","0","0","","",""
"080227","0000","0","269500","270000","271000","271500","272000","272500","273000","273500","274000","274500","269000","268500","268000","267500","267000","266500","266000","265500","265000","264500","11","543","418","353","36","24","78","62","34","176","27","4","55","8","52","11","19","72","199","56","1735","503","0","0","0","0","0","-270000","5","-100.00","834","0","8","0","0","","0","0","0","","",""
"080228","0000","0","269500","270000","271000","271500","272000","272500","273000","273500","274000","274500","269000","268500","268000","267500","267000","266500","266000","265500","265000","264500","11","543","418","353","36","24","78","62","34","176","27","4","55","8","52","17","19","72","199","56","1735","509","0","0","0","0","0","-270000","5","-100.00","834","0","6","0","0","","0","0","0","","",""
"080229","0000","0","269500","270000","271000","271500","272000","272500","273000","273500","274000","274500","269000","268500","268000","267500","267000","266500","266000","265500","265000","264500","11","543","418","353","36","24","78","62","34","176","27","4","55","8","52","17","19","72","209","56","1735","519","0","0","0","0","0","-270000","5","-100.00","834","0","10","0","0","","0","0","0","","",""
"080229","0001","0","270000","271000","271500","272000","272500","273000","273500","274000","274500","275000","269000","268500","268000","267500","267000","266500","266000","265500","265000","264500","543","418","353","36","24","78","62","34","176","361","27","4","55","8","52","17","19","72","209","56","2085","519","0","0","0","0","0","-270000","5","-100.00","1019","350","0","0","0","","0","0","0","","",""
"080232","0000","0","270000","271000","271500","272000","272500","273000","273500","274000","274500","275000","269000","268500","268000","267500","267000","266500","266000","265500","265000","264500","543","418","353","36","24","78","62","34","176","361","27","4","55","9","52","17","19","72","209","56","2085","520","0","0","0","0","0","-270000","5","-100.00","1019","0","1","0","0","","0","0","0","","",""
"080233","0000","0","270000","271000","271500","272000","272500","273000","273500","274000","274500","275000","269000","268500","268000","267500","267000","266500","266000","265500","265000","264500","543","418","353","36","24","78","62","34","176","361","27","4","56","9","52","17","19","72","209","56","2085","521","0","0","0","0","0","-270000","5","-100.00","1019","0","1","0","0","","0","0","0","","",""
"080233","0001","0","269500","270000","271000","271500","272000","272500","273000","273500","274000","274500","269000","268500","268000","267500","267000","266500","266000","265500","265000","264500","5","543","418","353","36","24","78","62","34","176","27","4","56","9","52","17","19","72","209","56","1729","521","0","0","0","0","0","-270000","5","-100.00","1019","-356","0","0","0","","0","0","0","","",""
"080234","0000","0","269500","270000","271000","271500","272000","272500","273000","273500","274000","274500","269000","268500","268000","267500","267000","266500","266000","265500","265000","264500","5","543","418","353","36","24","78","62","34","176","27","4","56","9","52","17","19","72","211","56","1729","523","0","0","0","0","0","-270000","5","-100.00","1019","0","2","0","0","","0","0","0","","",""
"080234","0001","0","269500","270000","271000","271500","272000","272500","273000","273500","274000","274500","269000","268500","268000","267500","267000","266500","266000","265500","265000","264500","10","543","418","353","36","24","78","62","34","176","27","4","56","9","52","17","19","72","211","56","1734","523","0","0","0","0","0","-270000","5","-100.00","1019","5","0","0","0","","0","0","0","","",""
"080236","0000","0","269500","270000","271000","271500","272000","272500","273000","273500","274000","274500","269000","268500","268000","267500","267000","266500","266000","265500","265000","264500","10","543","418","353","36","24","78","62","34","176","28","4","56","9","52","17","19","72","211","56","1734","524","0","0","0","0","0","-270000","5","-100.00","1019","0","1","0","0","","0","0","0","","",""
"080236","0001","0","269500","270000","271000","271500","272000","272500","273000","273500","274000","274500","269000","268500","268000","267500","267000","266500","266000","265500","265000","264500","10","543","418","353","36","24","78","62","34","176","28","4","56","9","52","17","19","73","211","56","1734","525","0","0","0","0","0","-270000","5","-100.00","1019","0","1","0","0","","0","0","0","","",""
"080239","0000","0","269500","270000","271000","271500","272000","272500","273000","273500","274000","274500","269000","268500","268000","267500","267000","266500","266000","265500","265000","264500","10","543","418","353","36","24","78","62","34","176","28","4","56","9","52","23","19","73","211","56","1734","531","0","0","0","0","0","-270000","5","-100.00","1019","0","6","0","0","","0","0","0","","",""
"080240","0000","0","269500","270000","271000","271500","272000","272500","273000","273500","274000","274500","269000","268500","268000","267500","267000","266500","266000","265500","265000","264500","10","543","418","353","36","24","78","62","34","176","29","4","56","9","52","23","19","73","211","56","1734","532","0","0","0","0","0","-270000","5","-100.00","1019","0","1","0","0","","0","0","0","","",""
"080241","0000","0","269500","270000","271000","271500","272000","272500","273000","273500","274000","274500","269000","268500","268000","267500","267000","266500","266000","265500","265000","264500","10","543","418","353","36","24","78","62","34","176","29","4","56","9","52","23","19","73","212","56","1734","533","0","0","0","0","0","-270000","5","-100.00","1019","0","1","0","0","","0","0","0","","",""
"080242","0000","0","269000","269500","270000","271000","271500","272000","272500","273000","273500","274000","268500","268000","267500","267000","266500","266000","265500","265000","264500","264000","7","10","543","418","353","36","24","78","62","34","4","56","9","52","23","19","73","212","56","14","1565","518","0","0","0","0","0","-270000","5","-100.00","1048","-169","-15","0","0","","0","0","0","","",""
"080242","0001","0","269000","269500","270000","271000","271500","272000","272500","273000","273500","274000","268500","268000","267500","267000","266500","266000","265500","265000","264500","264000","7","10","543","418","353","36","24","78","62","34","4","56","9","52","23","19","74","212","56","14","1565","519","0","0","0","0","0","-270000","5","-100.00","1048","0","1","0","0","","0","0","0","","",""
"080244","0000","0","269000","269500","270000","271000","271500","272000","272500","273000","273500","274000","268500","268000","267500","267000","266500","266000","265500","265000","264500","264000","7","10","543","418","353","36","24","78","62","34","1","56","9","52","23","19","74","212","56","14","1565","516","0","0","0","0","0","-270000","5","-100.00","1051","0","-3","0","0","","0","0","0","","",""
"080244","0001","0","269000","269500","270000","271000","271500","272000","272500","273000","273500","274000","268500","268000","267500","267000","266500","266000","265500","265000","264500","264000","7","10","543","418","353","36","24","78","62","34","1","56","9","52","23","19","74","214","56","14","1565","518","0","0","0","0","0","-270000","5","-100.00","1051","0","2","0","0","","0","0","0","","",""
"080245","0000","0","269000","269500","270000","271000","271500","272000","272500","273000","273500","274000","268500","268000","267500","267000","266500","266000","265500","265000","264500","264000","7","45","543","418","353","36","24","78","62","34","1","56","9","52","23","19","74","288","56","14","1600","592","0","0","0","0","0","-270000","5","-100.00","1051","35","74","0","0","","0","0","0","","",""
"080249","0000","0","269000","269500","270000","271000","271500","272000","272500","273000","273500","274000","268000","267500","267000","266500","266000","265500","265000","264500","264000","263500","7","45","543","418","353","36","24","78","62","34","56","9","52","23","19","74","288","56","14","1","1600","592","0","0","0","0","0","-270000","5","-100.00","1052","0","0","0","0","","0","0","0","","",""
"080249","0001","0","269000","269500","270000","271000","271500","272000","272500","273000","273500","274000","268000","267500","267000","266500","266000","265500","265000","264500","264000","263500","7","40","543","418","353","36","24","78","62","34","56","9","52","23","19","74","288","56","14","1","1595","592","0","0","0","0","0","-270000","5","-100.00","1052","-5","0","0","0","","0","0","0","","",""
"080250","0000","0","269000","269500","270000","271000","271500","272000","272500","273000","273500","274000","268500","268000","267500","267000","266500","266000","265500","265000","264500","264000","7","40","543","418","353","36","24","80","62","34","1","56","9","52","23","19","74","288","56","14","1597","592","0","0","0","0","0","-270000","5","-100.00","1052","0","0","0","0","","0","0","0","","",""
"080250","0001","0","268500","269000","269500","270000","271000","271500","272000","272500","273000","273500","268000","267500","267000","266500","266000","265500","265000","264500","264000","263500","29","7","40","543","418","353","36","24","80","62","56","9","52","23","19","74","288","56","14","1","1592","592","0","0","0","0","0","-270000","5","-100.00","1053","-5","0","0","0","","0","0","0","","",""
"080251","0000","0","268500","269000","269500","270000","271000","271500","272000","272500","273000","273500","268000","267500","267000","266500","266000","265500","265000","264500","264000","263500","29","7","40","543","418","353","36","24","80","62","56","10","52","23","19","74","288","56","14","1","1592","593","0","0","0","0","0","-270000","5","-100.00","1053","0","1","0","0","","0","0","0","","",""
"080251","0001","0","268500","269000","269500","270000","271000","271500","272000","272500","273000","273500","268000","267500","267000","266500","266000","265500","265000","264500","264000","263500","29","7","40","543","418","353","36","24","80","62","56","10","52","23","19","74","289","56","14","1","1592","594","0","0","0","0","0","-270000","5","-100.00","1053","0","1","0","0","","0","0","0","","",""
"080252","0000","0","268500","269000","269500","270000","271000","271500","272000","272500","273000","273500","268000","267500","267000","266500","266000","265500","265000","264500","264000","263500","29","7","40","543","418","353","36","24","80","62","56","10","52","24","19","74","289","56","14","1","1592","595","0","0","0","0","0","-270000","5","-100.00","1053","0","1","0","0","","0","0","0","","",""
"080253","0000","0","269000","269500","270000","271000","271500","272000","272500","273000","273500","274000","268000","267500","267000","266500","266000","265500","265000","264500","264000","263500","7","40","543","418","353","36","24","80","62","34","56","10","52","24","19","74","289","56","14","1","1597","595","0","0","0","0","0","-270000","5","-100.00","1053","5","0","0","0","","0","0","0","","",""
"080253","0001","0","269000","269500","270000","271000","271500","272000","272500","273000","273500","274000","268500","268000","267500","267000","266500","266000","265500","265000","264500","264000","7","40","543","418","353","36","24","80","62","34","1","57","10","52","24","19","74","292","56","14","1597","599","0","0","0","0","0","-270000","5","-100.00","1053","0","1","0","0","","0","0","0","","",""
"080254","0000","0","268500","269000","269500","270000","271000","271500","272000","272500","273000","273500","268000","267500","267000","266500","266000","265500","265000","264500","264000","263500","29","7","40","543","418","353","36","24","80","62","57","10","52","24","19","74","292","56","14","1","1592","599","0","0","0","0","0","-270000","5","-100.00","1054","-5","0","0","0","","0","0","0","","",""
"080255","0000","0","268500","269000","269500","270000","271000","271500","272000","272500","273000","273500","268000","267500","267000","266500","266000","265500","265000","264500","264000","263500","29","7","40","543","418","353","36","24","80","62","58","10","52","24","19","74","292","56","14","1","1592","600","0","0","0","0","0","-270000","5","-100.00","1054","0","1","0","0","","0","0","0","","",""
"080255","0001","0","268500","269000","269500","270000","271000","271500","272000","272500","273000","273500","268000","267500","267000","266500","266000","265500","265000","264500","264000","263500","29","7","40","543","418","353","36","24","80","62","58","10","52","24","19","75","296","56","14","1","1592","605","0","0","0","0","0","-270000","5","-100.00","1054","0","4","0","0","","0","0","0","","",""
"080255","0002","0","268500","269000","269500","270000","271000","271500","272000","272500","273000","273500","268000","267500","267000","266500","266000","265500","265000","264500","264000","263500","29","7","40","543","418","353","36","24","80","62","58","10","52","24","19","76","296","56","14","1","1592","606","0","0","0","0","0","-270000","5","-100.00","1054","0","1","0","0","","0","0","0","","",""
"080256","0000","0","269000","269500","270000","271000","271500","272000","272500","273000","273500","274000","268000","267500","267000","266500","266000","265500","265000","264500","264000","263500","7","40","543","418","353","36","24","80","62","34","58","10","52","24","19","76","296","56","14","1","1597","606","0","0","0","0","0","-270000","5","-100.00","1054","5","0","0","0","","0","0","0","","",""
"080256","0001","0","269000","269500","270000","271000","271500","272000","272500","273000","273500","274000","268500","268000","267500","267000","266500","266000","265500","265000","264500","264000","7","40","543","418","353","36","24","80","62","34","6","58","10","52","24","19","76","296","56","14","1597","611","0","0","0","0","0","-270000","5","-100.00","1054","0","4","0","0","","0","0","0","","",""
"080257","0000","0","269000","269500","270000","271000","271500","272000","272500","273000","273500","274000","268500","268000","267500","267000","266500","266000","265500","265000","264500","264000","7","40","543","418","353","36","24","80","62","34","1","58","10","52","24","19","76","296","56","14","1597","606","0","0","0","0","0","-270000","5","-100.00","1059","0","-5","0","0","","0","0","0","","",""
"080258","0000","0","269000","269500","270000","271000","271500","272000","272500","273000","273500","274000","268500","268000","267500","267000","266500","266000","265500","265000","264500","264000","7","40","537","418","353","36","24","80","62","34","1","58","10","52","24","19","76","296","56","14","1591","606","0","0","0","0","0","-270000","5","-100.00","1059","-6","0","0","0","","0","0","0","","",""
