"time","millisec","HOUR_CLS_CODE","ASKP1","ASKP2","ASKP3","ASKP4","ASKP5","ASKP6","ASKP7","ASKP8","ASKP9","ASKP10","BIDP1","BIDP2","BIDP3","BIDP4","BIDP5","BIDP6","BIDP7","BIDP8","BIDP9","BIDP10","ASKP_RSQN1","ASKP_RSQN2","ASKP_RSQN3","ASKP_RSQN4","ASKP_RSQN5","ASKP_RSQN6","ASKP_RSQN7","ASKP_RSQN8","ASKP_RSQN9","ASKP_RSQN10","BIDP_RSQN1","BIDP_RSQN2","BIDP_RSQN3","BIDP_RSQN4","BIDP_RSQN5","BIDP_RSQN6","BIDP_RSQN7","BIDP_RSQN8","BIDP_RSQN9","BIDP_RSQN10","TOTAL_ASKP_RSQN","TOTAL_BIDP_RSQN","OVTM_TOTAL_ASKP_RSQN","OVTM_TOTAL_BIDP_RSQN","ANTC_CNPR","ANTC_CNQN","ANTC_VOL","ANTC_CNTG_VRSS","ANTC_CNTG_VRSS_SIGN","ANTC_CNTG_PRDY_CTRT","ACML_VOL","TOTAL_ASKP_RSQN_ICDC","TOTAL_BIDP_RSQN_ICDC","OVTM_TOTAL_ASKP_ICDC","OVTM_TOTAL_BIDP_ICDC","STCK_DEAL_CLS_CODE","KMID_PRC","KMID_TOTAL_RSQN","KMID_CLS_CODE","NMID_PRC","NMID_TOTAL_RSQN","NMID_CLS_CODE"
"080000","0000","0","161400","0","0","0","0","0","0","0","0","0","159500","159000","158500","158200","0","0","0","0","0","0","5","0","0","0","0","0","0","0","0","0","50","50","50","100","0","0","0","0","0","0","5","250","0","0","0","0","0","-160600","5","-100.00","0","0","0","0","0","","0","0","0","","",""
"080001","0000","0","160900","161200","161400","162300","164900","184800","194800","204000","208500","0","159500","159000","158500","158400","158200","158000","157100","156900","156700","156500","35","3","10","5","300","1","1","1","2","0","50","50","50","30","100","50","1","302","2","2","358","637","0","0","0","0","0","-160600","5","-100.00","0","353","387","0","0","","0","0","0","","",""
"080001","0001","0","160600","160800","160900","161200","161300","161400","161900","162300","163100","164900","159500","159000","158500","158400","158200","158000","157600","157100","157000","156900","500","90","65","3","1","17","170","5","1","300","50","50","50","30","100","50","140","1","100","302","1152","873","0","0","0","0","0","-160600","5","-100.00","0","794","236","0","0","","0","0","0","","",""
"080002","0000","0","160600","160700","160800","160900","161200","161300","161400","161900","162300","163100","159500","159200","159000","158500","158400","158200","158000","157600","157100","157000","500","33","90","65","3","1","27","170","5","1","50","6","50","50","30","100","50","140","1","100","895","577","0","0","0","0","0","-160600","5","-100.00","0","-257","-296","0","0","","0","0","0","","",""
"080002","0001","0","160400","160600","160700","160800","160900","161000","161200","161300","161400","161500","159500","159200","159000","158500","158400","158200","158000","157600","157100","157000","50","500","33","90","65","68","3","1","27","230","41","6","50","50","30","100","50","140","1","100","1067","568","0","0","0","0","0","-160600","5","-100.00","34","172","-9","0","0","","0","0","0","","",""
"080003","0000","0","160400","160600","160700","160800","160900","161000","161200","161300","161400","161500","159600","159500","159200","159000","158500","158400","158200","158000","157600","157100","50","530","33","90","65","68","3","1","27","230","40","42","6","50","50","30","100","50","140","1","1097","509","0","0","0","0","0","-160600","5","-100.00","34","30","-59","0","0","","0","0","0","","",""
"080004","0000","0","160400","160600","160700","160800","160900","161000","161200","161300","161400","161500","159600","159500","159200","159000","158500","158400","158200","158000","157600","157100","50","530","33","90","65","83","3","1","27","230","40","42","6","50","50","30","100","50","140","1","1112","509","0","0","0","0","0","-160600","5","-100.00","34","15","0","0","0","","0","0","0","","",""
"080004","0001","0","160400","160600","160700","160800","160900","161000","161200","161300","161400","161500","159600","159500","159200","159000","158500","158400","158200","158000","157600","157100","50","530","33","90","65","83","3","1","27","230","33","42","6","50","50","30","100","50","140","1","1112","502","0","0","0","0","0","-160600","5","-100.00","41","0","-7","0","0","","0","0","0","","",""
"080005","0000","0","160400","160600","160700","160800","160900","161000","161200","161300","161400","161500","159600","159500","159200","159100","159000","158500","158400","158200","158000","157600","50","530","33","90","65","83","3","1","27","230","33","42","6","8","50","50","30","100","50","140","1112","509","0","0","0","0","0","-160600","5","-100.00","41","0","7","0","0","","0","0","0","","",""
"080005","0001","0","160400","160600","160700","160800","160900","161000","161200","161300","161400","161500","159600","159500","159200","159100","159000","158500","158400","158200","158000","157600","49","530","33","90","65","83","3","1","27","230","33","42","6","8","50","50","30","100","50","140","1111","509","0","0","0","0","0","-160600","5","-100.00","42","-1","0","0","0","","0","0","0","","",""
"080006","0000","0","160400","160600","160700","160800","160900","161000","161200","161300","161400","161500","159600","159500","159200","159100","159000","158500","158400","158200","158000","157600","49","530","34","91","66","83","3","1","27","230","33","42","6","8","50","50","30","100","50","140","1114","509","0","0","0","0","0","-160600","5","-100.00","42","3","0","0","0","","0","0","0","","",""
"080007","0000","0","160400","160600","160700","160800","160900","161000","161200","161300","161400","161500","159600","159500","159200","159100","159000","158500","158400","158200","158000","157600","49","530","34","91","66","400","3","1","27","230","33","42","6","8","50","50","30","100","50","140","1431","509","0","0","0","0","0","-160600","5","-100.00","42","317","0","0","0","","0","0","0","","",""
"080008","0000","0","160400","160600","160700","160800","160900","161000","161200","161300","161400","161500","159600","159500","159200","159100","159000","158500","158400","158200","158000","157600","84","530","34","91","66","400","3","1","27","230","33","42","6","8","50","50","30","100","50","140","1466","509","0","0","0","0","0","-160600","5","-100.00","42","35","0","0","0","","0","0","0","","",""
"080008","0001","0","160400","160600","160700","160800","160900","161000","161200","161300","161400","161500","159600","159500","159200","159100","159000","158500","158400","158200","158000","157600","84","530","34","91","66","407","3","1","27","230","33","42","6","8","50","50","30","100","50","140","1473","509","0","0","0","0","0","-160600","5","-100.00","42","7","0","0","0","","0","0","0","","",""
"080009","0000","0","160400","160600","160700","160800","160900","161000","161200","161300","161400","161500","159600","159500","159200","159100","159000","158500","158400","158200","158000","157800","84","530","34","91","66","407","3","1","27","243","33","42","6","8","50","50","31","102","53","4","1486","379","0","0","0","0","0","-160600","5","-100.00","42","13","-130","0","0","","0","0","0","","",""
"080009","0001","0","160400","160600","160700","160800","160900","161000","161200","161300","161400","161500","159600","159500","159200","159100","159000","158500","158400","158200","158000","157800","84","533","34","91","66","407","3","1","27","244","33","42","6","8","50","50","31","102","53","4","1490","379","0","0","0","0","0","-160600","5","-100.00","42","4","0","0","0","","0","0","0","","",""
"080011","0000","0","160400","160600","160700","160800","160900","161000","161200","161300","161400","161500","159600","159500","159200","159100","159000","158500","158400","158200","158000","157800","84","533","34","91","66","407","3","1","27","244","35","42","6","8","50","50","31","102","53","4","1490","381","0","0","0","0","0","-160600","5","-100.00","42","0","2","0","0","","0","0","0","","",""
"080011","0001","0","160400","160600","160700","160800","160900","161000","161200","161300","161400","161500","159700","159600","159500","159200","159100","159000","158500","158400","158200","158000","84","533","34","91","66","407","3","1","27","244","2","35","42","6","8","50","50","31","102","53","1490","379","0","0","0","0","0","-160600","5","-100.00","42","0","-2","0","0","","0","0","0","","",""
"080012","0000","0","160400","160600","160700","160800","160900","161000","161200","161300","161400","161500","159700","159600","159500","159200","159100","159000","158500","158400","158200","158000","111","533","34","91","66","407","3","1","27","244","4","35","42","6","8","50","50","31","102","53","1517","381","0","0","0","0","0","-160600","5","-100.00","42","27","2","0","0","","0","0","0","","",""
"080012","0001","0","160400","160600","160700","160800","160900","161000","161200","161300","161400","161500","159700","159600","159500","159200","159100","159000","158500","158400","158200","158000","111","533","34","91","70","407","3","1","27","244","4","35","42","6","8","50","50","31","102","53","1521","381","0","0","0","0","0","-160600","5","-100.00","42","4","0","0","0","","0","0","0","","",""
"080013","0000","0","160400","160600","160700","160800","160900","161000","161200","161300","161400","161500","159700","159600","159500","159200","159100","159000","158500","158400","158200","158000","246","533","34","91","70","407","3","1","27","244","4","35","42","6","8","50","50","31","102","53","1656","381","0","0","0","0","0","-160600","5","-100.00","42","135","0","0","0","","0","0","0","","",""
"080013","0001","0","160400","160600","160700","160800","160900","161000","161200","161300","161400","161500","159700","159600","159500","159200","159100","159000","158500","158400","158200","158000","246","533","34","91","70","407","3","1","27","244","4","37","42","6","8","50","50","31","102","53","1656","383","0","0","0","0","0","-160600","5","-100.00","42","0","2","0","0","","0","0","0","","",""
"080014","0000","0","160400","160600","160700","160800","160900","161000","161200","161300","161400","161500","159800","159700","159600","159500","159200","159100","159000","158500","158400","158200","246","533","34","91","70","407","3","1","27","244","2","4","37","42","6","8","50","50","31","102","1656","332","0","0","0","0","0","-160600","5","-100.00","42","0","-51","0","0","","0","0","0","","",""
"080014","0001","0","160400","160600","160700","160800","160900","161000","161200","161300","161400","161500","159800","159700","159600","159500","159200","159100","159000","158600","158500","158400","246","533","34","91","70","407","3","1","27","244","2","4","38","44","6","8","50","1","50","31","1656","234","0","0","0","0","0","-160600","5","-100.00","42","0","-98","0","0","","0","0","0","","",""
"080015","0000","0","159200","160400","160600","160700","160800","160900","161000","161200","161300","161400","159100","159000","158600","158500","158400","158200","158000","157800","157600","157400","189","246","533","34","91","70","407","3","1","27","8","50","1","50","31","102","53","4","146","16","1601","461","0","0","0","0","0","-160600","5","-100.00","136","-55","227","0","0","","0","0","0","","",""
"080015","0001","0","158400","160300","160400","160600","160700","160800","160900","161000","161200","161300","158200","158000","157800","157600","157400","157100","157000","156900","156700","156500","93","8","246","533","34","91","70","407","3","1","102","53","4","146","16","1","1304","302","2","2","1486","1932","0","0","0","0","0","-160600","5","-100.00","293","-115","1471","0","0","","0","0","0","","",""
"080016","0000","0","158400","160300","160400","160600","160700","160800","160900","161000","161200","161300","158200","158000","157800","157600","157400","157100","157000","156900","156700","156500","82","8","246","533","34","91","70","407","3","1","102","53","4","146","16","1","1304","302","2","2","1475","1932","0","0","0","0","0","-160600","5","-100.00","304","-11","0","0","0","","0","0","0","","",""
"080016","0001","0","158400","160300","160400","160600","160700","160800","160900","161000","161200","161300","158200","158000","157800","157600","157400","157100","157000","156900","156700","156500","82","8","246","533","34","91","70","407","3","1","102","53","4","146","18","1","1304","302","2","2","1475","1934","0","0","0","0","0","-160600","5","-100.00","304","0","2","0","0","","0","0","0","","",""
"080017","0000","0","158400","160300","160400","160600","160700","160800","160900","161000","161200","161300","158200","158000","157800","157600","157400","157100","157000","156900","156700","156500","80","8","246","533","34","91","70","407","3","1","102","53","4","146","18","1","1304","302","2","2","1473","1934","0","0","0","0","0","-160600","5","-100.00","306","-2","0","0","0","","0","0","0","","",""
"080017","0001","0","158400","160300","160400","160600","160700","160800","160900","161000","161200","161300","158200","158000","157800","157600","157400","157100","157000","156900","156700","156500","38","8","241","533","34","91","70","407","3","1","102","53","6","146","18","1","1304","302","2","2","1426","1936","0","0","0","0","0","-160600","5","-100.00","348","-47","2","0","0","","0","0","0","","",""
"080017","0002","0","160300","160400","160600","160700","160800","160900","161000","161200","161300","161400","158200","158000","157800","157600","157400","157300","157100","157000","156900","156700","8","241","533","34","91","70","407","3","1","27","102","53","6","146","18","10","11","1304","302","2","1415","1954","0","0","0","0","0","-160600","5","-100.00","399","-11","18","0","0","","0","0","0","","",""
"080018","0000","0","159800","160300","160400","160600","160700","160800","160900","161000","161200","161300","158200","158000","157800","157600","157400","157300","157100","157000","156900","156700","1","8","241","533","34","91","70","407","3","1","102","53","6","146","18","10","11","1304","302","2","1389","1954","0","0","0","0","0","-160600","5","-100.00","399","-26","0","0","0","","0","0","0","","",""
"080018","0001","0","159800","160300","160400","160600","160700","160800","160900","161000","161200","161300","158300","158200","158000","157800","157600","157400","157300","157100","157000","156900","1","8","241","533","34","91","70","407","3","1","12","102","53","6","146","18","10","11","1304","302","1389","1964","0","0","0","0","0","-160600","5","-100.00","399","0","10","0","0","","0","0","0","","",""
"080018","0002","0","160400","160600","160700","160800","160900","161000","161200","161300","161400","161500","158300","158200","158000","157800","157600","157400","157300","157100","157000","156900","230","533","34","91","70","407","3","1","27","245","12","102","53","46","146","18","10","11","1304","302","1641","2004","0","0","0","0","0","-160600","5","-100.00","421","252","40","0","0","","0","0","0","","",""
"080019","0000","0","159800","160400","160600","160700","160800","160900","161000","161200","161300","161400","158400","158300","158200","158000","157800","157600","157400","157300","157100","157000","14","230","533","34","91","70","407","3","1","27","24","12","102","53","46","146","18","10","11","1304","1410","1726","0","0","0","0","0","-160600","5","-100.00","421","-231","-278","0","0","","0","0","0","","",""
"080019","0001","0","159800","160400","160600","160700","160800","160900","161000","161200","161300","161400","158400","158300","158200","158000","157800","157600","157400","157300","157100","157000","255","300","533","34","91","70","407","3","1","27","24","12","102","53","46","146","18","10","11","1304","1721","1726","0","0","0","0","0","-160600","5","-100.00","421","311","0","0","0","","0","0","0","","",""
"080019","0002","0","159700","159800","160300","160400","160600","160700","160800","160900","161000","161200","158400","158300","158200","158000","157800","157600","157400","157300","157100","157000","24","14","24","330","533","34","91","70","407","3","125","12","102","53","46","146","18","10","11","1304","1530","1827","0","0","0","0","0","-160600","5","-100.00","710","-191","101","0","0","","0","0","0","","",""
"080020","0000","0","159700","159800","160300","160400","160600","160700","160800","160900","161000","161200","158500","158400","158300","158200","158000","157800","157600","157400","157300","157100","24","22","24","330","533","34","91","70","407","3","1","125","12","102","53","46","146","18","10","11","1538","524","0","0","0","0","0","-160600","5","-100.00","718","8","-1303","0","0","","0","0","0","","",""
"080020","0001","0","159700","159800","160300","160400","160600","160700","160800","160900","161000","161200","158500","158400","158300","158200","158000","157800","157600","157400","157300","157100","24","22","24","330","533","34","91","70","407","3","1","125","12","102","53","46","146","18","12","11","1538","526","0","0","0","0","0","-160600","5","-100.00","718","0","2","0","0","","0","0","0","","",""
"080020","0002","0","159700","159800","160300","160400","160600","160700","160800","160900","161000","161200","158400","158300","158200","158000","157800","157600","157400","157300","157100","157000","24","22","24","330","533","34","91","70","407","3","125","12","102","53","46","146","18","12","11","1304","1538","1829","0","0","0","0","0","-160600","5","-100.00","730","0","1303","0","0","","0","0","0","","",""
"080021","0000","0","159700","159800","160300","160400","160600","160700","160800","160900","161000","161200","158400","158300","158200","158000","157800","157600","157400","157300","157100","157000","24","23","24","330","533","34","91","70","407","3","125","12","102","53","46","146","18","12","11","1304","1539","1829","0","0","0","0","0","-160600","5","-100.00","730","1","0","0","0","","0","0","0","","",""
"080021","0001","0","159700","159800","160300","160400","160600","160700","160800","160900","161000","161200","158400","158300","158200","158000","157800","157600","157400","157300","157200","157100","24","23","24","330","533","34","91","70","407","3","125","12","102","53","46","146","18","12","1","13","1539","528","0","0","0","0","0","-160600","5","-100.00","730","0","-1301","0","0","","0","0","0","","",""
"080022","0000","0","159700","159800","160300","160400","160600","160700","160800","160900","161000","161200","158400","158300","158200","158000","157800","157600","157400","157300","157200","157100","24","23","24","330","533","34","91","70","407","3","125","12","102","53","46","146","18","12","1","13","1539","528","0","0","0","0","0","-160600","5","-100.00","740","0","0","0","0","","0","0","0","","",""
"080022","0001","0","159600","159700","159800","160300","160400","160600","160700","160800","160900","161000","158400","158300","158200","158000","157800","157600","157400","157300","157200","157100","4","24","23","24","330","533","34","91","70","407","125","12","102","53","46","146","18","12","1","13","1540","528","0","0","0","0","0","-160600","5","-100.00","740","1","0","0","0","","0","0","0","","",""
"080023","0000","0","159600","159700","159800","160300","160400","160600","160700","160800","160900","161000","158400","158300","158200","158000","157800","157600","157400","157300","157200","157100","4","24","23","24","330","533","34","91","70","407","125","12","102","53","46","146","18","12","3","13","1540","530","0","0","0","0","0","-160600","5","-100.00","740","0","2","0","0","","0","0","0","","",""
"080023","0001","0","159600","159700","159800","160300","160400","160600","160700","160800","160900","161000","158400","158300","158200","158000","157800","157600","157400","157300","157200","157100","4","24","23","24","330","533","34","91","70","407","125","12","102","53","46","148","18","12","3","13","1540","532","0","0","0","0","0","-160600","5","-100.00","740","0","2","0","0","","0","0","0","","",""
"080024","0000","0","159600","159700","159800","160300","160400","160600","160700","160800","160900","161000","158400","158300","158200","158000","157800","157600","157400","157300","157200","157100","30","24","23","24","260","533","34","91","70","407","125","12","102","53","46","148","18","12","3","13","1496","532","0","0","0","0","0","-160600","5","-100.00","742","-44","0","0","0","","0","0","0","","",""
"080025","0000","0","159600","159700","159800","160300","160400","160600","160700","160800","160900","161000","158400","158300","158200","158000","157800","157600","157400","157300","157200","157100","30","24","23","24","260","533","34","91","70","407","125","12","102","55","46","148","18","12","3","13","1496","534","0","0","0","0","0","-160600","5","-100.00","742","0","2","0","0","","0","0","0","","",""
"080025","0001","0","159600","159700","159800","160300","160400","160600","160700","160800","160900","161000","159100","158900","158400","158300","158200","158000","157800","157600","157400","157300","2","24","23","24","260","533","34","91","70","407","1","7","125","12","102","55","46","148","18","12","1468","526","0","0","0","0","0","-160600","5","-100.00","755","-28","-8","0","0","","0","0","0","","",""
"080025","0002","0","159100","159600","159700","159800","160300","160400","160600","160700","160800","160900","158900","158400","158300","158200","158000","157800","157600","157400","157300","157200","9","2","24","23","24","260","533","34","91","70","7","125","12","102","55","46","148","18","12","3","1070","528","0","0","0","0","0","-160600","5","-100.00","756","-398","2","0","0","","0","0","0","","",""
"080026","0000","0","159100","159600","159700","159800","160300","160400","160600","160700","160800","160900","158900","158400","158300","158200","158000","157800","157600","157400","157300","157200","9","2","24","23","24","260","533","34","91","70","7","200","12","102","55","46","148","18","12","3","1070","603","0","0","0","0","0","-160600","5","-100.00","756","0","75","0","0","","0","0","0","","",""
"080026","0001","0","159100","159600","159700","159800","160300","160400","160600","160700","160800","160900","158900","158400","158300","158200","158000","157800","157600","157400","157300","157200","9","2","24","23","24","260","533","34","91","70","7","200","14","102","55","46","148","18","12","3","1070","605","0","0","0","0","0","-160600","5","-100.00","756","0","2","0","0","","0","0","0","","",""
"080026","0002","0","159100","159600","159700","159800","160300","160400","160600","160700","160800","160900","158900","158400","158300","158200","158000","157800","157600","157400","157300","157200","9","2","24","23","24","260","533","34","91","70","7","205","14","102","55","46","148","18","22","3","1070","620","0","0","0","0","0","-160600","5","-100.00","756","0","15","0","0","","0","0","0","","",""
"080026","0003","0","159100","159600","159700","159800","160300","160400","160600","160700","160800","160900","158900","158500","158400","158300","158200","158000","157800","157600","157400","157300","9","2","24","23","24","260","533","34","91","70","7","5","205","14","102","55","46","148","18","22","1070","622","0","0","0","0","0","-160600","5","-100.00","756","0","2","0","0","","0","0","0","","",""
"080027","0000","0","159100","159600","159700","159800","160300","160400","160600","160700","160800","160900","158900","158500","158400","158300","158200","158000","157800","157600","157400","157300","9","2","24","23","24","260","533","34","91","70","7","7","205","14","102","55","46","148","18","22","1070","624","0","0","0","0","0","-160600","5","-100.00","756","0","2","0","0","","0","0","0","","",""
"080028","0000","0","159100","159600","159700","159800","160300","160400","160600","160700","160800","160900","158900","158600","158500","158400","158300","158200","158000","157800","157600","157400","9","2","24","23","24","260","533","34","91","70","9","2","7","205","14","102","55","46","148","18","1070","606","0","0","0","0","0","-160600","5","-100.00","756","0","-18","0","0","","0","0","0","","",""
"080028","0001","0","159100","159600","159700","159800","160300","160400","160600","160700","160800","160900","158900","158600","158500","158400","158300","158200","158000","157800","157600","157400","9","2","24","23","24","260","533","34","91","70","9","2","9","205","14","102","55","46","148","18","1070","608","0","0","0","0","0","-160600","5","-100.00","756","0","2","0","0","","0","0","0","","",""
"080029","0000","0","159100","159600","159700","159800","160300","160400","160600","160700","160800","160900","158900","158600","158500","158400","158300","158200","158000","157800","157600","157400","9","2","24","23","24","260","533","34","91","70","9","4","9","205","14","102","57","46","148","18","1070","612","0","0","0","0","0","-160600","5","-100.00","756","0","4","0","0","","0","0","0","","",""
"080030","0000","0","159100","159600","159700","159800","160300","160400","160600","160700","160800","160900","158900","158600","158500","158400","158300","158200","158000","157800","157600","157400","9","2","24","23","24","260","533","34","91","70","9","4","9","205","14","2","57","46","148","18","1070","512","0","0","0","0","0","-160600","5","-100.00","756","0","-100","0","0","","0","0","0","","",""
"080030","0001","0","159100","159500","159600","159700","159800","160300","160400","160600","160700","160800","158900","158600","158500","158400","158300","158200","158000","157800","157600","157400","9","1","2","24","22","24","260","533","34","91","9","4","9","205","14","2","77","48","148","18","1000","534","0","0","0","0","0","-160600","5","-100.00","756","-70","22","0","0","","0","0","0","","",""
"080030","0002","0","159100","159500","159600","159700","159800","160300","160400","160600","160700","160800","158900","158600","158500","158400","158300","158200","158000","157800","157600","157400","9","9","2","24","14","24","260","533","34","91","9","4","14","205","14","2","77","48","148","18","1000","539","0","0","0","0","0","-160600","5","-100.00","756","0","5","0","0","","0","0","0","","",""
"080031","0000","0","159100","159500","159600","159700","159800","160300","160400","160600","160700","160800","158900","158600","158500","158400","158300","158200","158000","157800","157600","157400","9","9","2","24","14","24","260","533","34","91","9","4","16","205","14","2","77","48","148","18","1000","541","0","0","0","0","0","-160600","5","-100.00","756","0","2","0","0","","0","0","0","","",""
"080031","0001","0","159100","159500","159600","159700","159800","160300","160400","160600","160700","160800","158900","158600","158500","158400","158300","158200","158000","157800","157600","157400","9","9","2","24","14","44","260","533","34","91","9","4","16","205","14","2","77","48","148","18","1020","541","0","0","0","0","0","-160600","5","-100.00","756","20","0","0","0","","0","0","0","","",""
"080033","0000","0","159100","159500","159600","159700","159800","160300","160400","160500","160600","160700","158900","158800","158600","158500","158400","158300","158200","158000","157800","157600","9","9","2","24","14","44","260","10","533","34","9","10","4","26","205","14","2","97","48","148","939","563","0","0","0","0","0","-160600","5","-100.00","756","-81","22","0","0","","0","0","0","","",""
"080033","0001","0","159100","159500","159600","159700","159800","160300","160400","160500","160600","160700","158900","158800","158600","158500","158400","158300","158200","158000","157800","157600","7","9","2","24","14","44","260","10","533","34","9","10","4","26","205","14","2","97","48","148","937","563","0","0","0","0","0","-160600","5","-100.00","758","-2","0","0","0","","0","0","0","","",""
"080034","0000","0","159100","159500","159600","159700","159800","160300","160400","160500","160600","160700","158900","158800","158600","158500","158400","158300","158200","158000","157800","157600","5","9","2","24","14","44","233","10","533","34","9","10","4","26","205","14","2","97","48","148","908","563","0","0","0","0","0","-160600","5","-100.00","760","-29","0","0","0","","0","0","0","","",""
"080034","0001","0","159500","159600","159700","159800","160300","160400","160500","160600","160700","160800","158900","158800","158600","158500","158400","158300","158200","158000","157800","157600","9","2","24","14","44","233","10","533","34","91","9","10","4","26","80","14","2","97","48","148","994","438","0","0","0","0","0","-160600","5","-100.00","790","86","-125","0","0","","0","0","0","","",""
"080035","0000","0","159500","159600","159700","159800","160300","160400","160500","160600","160700","160800","158900","158800","158600","158500","158400","158300","158200","158100","158000","157800","9","2","24","14","44","233","10","533","34","91","9","10","4","21","80","14","2","30","97","48","994","315","0","0","0","0","0","-160600","5","-100.00","790","0","-123","0","0","","0","0","0","","",""
"080035","0001","0","159500","159600","159700","159800","160300","160400","160500","160600","160700","160800","159100","158900","158800","158600","158500","158400","158300","158200","158100","158000","17","2","24","14","44","233","10","533","34","91","3","14","10","4","21","82","14","2","30","97","1002","277","0","0","0","0","0","-160600","5","-100.00","790","8","-38","0","0","","0","0","0","","",""
"080035","0002","0","159100","159500","159600","159700","159800","160300","160400","160500","160600","160700","158900","158800","158600","158500","158400","158300","158200","158100","158000","157800","4","17","2","24","14","44","233","10","533","34","14","10","4","21","82","14","2","30","97","48","915","322","0","0","0","0","0","-160600","5","-100.00","793","-87","45","0","0","","0","0","0","","",""
"080036","0000","0","159100","159500","159600","159700","159800","160300","160400","160500","160600","160700","158900","158800","158600","158500","158400","158300","158200","158100","158000","157800","4","17","2","24","14","44","233","10","533","34","14","10","4","71","82","14","2","30","97","48","915","372","0","0","0","0","0","-160600","5","-100.00","793","0","50","0","0","","0","0","0","","",""
"080036","0001","0","159100","159500","159600","159700","159800","160300","160400","160500","160600","160700","158900","158800","158600","158500","158400","158300","158200","158100","158000","157800","4","17","2","24","14","44","233","10","533","34","14","10","4","171","82","14","2","30","97","48","915","472","0","0","0","0","0","-160600","5","-100.00","793","0","100","0","0","","0","0","0","","",""
"080036","0002","0","159100","159500","159600","159700","159800","160300","160400","160500","160600","160700","158900","158800","158600","158500","158400","158300","158200","158100","158000","157800","4","39","2","24","14","44","68","10","533","34","64","10","4","171","82","14","2","30","97","48","772","522","0","0","0","0","0","-160600","5","-100.00","793","-143","50","0","0","","0","0","0","","",""
"080037","0000","0","159100","159500","159600","159700","159800","160300","160400","160500","160600","160700","158500","158400","158300","158200","158100","158000","157800","157600","157500","157400","2","39","2","24","14","44","68","10","533","34","181","82","14","2","30","97","48","148","20","18","770","640","0","0","0","0","0","-160600","5","-100.00","1085","-2","118","0","0","","0","0","0","","",""
"080037","0001","0","159100","159500","159600","159700","159800","160300","160400","160500","160600","160700","158500","158400","158300","158200","158100","158000","157800","157600","157500","157400","2","39","2","24","14","44","68","10","533","34","181","82","2","2","30","101","48","148","20","18","770","632","0","0","0","0","0","-160600","5","-100.00","1085","0","-8","0","0","","0","0","0","","",""
"080037","0002","0","159100","159500","159600","159700","159800","160300","160400","160500","160600","160700","158500","158400","158300","158200","158100","158000","157800","157600","157500","157400","12","39","2","24","14","44","68","10","533","34","181","82","2","2","30","101","48","148","20","18","780","632","0","0","0","0","0","-160600","5","-100.00","1085","10","0","0","0","","0","0","0","","",""
"080038","0000","0","159100","159500","159600","159700","159800","160300","160400","160500","160600","160700","158500","158400","158300","158200","158100","158000","157800","157600","157500","157400","10","39","2","24","14","44","68","10","533","34","181","82","2","2","30","101","48","148","20","18","778","632","0","0","0","0","0","-160600","5","-100.00","1087","-2","0","0","0","","0","0","0","","",""
"080038","0001","0","159100","159500","159600","159700","159800","160300","160400","160500","160600","160700","158500","158400","158300","158200","158100","158000","157800","157600","157500","157400","10","39","2","24","14","44","68","10","533","34","181","82","2","2","32","101","48","148","20","18","778","634","0","0","0","0","0","-160600","5","-100.00","1087","0","2","0","0","","0","0","0","","",""
"080038","0002","0","159100","159500","159600","159700","159800","160300","160400","160500","160600","160700","158500","158400","158300","158200","158100","158000","157800","157600","157500","157400","14","39","2","24","14","44","68","10","533","34","181","7","2","4","32","101","48","148","20","18","782","561","0","0","0","0","0","-160600","5","-100.00","1163","4","-73","0","0","","0","0","0","","",""
"080039","0000","0","159100","159500","159600","159700","159800","160300","160400","160500","160600","160700","158500","158400","158300","158200","158100","158000","157800","157600","157500","157400","11","39","2","24","14","44","68","10","533","39","181","7","2","6","32","101","48","148","20","18","784","563","0","0","0","0","0","-160600","5","-100.00","1166","2","2","0","0","","0","0","0","","",""
"080040","0000","0","159100","159500","159600","159700","159800","160300","160400","160500","160600","160700","158600","158500","158400","158300","158200","158100","158000","157800","157600","157500","11","39","2","24","14","44","68","10","533","39","1","181","8","2","6","32","101","48","148","20","784","547","0","0","0","0","0","-160600","5","-100.00","1166","0","-16","0","0","","0","0","0","","",""
"080040","0001","0","159100","159500","159600","159700","159800","160300","160400","160500","160600","160700","158600","158500","158400","158300","158200","158100","158000","157800","157600","157500","11","39","2","24","14","44","68","10","533","39","7","181","9","2","6","32","101","48","148","20","784","554","0","0","0","0","0","-160600","5","-100.00","1166","0","7","0","0","","0","0","0","","",""
"080041","0000","0","159100","159500","159600","159700","159800","160300","160400","160500","160600","160700","158600","158500","158400","158300","158200","158100","158000","157800","157600","157500","1","39","2","24","14","44","68","10","533","39","7","181","9","2","6","32","101","48","148","20","774","554","0","0","0","0","0","-160600","5","-100.00","1176","-10","0","0","0","","0","0","0","","",""
"080041","0001","0","159100","159500","159600","159700","159800","160300","160400","160500","160600","160700","158600","158500","158400","158300","158200","158100","158000","157800","157600","157500","1","39","2","24","14","44","68","10","533","39","7","181","9","2","7","32","101","48","148","20","774","555","0","0","0","0","0","-160600","5","-100.00","1176","0","1","0","0","","0","0","0","","",""
"080041","0002","0","159100","159500","159600","159700","159800","160300","160400","160500","160600","160700","158600","158500","158400","158300","158200","158100","158000","157800","157600","157500","1","39","2","24","14","44","68","10","533","39","7","181","9","2","7","32","101","48","148","22","774","557","0","0","0","0","0","-160600","5","-100.00","1176","0","2","0","0","","0","0","0","","",""
"080041","0003","0","159100","159500","159600","159700","159800","160300","160400","160500","160600","160700","158600","158500","158400","158300","158200","158100","158000","157800","157600","157500","4","39","2","24","14","44","68","10","533","39","7","181","9","2","7","32","101","48","148","22","777","557","0","0","0","0","0","-160600","5","-100.00","1176","3","0","0","0","","0","0","0","","",""
"080042","0000","0","159100","159500","159600","159700","159800","160200","160300","160400","160500","160600","158600","158500","158400","158300","158200","158100","158000","157800","157600","157500","245","39","2","24","14","30","44","68","10","503","7","181","9","2","7","32","101","48","148","22","979","557","0","0","0","0","0","-160600","5","-100.00","1176","202","0","0","0","","0","0","0","","",""
"080042","0001","0","158700","159100","159500","159600","159700","159800","160200","160300","160400","160500","158600","158500","158400","158300","158200","158100","158000","157800","157600","157500","240","4","39","2","24","14","30","44","68","10","10","181","9","2","7","32","101","48","148","22","475","560","0","0","0","0","0","-160600","5","-100.00","1177","-504","3","0","0","","0","0","0","","",""
"080042","0002","0","158600","159000","159100","159500","159600","159700","159800","160200","160300","160400","158500","158400","158300","158200","158100","158000","157800","157600","157500","157400","228","1","4","38","2","24","14","30","45","69","181","9","2","7","32","101","48","148","22","18","455","568","0","0","0","0","0","-160600","5","-100.00","1189","-20","8","0","0","","0","0","0","","",""
"080043","0000","0","158600","159000","159100","159500","159600","159700","159800","160200","160300","160400","158500","158400","158300","158200","158100","158000","157800","157600","157500","157400","226","9","4","30","2","24","14","30","45","69","181","9","2","7","32","101","48","148","22","18","453","568","0","0","0","0","0","-160600","5","-100.00","1191","-2","0","0","0","","0","0","0","","",""
"080043","0001","0","158600","159000","159100","159500","159600","159700","159800","160200","160300","160400","158500","158400","158300","158200","158100","158000","157800","157600","157500","157400","222","9","4","30","2","24","14","30","45","69","181","9","2","7","32","101","48","148","22","18","449","568","0","0","0","0","0","-160600","5","-100.00","1195","-4","0","0","0","","0","0","0","","",""
"080043","0002","0","158600","159000","159100","159500","159600","159700","159800","160200","160300","160400","158500","158400","158300","158200","158100","158000","157800","157600","157500","157400","226","9","4","30","2","24","14","30","45","69","181","9","2","7","32","101","48","148","22","18","453","568","0","0","0","0","0","-160600","5","-100.00","1195","4","0","0","0","","0","0","0","","",""
"080044","0000","0","158600","159000","159100","159500","159600","159700","159800","160200","160300","160400","158500","158400","158300","158200","158100","158000","157800","157600","157500","157400","226","9","4","30","2","24","14","30","45","69","181","11","2","27","32","101","48","148","22","18","453","590","0","0","0","0","0","-160600","5","-100.00","1195","0","22","0","0","","0","0","0","","",""
"080044","0001","0","158600","159000","159100","159500","159600","159700","159800","160200","160300","160400","158500","158400","158300","158200","158100","158000","157800","157600","157500","157400","222","9","4","30","2","24","14","30","45","69","182","11","2","27","32","101","48","148","22","18","449","591","0","0","0","0","0","-160600","5","-100.00","1199","-4","1","0","0","","0","0","0","","",""
"080044","0002","0","158600","159000","159100","159500","159600","159700","159800","160200","160300","160400","158500","158400","158300","158200","158100","158000","157800","157600","157500","157400","199","9","4","30","2","24","14","30","45","69","182","11","2","27","32","101","48","148","372","18","426","941","0","0","0","0","0","-160600","5","-100.00","1229","-23","350","0","0","","0","0","0","","",""
"080045","0000","0","158600","159000","159100","159500","159600","159700","159800","160200","160300","160400","158500","158400","158300","158200","158100","158000","157800","157600","157500","157400","186","9","4","30","2","24","14","30","45","69","182","11","2","27","32","101","48","148","372","18","413","941","0","0","0","0","0","-160600","5","-100.00","1242","-13","0","0","0","","0","0","0","","",""
"080045","0001","0","158600","159000","159100","159500","159600","159700","159800","160200","160300","160400","158500","158400","158300","158200","158100","158000","157800","157600","157500","157400","186","9","4","30","2","24","14","30","45","69","183","11","2","27","32","101","48","148","372","18","413","942","0","0","0","0","0","-160600","5","-100.00","1242","0","1","0","0","","0","0","0","","",""
"080045","0002","0","158600","159000","159100","159500","159600","159700","159800","160200","160300","160400","158500","158400","158300","158200","158100","158000","157800","157600","157500","157400","427","9","4","30","2","24","14","30","45","69","183","11","2","27","32","102","54","148","372","18","654","949","0","0","0","0","0","-160600","5","-100.00","1242","241","7","0","0","","0","0","0","","",""
"080046","0000","0","158200","158500","158600","159000","159100","159500","159600","159700","159800","160200","158100","158000","157800","157600","157500","157400","157300","157200","157100","157000","13","112","11","9","4","30","2","24","14","30","32","102","54","148","372","18","22","4","24","1319","249","2095","0","0","0","0","0","-160600","5","-100.00","1647","-405","1146","0","0","","0","0","0","","",""
"080046","0001","0","158600","159000","159100","159500","159600","159700","159800","160200","160300","160400","158000","157800","157600","157500","157400","157300","157200","157100","157000","156900","11","9","4","30","2","24","14","30","45","69","102","54","148","372","18","22","4","24","1319","302","238","2365","0","0","0","0","0","-160600","5","-100.00","1746","-11","270","0","0","","0","0","0","","",""
"080047","0000","0","159000","159100","159500","159600","159700","159800","160200","160300","160400","160500","158000","157800","157600","157500","157400","157300","157200","157100","157000","156900","9","4","30","2","24","14","30","45","69","41","102","54","148","372","18","22","4","24","1319","302","268","2365","0","0","0","0","0","-160600","5","-100.00","1757","30","0","0","0","","0","0","0","","",""
"080047","0001","0","159000","159100","159500","159600","159700","159800","160200","160300","160400","160500","158600","158000","157800","157600","157500","157400","157300","157200","157100","157000","14","4","30","2","24","14","30","45","69","41","3","102","54","148","372","18","22","4","24","1319","273","2066","0","0","0","0","0","-160600","5","-100.00","1758","5","-299","0","0","","0","0","0","","",""
"080047","0002","0","158900","159000","159100","159500","159600","159700","159800","160200","160300","160400","158600","158000","157800","157600","157500","157400","157300","157200","157100","157000","20","14","4","30","2","24","14","30","45","69","4","102","54","148","372","18","22","4","24","1319","252","2067","0","0","0","0","0","-160600","5","-100.00","1758","-21","1","0","0","","0","0","0","","",""
"080048","0000","0","158900","159000","159100","159500","159600","159700","159800","160200","160300","160400","158600","158000","157800","157600","157500","157400","157300","157200","157100","157000","20","14","4","30","2","24","14","30","45","69","4","103","54","148","372","18","22","4","24","1319","252","2068","0","0","0","0","0","-160600","5","-100.00","1758","0","1","0","0","","0","0","0","","",""
"080049","0000","0","158900","159000","159100","159500","159600","159700","159800","160200","160300","160400","158000","157800","157600","157500","157400","157300","157200","157100","157000","156900","20","8","4","30","2","24","14","30","45","69","5","150","148","372","18","22","4","24","1319","302","246","2364","0","0","0","0","0","-160600","5","-100.00","2002","-6","296","0","0","","0","0","0","","",""
"080049","0001","0","158000","158900","159000","159100","159500","159600","159700","159800","160200","160300","157800","157600","157500","157400","157300","157200","157100","157000","156900","156800","37","20","8","4","30","2","24","14","30","45","150","148","372","18","22","4","24","1319","302","1","214","2360","0","0","0","0","0","-160600","5","-100.00","2013","-32","-4","0","0","","0","0","0","","",""
"080050","0000","0","158000","158900","159000","159100","159500","159600","159700","159800","160200","160300","157800","157600","157500","157400","157300","157200","157100","157000","156900","156800","37","20","8","4","30","2","24","14","30","45","150","148","392","18","22","4","24","1329","302","1","214","2390","0","0","0","0","0","-160600","5","-100.00","2013","0","30","0","0","","0","0","0","","",""
"080050","0001","0","158900","159000","159100","159500","159600","159700","159800","160200","160300","160400","158600","158000","157800","157600","157500","157400","157300","157200","157100","157000","20","8","4","30","2","24","14","30","45","69","1","12","150","148","392","18","22","4","24","1329","246","2100","0","0","0","0","0","-160600","5","-100.00","2050","32","-290","0","0","","0","0","0","","",""
"080050","0002","0","158900","159000","159100","159500","159600","159700","159800","160200","160300","160400","158600","158400","158100","158000","157800","157600","157500","157400","157300","157200","20","8","4","30","2","24","14","30","45","69","1","30","50","12","150","148","392","18","23","4","246","828","0","0","0","0","0","-160600","5","-100.00","2050","0","-1272","0","0","","0","0","0","","",""
"080050","0003","0","158900","159000","159100","159500","159600","159700","159800","160200","160300","160400","158400","158100","158000","157800","157600","157500","157400","157300","157200","157100","20","8","4","30","2","24","14","30","45","69","21","50","12","150","149","392","18","23","4","24","246","843","0","0","0","0","0","-160600","5","-100.00","2060","0","15","0","0","","0","0","0","","",""
"080051","0000","0","158900","159000","159100","159500","159600","159700","159800","160200","160300","160400","158400","158100","158000","157800","157600","157500","157400","157300","157200","157100","20","8","4","30","2","24","14","30","45","69","21","51","12","150","149","392","18","23","4","24","246","844","0","0","0","0","0","-160600","5","-100.00","2060","0","1","0","0","","0","0","0","","",""
"080052","0000","0","158900","159000","159100","159500","159600","159700","159800","160200","160300","160400","158400","158100","158000","157800","157600","157500","157400","157300","157200","157100","20","8","4","30","2","24","14","30","45","69","21","51","12","150","149","392","19","23","4","24","246","845","0","0","0","0","0","-160600","5","-100.00","2060","0","1","0","0","","0","0","0","","",""
"080052","0001","0","158900","159000","159100","159500","159600","159700","159800","160200","160300","160400","158400","158100","158000","157800","157600","157500","157400","157300","157200","157100","20","8","4","30","2","24","14","30","45","69","22","91","12","150","149","392","19","24","4","24","246","887","0","0","0","0","0","-160600","5","-100.00","2060","0","42","0","0","","0","0","0","","",""
"080053","0000","0","158900","159000","159100","159500","159600","159700","159800","160200","160300","160400","158500","158400","158100","158000","157800","157600","157500","157400","157300","157200","20","8","4","30","2","24","14","30","45","69","1","22","91","12","150","149","392","19","24","4","246","864","0","0","0","0","0","-160600","5","-100.00","2060","0","-23","0","0","","0","0","0","","",""
"080053","0001","0","158600","158900","159000","159100","159500","159600","159700","159800","160200","160300","158500","158400","158100","158000","157800","157600","157500","157400","157300","157200","239","20","8","4","30","2","24","14","30","45","1","22","91","12","150","149","392","19","24","4","416","864","0","0","0","0","0","-160600","5","-100.00","2062","170","0","0","0","","0","0","0","","",""
"080053","0002","0","158500","158900","159000","159100","159500","159600","159700","159800","160200","160300","158400","158100","158000","157800","157600","157500","157400","157300","157200","157100","238","20","8","4","30","2","24","14","30","45","22","92","12","150","149","392","19","24","4","24","415","888","0","0","0","0","0","-160600","5","-100.00","2063","-1","24","0","0","","0","0","0","","",""
"080054","0000","0","158900","159000","159100","159500","159600","159700","159800","160200","160300","160400","158100","158000","157800","157600","157500","157400","157300","157200","157100","157000","20","8","4","30","2","24","14","30","45","69","92","12","150","149","392","19","24","4","24","1629","246","2495","0","0","0","0","0","-160600","5","-100.00","2301","-169","1607","0","0","","0","0","0","","",""
"080054","0001","0","158900","159000","159100","159500","159600","159700","159800","160200","160300","160400","158100","158000","157800","157600","157500","157400","157300","157200","157100","157000","20","8","4","30","2","24","14","30","45","69","92","12","151","149","392","19","24","5","24","1629","246","2497","0","0","0","0","0","-160600","5","-100.00","2301","0","2","0","0","","0","0","0","","",""
"080054","0002","0","158900","159000","159100","159500","159600","159700","159800","160200","160300","160400","158100","158000","157800","157600","157500","157400","157300","157200","157100","157000","20","8","4","30","2","24","14","30","45","69","93","12","151","149","392","19","24","5","24","1629","246","2498","0","0","0","0","0","-160600","5","-100.00","2301","0","1","0","0","","0","0","0","","",""
"080054","0003","0","158300","158900","159000","159100","159500","159600","159700","159800","160200","160300","158100","158000","157800","157600","157500","157400","157300","157200","157100","157000","40","20","108","4","30","2","24","14","30","45","93","13","151","149","392","19","24","5","24","1629","317","2499","0","0","0","0","0","-160600","5","-100.00","2311","71","1","0","0","","0","0","0","","",""
"080055","0000","0","158300","158900","159000","159100","159500","159600","159700","159800","160200","160300","158100","158000","157800","157600","157500","157400","157300","157200","157100","157000","40","20","108","4","30","2","24","14","30","45","143","13","151","149","392","19","24","5","24","1629","317","2549","0","0","0","0","0","-160600","5","-100.00","2311","0","50","0","0","","0","0","0","","",""
"080055","0001","0","158300","158400","158900","159000","159100","159500","159600","159700","159800","160200","158100","158000","157800","157600","157500","157400","157300","157200","157100","157000","40","5","20","108","4","30","2","24","14","30","143","13","151","149","392","19","24","5","44","1629","277","2569","0","0","0","0","0","-160600","5","-100.00","2311","-40","20","0","0","","0","0","0","","",""
"080055","0002","0","158300","158400","158900","159000","159100","159500","159600","159700","159800","160200","158100","158000","157800","157600","157500","157400","157300","157200","157100","157000","40","5","20","108","4","30","2","24","14","30","143","13","151","149","393","19","24","5","44","1629","277","2570","0","0","0","0","0","-160600","5","-100.00","2311","0","1","0","0","","0","0","0","","",""
"080056","0000","0","158300","158400","158900","159000","159100","159500","159600","159700","159800","160200","158100","158000","157800","157600","157500","157400","157300","157200","157100","157000","38","5","20","108","4","30","2","24","14","30","143","13","151","151","393","19","24","5","44","1629","275","2572","0","0","0","0","0","-160600","5","-100.00","2313","-2","2","0","0","","0","0","0","","",""
"080056","0001","0","158300","158400","158900","159000","159100","159500","159600","159700","159800","160200","158200","158100","158000","157800","157600","157500","157400","157300","157200","157100","38","5","20","108","4","30","2","24","14","30","1","143","19","154","151","393","19","24","5","44","275","953","0","0","0","0","0","-160600","5","-100.00","2313","0","-1619","0","0","","0","0","0","","",""
"080056","0002","0","158300","158400","158900","159000","159100","159500","159600","159700","159800","160200","158200","158100","158000","157800","157600","157500","157400","157300","157200","157100","38","5","20","108","4","30","2","24","14","30","1","143","69","154","151","393","19","24","5","44","275","1003","0","0","0","0","0","-160600","5","-100.00","2313","0","50","0","0","","0","0","0","","",""
"080056","0003","0","158200","158300","158400","158900","159000","159100","159500","159600","159700","159800","158100","158000","157800","157600","157500","157400","157300","157200","157100","157000","2","38","5","20","108","4","30","2","24","14","143","69","154","151","393","19","24","5","44","1629","247","2631","0","0","0","0","0","-160600","5","-100.00","2314","-28","1628","0","0","","0","0","0","","",""
"080057","0000","0","158300","158400","158900","159000","159100","159500","159600","159700","159800","160200","158100","158000","157800","157700","157600","157500","157400","157300","157200","157100","30","5","20","108","4","30","2","24","14","30","143","69","154","1","151","393","19","24","5","44","267","1003","0","0","0","0","0","-160600","5","-100.00","2324","20","-1628","0","0","","0","0","0","","",""
"080057","0001","0","158300","158400","158900","159000","159100","159500","159600","159700","159800","160200","158100","158000","157800","157700","157600","157500","157400","157300","157200","157100","20","5","20","108","4","30","2","24","14","30","143","69","154","1","151","393","19","24","5","44","257","1003","0","0","0","0","0","-160600","5","-100.00","2334","-10","0","0","0","","0","0","0","","",""
"080057","0002","0","158300","158400","158900","159000","159100","159500","159600","159700","159800","160200","158100","158000","157800","157700","157600","157500","157400","157300","157200","157100","20","5","20","108","4","30","2","24","14","30","143","69","254","1","151","393","19","24","5","44","257","1103","0","0","0","0","0","-160600","5","-100.00","2334","0","100","0","0","","0","0","0","","",""
"080058","0000","0","158300","158400","158900","159000","159100","159500","159600","159700","159800","160200","158200","158100","158000","157800","157700","157600","157500","157400","157300","157200","20","5","20","108","4","30","2","24","14","30","1","143","72","255","1","151","393","19","24","5","257","1064","0","0","0","0","0","-160600","5","-100.00","2579","0","-39","0","0","","0","0","0","","",""
"080058","0001","0","158300","158400","158900","159000","159100","159500","159600","159700","159800","160200","158200","158100","158000","157800","157700","157600","157500","157400","157300","157200","20","5","20","108","4","30","2","24","14","30","1","175","72","256","1","151","393","19","24","5","257","1097","0","0","0","0","0","-160600","5","-100.00","2579","0","33","0","0","","0","0","0","","",""
"080058","0002","0","158400","158900","159000","159100","159500","159600","159700","159800","160200","160300","158100","158000","157800","157700","157600","157500","157400","157300","157200","157100","5","20","108","4","30","2","24","14","30","45","129","113","256","1","151","393","19","24","5","44","282","1135","0","0","0","0","0","-160600","5","-100.00","2648","25","38","0","0","","0","0","0","","",""
"080059","0000","0","158400","158900","159000","159100","159500","159600","159700","159800","160200","160300","158100","158000","157800","157700","157600","157500","157400","157300","157200","157100","5","20","108","4","30","2","24","14","30","45","129","113","256","1","152","393","19","24","5","44","282","1136","0","0","0","0","0","-160600","5","-100.00","2648","0","1","0","0","","0","0","0","","",""
"080059","0001","0","158900","159000","159100","159500","159600","159700","159800","160200","160300","160400","158400","158100","158000","157800","157700","157600","157500","157400","157300","157200","20","108","4","30","2","24","14","30","45","69","41","129","113","258","1","152","393","19","24","5","346","1135","0","0","0","0","0","-160600","5","-100.00","2653","64","-1","0","0","","0","0","0","","",""
"080059","0002","0","158900","159000","159100","159500","159600","159700","159800","160200","160300","160400","158400","158200","158100","158000","157800","157700","157600","157500","157400","157300","20","108","4","30","2","24","14","30","45","69","26","2","129","113","258","1","152","393","19","24","346","1117","0","0","0","0","0","-160600","5","-100.00","2668","0","-18","0","0","","0","0","0","","",""
"080100","0000","0","158400","158900","159000","159100","159500","159600","159700","159800","160200","160300","158300","158100","158000","157800","157700","157600","157500","157400","157300","157200","15","20","8","4","30","2","24","14","30","45","5","129","113","258","1","152","393","19","24","5","192","1099","0","0","0","0","0","-160600","5","-100.00","2768","-154","-18","0","0","","0","0","0","","",""
"080100","0001","0","158400","158900","159000","159100","159500","159600","159700","159800","160200","160300","158300","158100","158000","157800","157700","157600","157500","157400","157300","157200","15","20","8","4","30","2","24","14","30","45","5","129","113","258","1","152","398","19","24","5","192","1104","0","0","0","0","0","-160600","5","-100.00","2768","0","5","0","0","","0","0","0","","",""
"080100","0002","0","158400","158900","159000","159100","159500","159600","159700","159800","160200","160300","158100","158000","157900","157800","157700","157600","157500","157400","157300","157200","15","20","8","4","30","2","24","14","30","45","111","113","20","258","1","152","398","19","24","5","192","1101","0","0","0","0","0","-160600","5","-100.00","2791","0","-3","0","0","","0","0","0","","",""
"080101","0000","0","158400","158900","159000","159100","159500","159600","159700","159800","160200","160300","158300","158100","158000","157900","157800","157700","157600","157500","157400","157300","15","20","8","4","30","2","24","14","30","45","5","111","113","20","258","1","152","398","19","24","192","1101","0","0","0","0","0","-160600","5","-100.00","2791","0","0","0","0","","0","0","0","","",""
"080101","0001","0","158400","158900","159000","159100","159500","159600","159700","159800","160200","160300","158300","158200","158100","158000","157900","157800","157700","157600","157500","157400","15","20","8","4","30","2","24","14","30","45","5","2","111","113","20","264","1","152","398","19","192","1085","0","0","0","0","0","-160600","5","-100.00","2791","0","-16","0","0","","0","0","0","","",""
"080101","0002","0","158400","158900","159000","159100","159500","159600","159700","159800","160200","160300","158300","158200","158100","158000","157900","157800","157700","157600","157500","157400","15","20","8","4","30","2","24","14","30","45","1","2","113","113","20","264","1","152","398","19","192","1083","0","0","0","0","0","-160600","5","-100.00","2795","0","-2","0","0","","0","0","0","","",""
"080102","0000","0","158400","158900","159000","159100","159500","159600","159700","159800","160200","160300","158300","158200","158100","158000","157900","157800","157700","157600","157500","157400","15","20","8","4","30","2","24","14","30","45","1","2","113","220","20","264","1","152","408","19","192","1200","0","0","0","0","0","-160600","5","-100.00","2795","0","117","0","0","","0","0","0","","",""
"080102","0001","0","158400","158900","159000","159100","159500","159600","159700","159800","160200","160300","158300","158200","158100","158000","157900","157800","157700","157600","157500","157400","15","20","8","4","30","2","24","14","30","45","1","32","113","220","20","264","1","152","408","19","192","1230","0","0","0","0","0","-160600","5","-100.00","2795","0","30","0","0","","0","0","0","","",""
"080102","0002","0","158400","158900","159000","159100","159500","159600","159700","159800","160200","160300","158300","158200","158100","158000","157900","157800","157700","157600","157500","157400","14","20","8","4","30","2","24","14","30","45","1","33","113","220","20","264","1","152","408","19","191","1231","0","0","0","0","0","-160600","5","-100.00","2796","-1","1","0","0","","0","0","0","","",""
"080102","0003","0","158400","158900","159000","159100","159500","159600","159700","159800","160200","160300","158200","158100","158000","157900","157800","157700","157600","157500","157400","157300","14","20","8","4","30","2","24","14","30","45","1","118","221","20","364","1","152","408","19","24","191","1328","0","0","0","0","0","-160600","5","-100.00","3078","0","97","0","0","","0","0","0","","",""
"080103","0000","0","158400","158900","159000","159100","159500","159600","159700","159800","160200","160300","158300","158200","158100","158000","157900","157800","157700","157600","157500","157400","14","20","8","4","30","2","24","14","30","45","6","1","118","220","20","364","1","152","408","19","191","1309","0","0","0","0","0","-160600","5","-100.00","3078","0","-19","0","0","","0","0","0","","",""
"080103","0001","0","158400","158900","159000","159100","159500","159600","159700","159800","160200","160300","158300","158200","158100","158000","157900","157800","157700","157600","157500","157400","14","20","8","4","30","2","24","14","30","45","6","6","118","320","51","365","1","152","408","19","191","1446","0","0","0","0","0","-160600","5","-100.00","3078","0","137","0","0","","0","0","0","","",""
"080103","0002","0","158400","158900","159000","159100","159500","159600","159700","159800","160200","160300","158200","158100","158000","157900","157800","157700","157600","157500","157400","157300","14","20","8","4","30","2","24","14","30","45","5","118","320","51","405","1","152","408","19","24","191","1503","0","0","0","0","0","-160600","5","-100.00","3095","0","57","0","0","","0","0","0","","",""
"080104","0000","0","158400","158900","159000","159100","159500","159600","159700","159800","160200","160300","158200","158100","158000","157900","157800","157700","157600","157500","157400","157300","14","20","8","4","30","2","24","14","30","45","5","118","320","51","405","1","164","408","19","24","191","1515","0","0","0","0","0","-160600","5","-100.00","3095","0","12","0","0","","0","0","0","","",""
"080104","0001","0","158400","158900","159000","159100","159500","159600","159700","159800","160200","160300","158200","158100","158000","157900","157800","157700","157600","157500","157400","157300","14","20","8","4","30","2","24","14","30","45","2","418","325","51","405","1","164","408","19","24","191","1817","0","0","0","0","0","-160600","5","-100.00","3098","0","302","0","0","","0","0","0","","",""
"080105","0000","0","158400","158900","159000","159100","159500","159600","159700","159800","160200","160300","158200","158100","158000","157900","157800","157700","157600","157500","157400","157300","14","20","8","4","30","2","24","14","30","45","2","418","325","51","405","1","164","408","19","24","191","1817","0","0","0","0","0","-160600","5","-100.00","3098","0","0","0","0","","0","0","0","","",""
"080105","0001","0","158400","158900","159000","159100","159500","159600","159700","159800","160200","160300","158300","158200","158100","158000","157900","157800","157700","157600","157500","157400","14","20","8","4","30","2","24","14","30","45","10","2","418","325","51","405","1","164","408","19","191","1803","0","0","0","0","0","-160600","5","-100.00","3098","0","-14","0","0","","0","0","0","","",""
"080105","0002","0","158400","158900","159000","159100","159500","159600","159700","159800","160200","160300","158300","158200","158100","158000","157900","157800","157700","157600","157500","157400","14","20","8","4","30","2","24","14","30","45","10","302","420","325","51","405","1","164","408","19","191","2105","0","0","0","0","0","-160600","5","-100.00","3098","0","302","0","0","","0","0","0","","",""
"080105","0003","0","158900","159000","159100","159500","159600","159700","159800","160200","160300","160400","158300","158200","158100","158000","157900","157800","157700","157600","157500","157400","20","8","4","30","2","24","14","30","45","69","16","302","422","325","51","406","1","164","408","19","246","2114","0","0","0","0","0","-160600","5","-100.00","3112","55","9","0","0","","0","0","0","","",""
"080106","0000","0","158900","159000","159100","159500","159600","159700","159800","160200","160300","160400","158300","158200","158100","158000","157900","157800","157700","157600","157500","157400","20","8","4","30","2","24","14","30","45","69","16","302","422","327","51","407","1","164","408","19","246","2117","0","0","0","0","0","-160600","5","-100.00","3112","0","3","0","0","","0","0","0","","",""
"080106","0001","0","158900","159000","159100","159500","159600","159700","159800","160200","160300","160400","158300","158200","158100","158000","157900","157800","157700","157600","157500","157400","20","8","4","30","2","24","14","30","45","69","16","304","422","327","51","407","1","164","408","19","246","2119","0","0","0","0","0","-160600","5","-100.00","3112","0","2","0","0","","0","0","0","","",""
"080106","0002","0","158900","159000","159100","159500","159600","159700","159800","160200","160300","160400","158300","158200","158100","158000","157900","157800","157700","157600","157500","157400","20","8","4","30","2","24","14","30","45","69","16","304","422","334","51","407","1","164","412","19","246","2130","0","0","0","0","0","-160600","5","-100.00","3112","0","11","0","0","","0","0","0","","",""
"080106","0003","0","158900","159000","159100","159500","159600","159700","159800","160200","160300","160400","158300","158200","158100","158000","157900","157800","157700","157600","157500","157400","20","8","4","30","2","24","14","30","45","69","10","304","422","334","52","407","2","164","412","19","246","2126","0","0","0","0","0","-160600","5","-100.00","3118","0","-4","0","0","","0","0","0","","",""
"080107","0000","0","158900","159000","159100","159500","159600","159700","159800","160200","160300","160400","158300","158200","158100","158000","157900","157800","157700","157600","157500","157400","20","8","4","30","2","24","14","30","45","69","10","414","422","334","52","407","2","164","412","19","246","2236","0","0","0","0","0","-160600","5","-100.00","3118","0","110","0","0","","0","0","0","","",""
"080107","0001","0","158900","159000","159100","159500","159600","159700","159800","160200","160300","160400","158300","158200","158100","158000","157900","157800","157700","157600","157500","157400","20","8","4","30","2","24","14","30","45","69","15","419","426","334","52","407","2","164","412","19","246","2250","0","0","0","0","0","-160600","5","-100.00","3118","0","14","0","0","","0","0","0","","",""
"080108","0000","0","158900","159000","159100","159500","159600","159700","159800","160200","160300","160400","158300","158200","158100","158000","157900","157800","157700","157600","157500","157400","10","8","4","30","2","24","14","30","45","69","35","419","426","334","52","408","2","164","412","19","236","2271","0","0","0","0","0","-160600","5","-100.00","3128","-10","21","0","0","","0","0","0","","",""
"080108","0001","0","158900","159000","159100","159500","159600","159700","159800","160200","160300","160400","158300","158200","158100","158000","157900","157800","157700","157600","157500","157400","10","8","4","30","2","24","14","30","45","69","41","419","426","334","52","408","2","164","412","19","236","2277","0","0","0","0","0","-160600","5","-100.00","3128","0","6","0","0","","0","0","0","","",""
"080108","0002","0","158800","158900","159000","159100","159500","159600","159700","159800","160200","160300","158300","158200","158100","158000","157900","157800","157700","157600","157500","157400","4","10","8","4","30","2","24","14","30","45","42","419","446","335","52","408","2","164","412","19","171","2299","0","0","0","0","0","-160600","5","-100.00","3128","-65","22","0","0","","0","0","0","","",""
"080109","0000","0","158800","158900","159000","159100","159500","159600","159700","159800","160200","160300","158300","158200","158100","158000","157900","157800","157700","157600","157500","157400","4","10","8","4","30","2","24","14","30","45","44","420","447","335","52","408","2","164","412","19","171","2303","0","0","0","0","0","-160600","5","-100.00","3128","0","4","0","0","","0","0","0","","",""
"080109","0001","0","158800","158900","159000","159100","159500","159600","159700","159800","160200","160300","158300","158200","158100","158000","157900","157800","157700","157600","157500","157400","4","10","8","4","30","2","24","14","30","45","244","422","447","347","52","408","47","164","412","19","171","2562","0","0","0","0","0","-160600","5","-100.00","3128","0","259","0","0","","0","0","0","","",""
"080109","0002","0","158800","158900","159000","159100","159500","159600","159700","159800","160200","160300","158300","158200","158100","158000","157900","157800","157700","157600","157500","157400","4","10","8","4","30","2","24","14","30","45","245","422","447","347","52","408","47","164","412","19","171","2563","0","0","0","0","0","-160600","5","-100.00","3128","0","1","0","0","","0","0","0","","",""
"080110","0000","0","158800","158900","159000","159100","159500","159600","159700","159800","160200","160300","158300","158200","158100","158000","157900","157800","157700","157600","157500","157400","4","10","8","4","30","2","24","14","30","45","248","422","447","347","52","408","47","164","412","19","171","2566","0","0","0","0","0","-160600","5","-100.00","3128","0","3","0","0","","0","0","0","","",""
"080111","0000","0","158800","158900","159000","159100","159500","159600","159700","159800","160200","160300","158300","158200","158100","158000","157900","157800","157700","157600","157500","157400","4","10","8","4","30","2","24","14","30","45","248","422","447","347","52","416","47","164","412","19","171","2574","0","0","0","0","0","-160600","5","-100.00","3128","0","8","0","0","","0","0","0","","",""
"080111","0001","0","158800","158900","159000","159100","159500","159600","159700","159800","160200","160300","158300","158200","158100","158000","157900","157800","157700","157600","157500","157400","4","10","8","4","30","2","24","14","30","45","248","422","447","348","52","416","47","164","412","19","171","2575","0","0","0","0","0","-160600","5","-100.00","3128","0","1","0","0","","0","0","0","","",""
"080111","0002","0","158800","158900","159000","159100","159500","159600","159700","159800","160200","160300","158300","158200","158100","158000","157900","157800","157700","157600","157500","157400","4","10","8","4","30","2","24","14","30","45","248","422","447","348","52","417","47","164","412","20","171","2577","0","0","0","0","0","-160600","5","-100.00","3128","0","2","0","0","","0","0","0","","",""
"080111","0003","0","158800","158900","159000","159100","159500","159600","159700","159800","160200","160300","158300","158200","158100","158000","157900","157800","157700","157600","157500","157400","4","10","8","4","30","2","24","14","30","45","259","423","447","348","52","417","47","164","412","20","171","2589","0","0","0","0","0","-160600","5","-100.00","3128","0","12","0","0","","0","0","0","","",""
"080112","0000","0","158800","158900","159000","159100","159500","159600","159700","159800","160200","160300","158300","158200","158100","158000","157900","157800","157700","157600","157500","157400","4","10","8","4","30","2","24","14","30","45","259","423","448","350","52","417","47","164","412","25","171","2597","0","0","0","0","0","-160600","5","-100.00","3128","0","8","0","0","","0","0","0","","",""
"080112","0001","0","158800","158900","159000","159100","159500","159600","159700","159800","160200","160300","158300","158200","158100","158000","157900","157800","157700","157600","157500","157400","4","10","8","4","30","2","24","14","30","45","259","423","548","350","52","417","47","164","412","25","171","2697","0","0","0","0","0","-160600","5","-100.00","3128","0","100","0","0","","0","0","0","","",""
"080112","0002","0","158800","158900","159000","159100","159500","159600","159700","159800","160200","160300","158300","158200","158100","158000","157900","157800","157700","157600","157500","157400","4","10","8","4","30","2","24","14","30","45","259","423","548","350","52","417","47","204","412","25","171","2737","0","0","0","0","0","-160600","5","-100.00","3128","0","40","0","0","","0","0","0","","",""
"080112","0003","0","158900","159000","159100","159500","159600","159700","159800","160200","160300","160400","158300","158200","158100","158000","157900","157800","157700","157600","157500","157400","8","8","4","30","2","24","14","30","45","69","259","424","547","350","52","417","47","204","412","25","234","2737","0","0","0","0","0","-160600","5","-100.00","3134","63","0","0","0","","0","0","0","","",""
"080113","0000","0","158900","159000","159100","159500","159600","159700","159800","160200","160300","160400","158300","158200","158100","158000","157900","157800","157700","157600","157500","157400","8","8","4","30","2","24","14","30","45","69","269","426","547","350","52","417","47","204","412","25","234","2749","0","0","0","0","0","-160600","5","-100.00","3134","0","12","0","0","","0","0","0","","",""
"080113","0001","0","158900","159000","159100","159500","159600","159700","159800","160200","160300","160400","158300","158200","158100","158000","157900","157800","157700","157600","157500","157400","8","8","4","30","2","24","14","30","45","69","269","426","597","350","52","417","47","204","412","25","234","2799","0","0","0","0","0","-160600","5","-100.00","3134","0","50","0","0","","0","0","0","","",""
"080113","0002","0","158900","159000","159100","159500","159600","159700","159800","160200","160300","160400","158300","158200","158100","158000","157900","157800","157700","157600","157500","157400","8","8","4","30","2","24","14","30","45","69","269","426","598","350","52","417","47","204","412","25","234","2800","0","0","0","0","0","-160600","5","-100.00","3134","0","1","0","0","","0","0","0","","",""
"080114","0000","0","158900","159000","159100","159500","159600","159700","159800","160200","160300","160400","158300","158200","158100","158000","157900","157800","157700","157600","157500","157400","8","8","4","30","2","24","14","30","45","69","269","426","598","350","123","417","47","204","412","25","234","2871","0","0","0","0","0","-160600","5","-100.00","3134","0","71","0","0","","0","0","0","","",""
"080114","0001","0","158900","159000","159100","159500","159600","159700","159800","160200","160300","160400","158400","158300","158200","158100","158000","157900","157800","157700","157600","157500","8","8","4","30","2","24","14","30","45","69","20","269","426","598","350","123","417","47","204","412","234","2866","0","0","0","0","0","-160600","5","-100.00","3134","0","-5","0","0","","0","0","0","","",""
"080114","0002","0","158900","159000","159100","159500","159600","159700","159800","160200","160300","160400","158400","158300","158200","158100","158000","157900","157800","157700","157600","157500","8","8","4","30","2","24","14","30","45","69","20","269","426","698","350","123","417","47","204","412","234","2966","0","0","0","0","0","-160600","5","-100.00","3134","0","100","0","0","","0","0","0","","",""
"080115","0000","0","158900","159000","159100","159500","159600","159700","159800","160200","160300","160400","158400","158300","158200","158100","158000","157900","157800","157700","157600","157500","8","8","4","30","2","24","14","30","45","69","20","269","426","698","350","123","467","47","204","412","234","3016","0","0","0","0","0","-160600","5","-100.00","3134","0","50","0","0","","0","0","0","","",""
"080115","0001","0","158900","159000","159100","159500","159600","159700","159800","160200","160300","160400","158400","158300","158200","158100","158000","157900","157800","157700","157600","157500","8","8","4","30","2","24","14","30","45","69","20","269","426","698","350","124","467","47","204","412","234","3017","0","0","0","0","0","-160600","5","-100.00","3134","0","1","0","0","","0","0","0","","",""
"080115","0002","0","158900","159000","159100","159500","159600","159700","159800","160200","160300","160400","158400","158300","158200","158100","158000","157900","157800","157700","157600","157500","8","8","4","30","2","24","14","30","45","69","20","272","426","699","350","124","467","47","204","412","234","3021","0","0","0","0","0","-160600","5","-100.00","3134","0","4","0","0","","0","0","0","","",""
"080115","0003","0","159000","159100","159500","159600","159700","159800","160200","160300","160400","160500","158400","158300","158200","158100","158000","157900","157800","157700","157600","157500","8","4","30","2","24","14","30","45","69","41","20","272","426","699","350","124","467","47","204","452","267","3061","0","0","0","0","0","-160600","5","-100.00","3142","33","40","0","0","","0","0","0","","",""
"080116","0000","0","159000","159100","159500","159600","159700","159800","160200","160300","160400","160500","158500","158400","158300","158200","158100","158000","157900","157800","157700","157600","8","4","30","2","24","14","30","45","69","41","5","20","278","426","699","338","124","467","47","204","267","2608","0","0","0","0","0","-160600","5","-100.00","3142","0","-453","0","0","","0","0","0","","",""
"080116","0001","0","159000","159100","159500","159600","159700","159800","160200","160300","160400","160500","158500","158400","158300","158200","158100","158000","157900","157800","157700","157600","8","4","30","2","24","14","30","45","69","41","5","20","278","426","699","339","124","467","48","204","267","2610","0","0","0","0","0","-160600","5","-100.00","3142","0","2","0","0","","0","0","0","","",""
"080116","0002","0","159000","159100","159500","159600","159700","159800","160200","160300","160400","160500","158500","158400","158300","158200","158100","158000","157900","157800","157700","157600","8","4","30","2","24","14","30","45","69","41","5","20","279","426","699","339","124","467","48","204","267","2611","0","0","0","0","0","-160600","5","-100.00","3142","0","1","0","0","","0","0","0","","",""
"080116","0003","0","159000","159100","159500","159600","159700","159800","160200","160300","160400","160500","158500","158400","158300","158200","158100","158000","157900","157800","157700","157600","8","4","30","2","24","14","30","45","69","41","5","30","284","426","699","339","124","467","48","204","267","2626","0","0","0","0","0","-160600","5","-100.00","3142","0","15","0","0","","0","0","0","","",""
"080117","0000","0","159000","159100","159500","159600","159700","159800","160200","160300","160400","160500","158500","158400","158300","158200","158100","158000","157900","157800","157700","157600","8","4","30","2","24","14","30","45","69","41","5","30","296","426","699","339","124","467","48","204","267","2638","0","0","0","0","0","-160600","5","-100.00","3142","0","12","0","0","","0","0","0","","",""
"080117","0001","0","159000","159100","159500","159600","159700","159800","160200","160300","160400","160500","158500","158400","158300","158200","158100","158000","157900","157800","157700","157600","8","4","30","2","24","14","30","45","69","41","5","30","296","426","699","339","124","467","58","204","267","2648","0","0","0","0","0","-160600","5","-100.00","3142","0","10","0","0","","0","0","0","","",""
"080117","0002","0","159000","159100","159500","159600","159700","159800","160200","160300","160400","160500","158900","158500","158400","158300","158200","158100","158000","157900","157800","157700","8","4","30","2","24","14","30","45","69","41","10","5","30","296","426","699","339","124","467","58","267","2454","0","0","0","0","0","-160600","5","-100.00","3142","0","-194","0","0","","0","0","0","","",""
"080117","0003","0","159000","159100","159500","159600","159700","159800","160200","160300","160400","160500","158900","158500","158400","158300","158200","158100","158000","157900","157800","157700","8","4","30","2","24","14","30","45","69","41","10","5","35","296","426","699","339","124","467","58","267","2459","0","0","0","0","0","-160600","5","-100.00","3142","0","5","0","0","","0","0","0","","",""
"080118","0000","0","159000","159100","159500","159600","159700","159800","160200","160300","160400","160500","158900","158500","158400","158300","158200","158100","158000","157900","157800","157700","8","4","30","2","24","14","30","45","69","41","10","5","45","299","426","699","339","124","467","58","267","2472","0","0","0","0","0","-160600","5","-100.00","3142","0","13","0","0","","0","0","0","","",""
"080118","0001","0","159100","159500","159600","159700","159800","160200","160300","160400","160500","160600","158900","158500","158400","158300","158200","158100","158000","157900","157800","157700","4","30","2","24","14","30","45","69","41","505","15","5","50","299","426","699","339","124","467","58","764","2482","0","0","0","0","0","-160600","5","-100.00","3150","497","10","0","0","","0","0","0","","",""
"080118","0002","0","159100","159500","159600","159700","159800","160200","160300","160400","160500","160600","158900","158500","158400","158300","158200","158100","158000","157900","157800","157700","3","30","2","24","14","30","45","69","41","505","15","5","50","299","426","700","340","124","467","58","763","2484","0","0","0","0","0","-160600","5","-100.00","3151","-1","2","0","0","","0","0","0","","",""
"080118","0003","0","159100","159500","159600","159700","159800","160200","160300","160400","160500","160600","158900","158500","158400","158300","158200","158100","158000","157900","157800","157700","3","30","2","24","14","30","45","69","41","505","18","5","50","299","426","700","340","134","467","58","763","2497","0","0","0","0","0","-160600","5","-100.00","3155","0","13","0","0","","0","0","0","","",""
"080119","0000","0","159100","159500","159600","159700","159800","160200","160300","160400","160500","160600","158900","158500","158400","158300","158200","158100","158000","157900","157800","157700","3","30","2","24","14","30","45","69","41","505","18","5","150","299","326","700","340","134","467","58","763","2497","0","0","0","0","0","-160600","5","-100.00","3155","0","0","0","0","","0","0","0","","",""
"080119","0001","0","159500","159600","159700","159800","160200","160300","160400","160500","160600","160700","158900","158500","158400","158300","158200","158100","158000","157900","157800","157700","30","2","24","14","30","45","69","41","505","41","23","5","150","299","336","710","340","134","517","58","801","2572","0","0","0","0","0","-160600","5","-100.00","3158","38","75","0","0","","0","0","0","","",""
"080119","0002","0","159500","159600","159700","159800","160200","160300","160400","160500","160600","160700","158900","158500","158400","158300","158200","158100","158000","157900","157800","157700","30","2","24","14","30","45","69","41","505","41","23","5","150","299","336","710","340","134","537","58","801","2592","0","0","0","0","0","-160600","5","-100.00","3158","0","20","0","0","","0","0","0","","",""
"080120","0000","0","159500","159600","159700","159800","160200","160300","160400","160500","160600","160700","158900","158500","158400","158300","158200","158100","158000","157900","157800","157700","30","2","24","14","30","45","69","41","505","41","23","5","150","299","337","710","340","135","537","58","801","2594","0","0","0","0","0","-160600","5","-100.00","3158","0","2","0","0","","0","0","0","","",""
"080120","0001","0","159500","159600","159700","159800","160200","160300","160400","160500","160600","160700","158900","158500","158400","158300","158200","158100","158000","157900","157800","157700","30","2","24","14","30","45","69","41","505","41","23","5","150","299","337","710","341","135","537","58","801","2595","0","0","0","0","0","-160600","5","-100.00","3158","0","1","0","0","","0","0","0","","",""
"080120","0002","0","159600","159700","159800","160200","160300","160400","160500","160600","160700","160800","158900","158500","158400","158300","158200","158100","158000","157900","157800","157700","2","24","14","30","45","69","41","505","41","93","23","5","150","299","337","710","341","135","537","58","864","2595","0","0","0","0","0","-160600","5","-100.00","3188","63","0","0","0","","0","0","0","","",""
"080120","0003","0","159600","159700","159800","160200","160300","160400","160500","160600","160700","160800","158900","158500","158400","158300","158200","158100","158000","157900","157800","157700","2","24","14","30","45","69","41","505","41","93","23","5","152","299","337","710","343","135","538","58","864","2600","0","0","0","0","0","-160600","5","-100.00","3196","0","5","0","0","","0","0","0","","",""
"080121","0000","0","159600","159700","159800","160200","160300","160400","160500","160600","160700","160800","158900","158500","158400","158300","158200","158100","158000","157900","157800","157700","2","24","14","30","45","69","41","505","41","93","23","5","152","299","337","711","343","135","538","58","864","2601","0","0","0","0","0","-160600","5","-100.00","3196","0","1","0","0","","0","0","0","","",""
"080121","0001","0","159600","159800","160200","160300","160400","160500","160600","160700","160800","160900","158900","158500","158400","158300","158200","158100","158000","157900","157800","157700","4","14","30","45","69","41","505","41","93","71","23","5","152","299","337","711","353","235","538","59","913","2712","0","0","0","0","0","-160600","5","-100.00","3226","49","111","0","0","","0","0","0","","",""
"080121","0002","0","159600","159800","160200","160300","160400","160500","160600","160700","160800","160900","158900","158500","158400","158300","158200","158100","158000","157900","157800","157700","4","14","30","45","69","41","505","41","93","71","23","5","152","299","337","711","353","245","538","59","913","2722","0","0","0","0","0","-160600","5","-100.00","3233","0","10","0","0","","0","0","0","","",""
"080122","0000","0","159600","159800","160200","160300","160400","160500","160600","160700","160800","160900","158900","158500","158400","158300","158200","158100","158000","157900","157800","157700","4","14","30","45","69","41","505","41","93","71","23","5","152","99","337","711","353","245","538","59","913","2522","0","0","0","0","0","-160600","5","-100.00","3233","0","-200","0","0","","0","0","0","","",""
"080122","0001","0","159600","159800","160200","160300","160400","160500","160600","160700","160800","160900","158900","158500","158400","158300","158200","158100","158000","157900","157800","157700","4","14","30","45","69","41","505","41","93","71","23","5","157","99","337","711","353","247","538","59","913","2529","0","0","0","0","0","-160600","5","-100.00","3233","0","7","0","0","","0","0","0","","",""
"080123","0000","0","159600","159800","160200","160300","160400","160500","160600","160700","160800","160900","158900","158500","158400","158300","158200","158100","158000","157900","157800","157700","4","14","30","45","69","41","505","41","93","71","23","5","157","99","337","711","353","247","548","59","913","2539","0","0","0","0","0","-160600","5","-100.00","3233","0","10","0","0","","0","0","0","","",""
"080123","0001","0","159600","159800","160200","160300","160400","160500","160600","160700","160800","160900","158900","158500","158400","158300","158200","158100","158000","157900","157800","157700","4","14","30","45","69","41","505","41","93","71","24","5","157","100","337","711","353","247","548","69","913","2551","0","0","0","0","0","-160600","5","-100.00","3233","0","12","0","0","","0","0","0","","",""
"080123","0002","0","159600","159800","160200","160300","160400","160500","160600","160700","160800","160900","158900","158500","158400","158300","158200","158100","158000","157900","157800","157700","4","14","30","45","69","41","505","41","93","71","25","5","207","100","337","711","353","247","548","69","913","2602","0","0","0","0","0","-160600","5","-100.00","3233","0","51","0","0","","0","0","0","","",""
"080123","0003","0","159600","159800","160200","160300","160400","160500","160600","160700","160800","160900","158900","158500","158400","158300","158200","158100","158000","157900","157800","157700","4","14","30","45","69","41","505","41","93","71","26","5","207","100","337","711","353","247","448","69","913","2503","0","0","0","0","0","-160600","5","-100.00","3233","0","-99","0","0","","0","0","0","","",""
"080124","0000","0","159600","159800","160200","160300","160400","160500","160600","160700","160800","160900","158900","158500","158400","158300","158200","158100","158000","157900","157800","157700","4","14","30","45","69","41","505","41","93","71","26","5","207","100","337","710","353","247","448","69","913","2502","0","0","0","0","0","-160600","5","-100.00","3233","0","-1","0","0","","0","0","0","","",""
"080124","0001","0","159600","159800","160200","160300","160400","160500","160600","160700","160800","160900","158900","158500","158400","158300","158200","158100","158000","157900","157800","157700","4","64","30","45","69","41","505","41","93","71","26","5","207","100","337","710","353","247","448","69","963","2502","0","0","0","0","0","-160600","5","-100.00","3233","50","0","0","0","","0","0","0","","",""
"080125","0000","0","159600","159800","160200","160300","160400","160500","160600","160700","160800","160900","158900","158600","158400","158300","158200","158100","158000","157900","157800","157700","24","64","30","45","69","41","505","41","93","71","1","6","237","99","339","710","353","247","448","69","983","2509","0","0","0","0","0","-160600","5","-100.00","3474","20","7","0","0","","0","0","0","","",""
"080125","0001","0","159600","159800","160200","160300","160400","160500","160600","160700","160800","160900","158900","158700","158600","158400","158300","158200","158100","158000","157900","157800","24","64","30","45","69","41","505","41","93","71","1","3","6","237","99","339","710","377","248","450","983","2470","0","0","0","0","0","-160600","5","-100.00","3474","0","-39","0","0","","0","0","0","","",""
"080125","0002","0","159500","159600","159800","160200","160300","160400","160500","160600","160700","160800","158400","158300","158200","158100","158000","157900","157800","157700","157600","157500","6","4","64","30","45","69","41","505","41","93","197","99","339","710","377","248","450","69","204","502","898","3195","0","0","0","0","0","-160600","5","-100.00","3524","-85","725","0","0","","0","0","0","","",""
"080126","0000","0","159500","159600","159800","160200","160300","160400","160500","160600","160700","160800","158400","158300","158200","158100","158000","157900","157800","157700","157600","157500","6","4","64","30","45","69","41","505","41","93","197","99","339","710","377","248","450","70","204","502","898","3196","0","0","0","0","0","-160600","5","-100.00","3524","0","1","0","0","","0","0","0","","",""
"080126","0001","0","159500","159600","159800","160200","160300","160400","160500","160600","160700","160800","158900","158400","158300","158200","158100","158000","157900","157800","157700","157600","6","4","64","30","45","69","41","505","41","93","8","187","99","339","710","377","248","450","70","204","898","2692","0","0","0","0","0","-160600","5","-100.00","3534","0","-504","0","0","","0","0","0","","",""
"080127","0000","0","159500","159600","159800","159900","160200","160300","160400","160500","160600","160700","158900","158400","158300","158200","158100","158000","157900","157800","157700","157600","6","4","64","4","30","45","69","41","505","41","8","187","99","339","710","377","248","450","70","204","809","2692","0","0","0","0","0","-160600","5","-100.00","3534","-89","0","0","0","","0","0","0","","",""
"080127","0001","0","158900","159100","159500","159600","159800","159900","160200","160300","160400","160500","158400","158300","158200","158100","158000","157900","157800","157700","157600","157500","8","499","6","4","64","4","30","45","69","41","187","99","339","710","377","248","450","70","204","502","770","3186","0","0","0","0","0","-160600","5","-100.00","3542","-39","494","0","0","","0","0","0","","",""
"080128","0000","0","158800","158900","159100","159500","159600","159800","159900","160200","160300","160400","158400","158300","158200","158100","158000","157900","157800","157700","157600","157500","244","8","499","6","4","64","4","30","45","69","187","99","339","710","378","248","450","70","204","502","973","3187","0","0","0","0","0","-160600","5","-100.00","3542","203","1","0","0","","0","0","0","","",""
"080128","0001","0","158800","158900","159100","159500","159600","159800","159900","160200","160300","160400","158400","158300","158200","158100","158000","157900","157800","157700","157600","157500","244","8","499","6","4","64","4","30","45","69","187","99","339","710","388","248","450","70","205","502","973","3198","0","0","0","0","0","-160600","5","-100.00","3542","0","11","0","0","","0","0","0","","",""
"080129","0000","0","158800","158900","159100","159500","159600","159800","159900","160200","160300","160400","158400","158300","158200","158100","158000","157900","157800","157700","157600","157500","244","8","499","6","4","64","4","30","45","69","192","99","339","710","388","248","450","70","205","502","973","3203","0","0","0","0","0","-160600","5","-100.00","3542","0","5","0","0","","0","0","0","","",""
"080129","0001","0","158800","158900","159100","159500","159600","159800","159900","160200","160300","160400","158400","158300","158200","158100","158000","157900","157800","157700","157600","157500","244","8","499","6","4","64","4","30","45","72","192","99","339","710","388","248","450","70","206","502","976","3204","0","0","0","0","0","-160600","5","-100.00","3542","3","1","0","0","","0","0","0","","",""
"080129","0002","0","158800","158900","159100","159500","159600","159800","159900","160200","160300","160400","158400","158300","158200","158100","158000","157900","157800","157700","157600","157500","244","8","499","6","4","64","4","30","45","72","192","99","339","710","388","248","450","70","206","503","976","3205","0","0","0","0","0","-160600","5","-100.00","3542","0","1","0","0","","0","0","0","","",""
"080129","0003","0","158800","158900","159100","159500","159600","159800","159900","160200","160300","160400","158400","158300","158200","158100","158000","157900","157800","157700","157600","157500","244","8","499","6","4","64","4","30","45","72","193","99","339","710","388","248","450","70","206","503","976","3206","0","0","0","0","0","-160600","5","-100.00","3542","0","1","0","0","","0","0","0","","",""
"080130","0000","0","158800","158900","159100","159500","159600","159800","159900","160200","160300","160400","158400","158300","158200","158100","158000","157900","157800","157700","157600","157500","485","8","499","6","4","64","4","30","45","72","193","99","339","710","388","248","450","70","206","503","1217","3206","0","0","0","0","0","-160600","5","-100.00","3542","241","0","0","0","","0","0","0","","",""
"080130","0001","0","158800","158900","159100","159500","159800","159900","160200","160300","160400","160500","158200","158100","158000","157900","157800","157700","157600","157500","157400","157300","3","8","499","6","64","4","30","45","72","41","277","710","388","248","450","70","206","503","65","38","772","2955","0","0","0","0","0","-160600","5","-100.00","4292","-445","-251","0","0","","0","0","0","","",""
"080131","0000","0","158800","158900","159100","159500","159800","159900","160200","160300","160400","160500","158200","158100","158000","157900","157800","157700","157600","157500","157400","157300","3","8","499","6","64","4","30","45","72","41","277","710","390","248","450","70","206","503","65","38","772","2957","0","0","0","0","0","-160600","5","-100.00","4292","0","2","0","0","","0","0","0","","",""
"080131","0001","0","158800","158900","159100","159500","159800","159900","160200","160300","160400","160500","158200","158100","158000","157900","157800","157700","157600","157500","157400","157300","2","8","499","6","64","4","30","45","72","41","277","710","390","248","450","70","208","503","65","38","771","2959","0","0","0","0","0","-160600","5","-100.00","4293","-1","2","0","0","","0","0","0","","",""
"080131","0002","0","158700","158800","158900","159100","159500","159800","159900","160200","160300","160400","158200","158100","158000","157900","157800","157700","157600","157500","157400","157300","26","2","8","499","6","64","4","30","45","72","277","710","390","248","450","70","208","503","65","38","756","2959","0","0","0","0","0","-160600","5","-100.00","4293","-15","0","0","0","","0","0","0","","",""
"080132","0000","0","158700","158800","158900","159100","159500","159800","159900","160200","160300","160400","158200","158100","158000","157900","157800","157700","157600","157500","157400","157300","257","2","8","499","6","64","4","30","45","72","277","710","390","248","450","70","218","513","65","39","987","2980","0","0","0","0","0","-160600","5","-100.00","4303","231","21","0","0","","0","0","0","","",""
"080133","0000","0","158500","158700","158800","158900","159100","159500","159800","159900","160200","160300","158200","158100","158000","157900","157800","157700","157600","157500","157400","157300","41","16","2","8","499","6","64","4","30","45","277","710","395","249","450","70","218","513","65","39","715","2986","0","0","0","0","0","-160600","5","-100.00","4507","-272","6","0","0","","0","0","0","","",""
"080133","0001","0","158500","158700","158800","158900","159100","159500","159600","159800","159900","160200","158200","158100","158000","157900","157800","157700","157600","157500","157400","157300","41","16","2","8","499","6","10","64","4","30","277","710","395","254","505","70","218","513","65","39","680","3046","0","0","0","0","0","-160600","5","-100.00","4507","-35","60","0","0","","0","0","0","","",""
"080133","0002","0","158700","158800","158900","159100","159500","159600","159800","159900","160200","160300","158200","158100","158000","157900","157800","157700","157600","157500","157400","157300","62","1","8","499","6","10","64","4","30","45","277","710","396","254","507","71","218","513","65","39","729","3050","0","0","0","0","0","-160600","5","-100.00","4607","49","4","0","0","","0","0","0","","",""
"080134","0000","0","158700","158800","158900","159100","159500","159600","159800","159900","160200","160300","158200","158100","158000","157900","157800","157700","157600","157500","157400","157300","303","1","8","499","6","10","64","4","30","45","478","710","396","254","507","71","218","513","65","39","970","3251","0","0","0","0","0","-160600","5","-100.00","4607","241","201","0","0","","0","0","0","","",""
"080134","0001","0","158500","158700","158800","158900","159100","159500","159600","159800","159900","160200","158200","158100","158000","157900","157800","157700","157600","157500","157400","157300","41","62","1","8","499","6","10","64","4","30","478","713","396","254","507","71","218","513","65","39","725","3254","0","0","0","0","0","-160600","5","-100.00","4812","-245","3","0","0","","0","0","0","","",""
"080134","0002","0","158700","158800","158900","159100","159500","159600","159800","159900","160200","160300","158200","158100","158000","157900","157800","157700","157600","157500","157400","157300","62","1","8","499","6","10","64","4","30","45","478","713","396","254","507","71","218","513","75","49","729","3274","0","0","0","0","0","-160600","5","-100.00","4894","4","20","0","0","","0","0","0","","",""
"080135","0000","0","158700","158800","158900","159100","159500","159600","159800","159900","160200","160300","158200","158100","158000","157900","157800","157700","157600","157500","157400","157300","62","1","8","499","6","10","64","4","30","45","478","713","396","254","507","71","218","513","75","49","729","3274","0","0","0","0","0","-160600","5","-100.00","4911","0","0","0","0","","0","0","0","","",""
"080136","0000","0","158700","158800","158900","159100","159500","159600","159800","159900","160200","160300","158200","158100","158000","157900","157800","157700","157600","157500","157400","157300","62","1","8","499","6","10","64","4","30","45","478","713","396","254","507","71","218","513","75","50","729","3275","0","0","0","0","0","-160600","5","-100.00","4911","0","1","0","0","","0","0","0","","",""
