"time","millisec","HOUR_CLS_CODE","ASKP1","ASKP2","ASKP3","ASKP4","ASKP5","ASKP6","ASKP7","ASKP8","ASKP9","ASKP10","BIDP1","BIDP2","BIDP3","BIDP4","BIDP5","BIDP6","BIDP7","BIDP8","BIDP9","BIDP10","ASKP_RSQN1","ASKP_RSQN2","ASKP_RSQN3","ASKP_RSQN4","ASKP_RSQN5","ASKP_RSQN6","ASKP_RSQN7","ASKP_RSQN8","ASKP_RSQN9","ASKP_RSQN10","BIDP_RSQN1","BIDP_RSQN2","BIDP_RSQN3","BIDP_RSQN4","BIDP_RSQN5","BIDP_RSQN6","BIDP_RSQN7","BIDP_RSQN8","BIDP_RSQN9","BIDP_RSQN10","TOTAL_ASKP_RSQN","TOTAL_BIDP_RSQN","OVTM_TOTAL_ASKP_RSQN","OVTM_TOTAL_BIDP_RSQN","ANTC_CNPR","ANTC_CNQN","ANTC_VOL","ANTC_CNTG_VRSS","ANTC_CNTG_VRSS_SIGN","ANTC_CNTG_PRDY_CTRT","ACML_VOL","TOTAL_ASKP_RSQN_ICDC","TOTAL_BIDP_RSQN_ICDC","OVTM_TOTAL_ASKP_ICDC","OVTM_TOTAL_BIDP_ICDC","STCK_DEAL_CLS_CODE","KMID_PRC","KMID_TOTAL_RSQN","KMID_CLS_CODE","NMID_PRC","NMID_TOTAL_RSQN","NMID_CLS_CODE"
"080000","0000","0","196000","0","0","0","0","0","0","0","0","0","193500","187000","0","0","0","0","0","0","0","0","5","0","0","0","0","0","0","0","0","0","10","200","0","0","0","0","0","0","0","0","5","210","0","0","0","0","0","-194500","5","-100.00","0","0","0","0","0","","0","0","0","","",""
"080000","0001","0","196000","197000","198000","199000","200000","202000","202500","204000","204500","205000","193500","190000","187000","185000","183000","181100","180000","0","0","0","5","5","5","5","14","10","7","10","10","10","10","6","200","10","11","5","10","0","0","0","81","252","0","0","0","0","0","-194500","5","-100.00","0","76","42","0","0","","0","0","0","","",""
"080001","0000","0","195600","196000","197000","198000","198800","199000","200000","201500","202000","202500","193500","192500","191500","190500","190000","189200","187000","186000","185000","183000","1","5","5","5","118","5","14","2","47","9","10","1","1","1","6","100","200","10","10","21","211","360","0","0","0","0","0","-194500","5","-100.00","0","130","108","0","0","","0","0","0","","",""
"080001","0001","0","195600","196000","197000","198000","198500","198800","199000","199500","199900","200000","193500","192500","191500","191000","190900","190500","190100","190000","189200","188800","1","5","5","65","6","118","5","85","2","14","10","1","1","2","2","1","1","6","100","3","306","127","0","0","0","0","0","-194500","5","-100.00","0","95","-233","0","0","","0","0","0","","",""
"080002","0000","0","195600","196000","196900","197000","198000","198500","198800","199000","199500","199900","193500","192500","191500","191000","190900","190500","190100","190000","189200","189100","1","5","20","5","65","6","118","5","85","2","10","1","1","2","2","1","1","6","100","30","312","154","0","0","0","0","0","-194500","5","-100.00","0","6","27","0","0","","0","0","0","","",""
"080002","0001","0","195600","196000","196900","197000","198000","198500","198800","199000","199500","199900","194000","193500","192900","192500","191500","191000","190900","190500","190100","190000","1","5","20","5","65","6","118","5","85","2","10","10","10","1","1","2","2","1","3","6","312","46","0","0","0","0","0","-194500","5","-100.00","0","0","-108","0","0","","0","0","0","","",""
"080002","0002","0","195600","196000","196900","197000","198000","198500","198800","199000","199500","199900","194000","193500","192900","192500","191500","191100","191000","190900","190500","190100","1","5","20","5","65","6","118","5","85","2","10","10","10","1","1","6","2","2","1","3","312","46","0","0","0","0","0","-194500","5","-100.00","0","0","0","0","0","","0","0","0","","",""
"080003","0000","0","195600","196000","196900","197000","198000","198500","198800","199000","199500","199900","194000","193500","192900","192500","191500","191100","191000","190900","190500","190100","1","12","20","5","65","6","118","5","85","2","10","10","10","1","1","6","2","2","1","3","319","46","0","0","0","0","0","-194500","5","-100.00","0","7","0","0","0","","0","0","0","","",""
"080004","0000","0","195600","196000","196900","197000","198000","198500","198800","199000","199500","199900","194000","193500","193000","192900","192500","191500","191100","191000","190900","190500","1","12","20","5","65","6","118","5","85","2","10","10","5","10","1","1","6","2","2","1","319","48","0","0","0","0","0","-194500","5","-100.00","0","0","2","0","0","","0","0","0","","",""
"080004","0001","0","195600","196000","196300","196900","197000","198000","198500","198800","199000","199500","194000","193500","193000","192900","192500","191500","191100","191000","190900","190500","1","12","92","20","5","110","6","118","5","85","10","10","5","10","1","1","6","2","2","1","454","48","0","0","0","0","0","-194500","5","-100.00","0","135","0","0","0","","0","0","0","","",""
"080004","0002","0","195600","196000","196300","196900","197000","198000","198500","198800","199000","199500","195300","194000","193500","193000","192900","192500","191500","191100","191000","190900","1","12","92","20","5","110","6","118","5","85","17","10","10","5","10","1","1","6","2","2","454","64","0","0","0","0","0","-194500","5","-100.00","16","0","16","0","0","","0","0","0","","",""
"080005","0000","0","194200","195600","196000","196300","196900","197000","198000","198500","198800","199000","194000","193500","193000","192900","192500","191500","191100","191000","190900","190500","4","1","12","92","20","5","110","6","118","5","10","10","5","10","1","1","6","2","2","1","373","48","0","0","0","0","0","-194500","5","-100.00","33","-81","-16","0","0","","0","0","0","","",""
"080006","0000","0","194200","195600","196000","196300","196900","197000","198000","198500","198800","199000","194000","193500","193000","192900","192500","191500","191100","191000","190900","190500","4","1","12","92","20","5","110","6","118","5","10","10","5","10","1","1","6","12","2","1","373","58","0","0","0","0","0","-194500","5","-100.00","33","0","10","0","0","","0","0","0","","",""
"080006","0001","0","194200","195600","196000","196300","196900","197000","198000","198500","198800","199000","194100","194000","193500","193000","192900","192500","191500","191100","191000","190900","4","1","12","92","20","5","110","6","118","5","3","10","10","5","10","1","1","6","12","2","373","60","0","0","0","0","0","-194500","5","-100.00","33","0","2","0","0","","0","0","0","","",""
"080006","0002","0","194200","195600","196000","196300","196900","197000","198000","198500","198700","198800","194100","194000","193500","193000","192900","192500","191500","191100","191000","190900","4","1","12","92","20","5","110","6","110","118","3","10","10","5","10","1","1","6","12","2","478","60","0","0","0","0","0","-194500","5","-100.00","33","105","0","0","0","","0","0","0","","",""
"080007","0000","0","195600","196000","196300","196900","197000","198000","198500","198700","198800","199000","194200","194100","194000","193500","193000","192900","192500","191500","191100","191000","1","12","92","20","5","110","6","110","118","5","1","3","10","10","5","10","1","1","6","12","479","59","0","0","0","0","0","-194500","5","-100.00","37","1","-1","0","0","","0","0","0","","",""
"080008","0000","0","195600","196000","196300","196900","197000","198000","198500","198700","198800","199000","194200","194100","194000","193500","193000","192900","192500","191500","191100","191000","1","12","92","20","5","110","6","110","118","5","1","3","10","30","5","10","1","1","6","12","479","79","0","0","0","0","0","-194500","5","-100.00","37","0","20","0","0","","0","0","0","","",""
"080008","0001","0","195600","196000","196300","196900","197000","198000","198500","198700","198800","199000","194200","194100","194000","193500","193000","192900","192500","191500","191100","191000","1","12","92","20","5","110","16","110","118","5","6","3","10","31","5","10","2","1","6","12","489","86","0","0","0","0","0","-194500","5","-100.00","37","0","1","0","0","","0","0","0","","",""
"080008","0002","0","195600","196000","196300","196900","197000","198000","198500","198700","198800","199000","194200","194100","194000","193500","193000","192900","192500","191500","191100","191000","1","12","92","20","5","110","16","110","118","5","6","3","10","31","5","14","2","1","6","12","489","90","0","0","0","0","0","-194500","5","-100.00","37","0","4","0","0","","0","0","0","","",""
"080008","0003","0","195600","196000","196300","196900","197000","197900","198000","198400","198500","198700","194200","194100","194000","193500","193000","192900","192500","191500","191100","191000","1","12","92","20","5","1","110","1","16","110","6","3","10","31","5","14","2","1","6","12","368","90","0","0","0","0","0","-194500","5","-100.00","37","-121","0","0","0","","0","0","0","","",""
"080009","0000","0","195600","195800","196000","196300","196900","197000","197900","198000","198400","198500","194200","194100","194000","193500","193000","192900","192500","191500","191100","191000","1","1","12","92","20","5","1","110","1","16","6","3","10","31","5","14","2","1","6","12","259","90","0","0","0","0","0","-194500","5","-100.00","37","-109","0","0","0","","0","0","0","","",""
"080010","0000","0","195600","195800","196000","196300","196400","196900","197000","197900","198000","198400","194200","194100","194000","193500","193000","192900","192500","191500","191100","191000","1","1","12","92","2","20","5","1","110","1","6","3","10","31","5","14","2","1","6","12","245","90","0","0","0","0","0","-194500","5","-100.00","37","-14","0","0","0","","0","0","0","","",""
"080010","0001","0","196000","196300","196400","196900","197000","197900","198000","198400","198500","198700","194200","194100","194000","193500","193000","192900","192500","191500","191100","191000","12","92","2","20","5","1","110","1","16","210","6","3","10","31","5","14","2","1","6","12","469","90","0","0","0","0","0","-194500","5","-100.00","39","209","0","0","0","","0","0","0","","",""
"080011","0000","0","196000","196300","196400","196900","197000","197900","198000","198400","198500","198700","194200","194100","194000","193500","193000","192900","192500","191500","191100","191000","12","92","2","20","5","1","110","1","16","210","2","3","10","31","5","14","2","1","6","12","469","86","0","0","0","0","0","-194500","5","-100.00","44","0","-4","0","0","","0","0","0","","",""
"080012","0000","0","196000","196300","196400","196900","197000","197900","198000","198400","198500","198700","194200","194100","194000","193500","193000","192900","192500","191500","191100","191000","12","92","2","20","5","1","110","1","16","210","5","3","10","31","5","14","2","1","6","12","469","89","0","0","0","0","0","-194500","5","-100.00","44","0","3","0","0","","0","0","0","","",""
"080012","0001","0","196000","196300","196400","196900","197000","197900","198000","198400","198500","198700","194200","194100","194000","193500","193000","192900","192500","191500","191100","191000","12","92","2","20","5","2","110","1","16","210","5","3","10","31","5","14","2","1","6","12","470","89","0","0","0","0","0","-194500","5","-100.00","44","1","0","0","0","","0","0","0","","",""
"080012","0002","0","196000","196300","196400","196900","197000","197900","198000","198400","198500","198700","194200","194100","194000","193500","193000","192900","192500","191500","191100","191000","12","92","2","20","5","2","110","1","16","210","10","3","10","31","5","14","2","1","6","12","470","94","0","0","0","0","0","-194500","5","-100.00","44","0","5","0","0","","0","0","0","","",""
"080013","0000","0","196000","196300","196400","196900","197000","197900","198000","198400","198500","198700","194200","194100","194000","193500","193000","192900","192500","191500","191100","191000","12","92","2","20","5","2","110","1","16","210","20","3","10","31","5","14","2","11","6","12","470","114","0","0","0","0","0","-194500","5","-100.00","44","0","20","0","0","","0","0","0","","",""
"080014","0000","0","196000","196300","196400","196900","197000","197900","198000","198400","198500","198700","194200","194100","194000","193500","193000","192900","192500","191500","191100","191000","12","92","2","20","5","2","110","1","16","210","34","3","10","31","5","14","2","11","6","12","470","128","0","0","0","0","0","-194500","5","-100.00","44","0","14","0","0","","0","0","0","","",""
"080014","0001","0","196000","196300","196400","196900","197000","197900","198000","198400","198500","198700","194400","194200","194100","194000","193500","193000","192900","192500","191500","191100","12","92","2","20","5","2","110","1","16","210","1","34","3","10","31","5","14","2","11","6","470","117","0","0","0","0","0","-194500","5","-100.00","44","0","-11","0","0","","0","0","0","","",""
"080015","0000","0","196000","196300","196400","196900","197000","197900","198000","198400","198500","198700","194400","194200","194100","194000","193500","193000","192900","192500","191500","191100","12","92","2","20","5","2","110","1","16","210","1","39","3","10","31","5","14","2","11","6","470","122","0","0","0","0","0","-194500","5","-100.00","44","0","5","0","0","","0","0","0","","",""
"080015","0001","0","196000","196300","196400","196900","197000","197900","198000","198400","198500","198700","194400","194200","194100","194000","193500","193000","192900","192500","191500","191100","12","92","2","20","5","2","110","1","16","211","1","39","3","10","31","5","14","2","11","6","471","122","0","0","0","0","0","-194500","5","-100.00","44","1","0","0","0","","0","0","0","","",""
"080015","0002","0","196000","196300","196400","196900","197000","197900","198000","198400","198500","198700","194400","194200","194100","194000","193500","193000","192900","192500","191500","191100","12","92","2","20","5","2","110","1","16","212","1","39","3","10","31","5","14","2","11","6","472","122","0","0","0","0","0","-194500","5","-100.00","44","1","0","0","0","","0","0","0","","",""
"080016","0000","0","196000","196300","196400","196900","197000","197900","198000","198400","198500","198700","194400","194200","194100","194000","193600","193500","193000","192900","192500","191500","14","92","2","20","5","2","110","1","16","212","1","40","3","10","1","31","5","14","2","11","474","118","0","0","0","0","0","-194500","5","-100.00","44","2","0","0","0","","0","0","0","","",""
"080016","0001","0","196000","196300","196400","196900","197000","197900","198000","198400","198500","198700","194400","194200","194100","194000","193600","193500","193000","192900","192500","191500","14","92","2","20","5","2","110","1","16","212","1","41","3","10","1","31","5","14","2","11","474","119","0","0","0","0","0","-194500","5","-100.00","44","0","1","0","0","","0","0","0","","",""
"080016","0002","0","196000","196300","196400","196900","197000","197900","198000","198400","198500","198700","194400","194200","194100","194000","193600","193500","193000","192900","192500","191500","15","92","2","20","5","2","110","1","16","212","1","41","3","10","1","31","5","14","2","11","475","119","0","0","0","0","0","-194500","5","-100.00","44","1","0","0","0","","0","0","0","","",""
"080018","0000","0","196000","196300","196400","196900","197000","197900","198000","198400","198500","198700","194400","194200","194100","194000","193600","193500","193000","192900","192500","191500","15","92","2","20","5","2","110","1","16","212","1","41","3","10","1","36","5","14","2","11","475","124","0","0","0","0","0","-194500","5","-100.00","44","0","5","0","0","","0","0","0","","",""
"080018","0001","0","196000","196300","196400","196900","197000","197900","198000","198400","198500","198700","194400","194200","194100","194000","193600","193500","193000","192900","192500","192000","15","92","2","20","5","2","110","1","16","212","1","40","3","10","1","36","5","14","2","15","475","127","0","0","0","0","0","-194500","5","-100.00","44","0","-1","0","0","","0","0","0","","",""
"080018","0002","0","196000","196300","196400","196900","197000","197900","198000","198400","198500","198700","194200","194100","194000","193600","193500","193000","192900","192500","192000","191500","15","92","2","20","5","2","110","1","16","212","16","3","10","1","36","5","14","2","15","11","475","113","0","0","0","0","0","-194500","5","-100.00","69","0","-14","0","0","","0","0","0","","",""
"080018","0003","0","195800","196000","196300","196400","196900","197000","197900","198000","198400","198500","194200","194100","194000","193600","193500","193000","192900","192500","192000","191500","1","15","93","2","20","5","2","114","1","16","16","3","10","1","36","5","14","2","15","11","269","113","0","0","0","0","0","-194500","5","-100.00","69","-207","0","0","0","","0","0","0","","",""
"080019","0000","0","195800","196000","196300","196400","196900","197000","197900","198000","198400","198500","194300","194200","194100","194000","193600","193500","193000","192900","192500","192000","1","15","93","2","20","5","2","114","1","16","10","16","3","10","1","36","5","14","2","15","269","112","0","0","0","0","0","-194500","5","-100.00","69","0","-1","0","0","","0","0","0","","",""
"080019","0001","0","195800","196000","196300","196400","196900","197000","197900","198000","198400","198500","194300","194200","194100","194000","193600","193500","193000","192900","192500","192000","1","17","93","2","20","5","2","114","1","16","10","16","3","10","1","36","5","14","2","15","271","112","0","0","0","0","0","-194500","5","-100.00","69","2","0","0","0","","0","0","0","","",""
"080020","0000","0","195800","196000","196300","196400","196900","197000","197900","198000","198400","198500","194300","194200","194100","194000","193600","193500","193000","192900","192500","192000","2","17","93","2","20","5","2","114","1","16","10","16","3","10","1","36","5","14","2","15","272","112","0","0","0","0","0","-194500","5","-100.00","69","1","0","0","0","","0","0","0","","",""
"080020","0001","0","195800","196000","196300","196400","196900","197000","197900","198000","198400","198500","194300","194200","194100","194000","193600","193500","193000","192900","192500","192000","2","17","93","2","20","5","2","114","1","16","10","21","3","10","1","36","5","14","2","15","272","117","0","0","0","0","0","-194500","5","-100.00","69","0","5","0","0","","0","0","0","","",""
"080022","0000","0","195800","196000","196300","196400","196900","197000","197900","198000","198400","198500","194600","194300","194200","194100","194000","193600","193500","193000","192900","192500","2","17","93","2","20","5","2","114","1","16","10","10","21","3","10","1","36","5","14","2","272","112","0","0","0","0","0","-194500","5","-100.00","69","0","-5","0","0","","0","0","0","","",""
"080023","0000","0","195800","196000","196300","196400","196900","197000","197900","198000","198400","198500","194600","194300","194200","194100","194000","193600","193500","193000","192900","192500","2","17","93","2","20","5","2","114","1","16","10","10","21","3","10","1","36","5","4","2","272","102","0","0","0","0","0","-194500","5","-100.00","69","0","-10","0","0","","0","0","0","","",""
"080023","0001","0","195800","196000","196300","196400","196900","197000","197900","198000","198400","198500","194600","194300","194200","194100","194000","193600","193500","193000","192900","192500","2","17","93","2","20","5","2","114","1","16","10","10","21","3","10","1","36","5","14","2","272","112","0","0","0","0","0","-194500","5","-100.00","69","0","10","0","0","","0","0","0","","",""
"080024","0000","0","195800","196000","196300","196400","196900","197000","197900","198000","198400","198500","194600","194300","194200","194100","194000","193600","193500","193000","192900","192500","2","17","93","2","20","5","2","114","1","16","5","10","21","3","10","1","36","5","14","2","272","107","0","0","0","0","0","-194500","5","-100.00","74","0","-5","0","0","","0","0","0","","",""
"080025","0000","0","195800","196000","196200","196300","196400","196900","197000","197900","198000","198400","194600","194300","194200","194100","194000","193600","193500","193000","192900","192500","2","17","1","93","2","20","5","2","114","1","5","10","21","3","10","1","36","5","14","2","257","107","0","0","0","0","0","-194500","5","-100.00","74","-15","0","0","0","","0","0","0","","",""
"080026","0000","0","195800","196000","196200","196300","196400","196800","196900","197000","197900","198000","194600","194300","194200","194100","194000","193600","193500","193000","192900","192500","2","17","1","93","2","290","20","5","2","114","5","10","21","3","10","1","36","5","14","2","546","107","0","0","0","0","0","-194500","5","-100.00","74","289","0","0","0","","0","0","0","","",""
"080027","0000","0","195800","196000","196200","196300","196400","196800","196900","197000","197900","198000","194600","194300","194200","194100","194000","193600","193500","193000","192900","192500","2","17","1","93","2","290","20","5","2","114","15","10","21","3","10","1","36","5","14","2","546","117","0","0","0","0","0","-194500","5","-100.00","74","0","10","0","0","","0","0","0","","",""
"080028","0000","0","195800","196000","196200","196300","196400","196800","196900","197000","197900","198000","194600","194300","194200","194100","194000","193600","193500","193000","192900","192500","2","17","1","93","2","290","20","5","2","114","15","20","21","3","10","1","36","5","14","2","546","127","0","0","0","0","0","-194500","5","-100.00","74","0","10","0","0","","0","0","0","","",""
"080028","0001","0","195800","196000","196200","196300","196400","196800","196900","197000","197900","198000","194600","194300","194200","194100","194000","193600","193500","193000","192900","192500","2","17","1","93","2","290","20","5","2","114","15","20","41","3","10","1","36","5","14","2","546","147","0","0","0","0","0","-194500","5","-100.00","74","0","20","0","0","","0","0","0","","",""
"080030","0000","0","195800","196000","196200","196300","196400","196800","196900","197000","197900","198000","194600","194300","194200","194100","194000","193600","193500","193000","192900","192500","2","17","1","93","2","290","20","5","2","114","21","22","41","3","10","1","36","6","14","2","546","156","0","0","0","0","0","-194500","5","-100.00","74","0","3","0","0","","0","0","0","","",""
"080030","0001","0","195800","196000","196200","196300","196400","196800","196900","197000","197900","198000","194600","194300","194200","194100","194000","193600","193500","193000","192900","192500","2","883","1","93","2","290","20","5","2","114","21","22","41","3","10","1","36","6","14","2","1412","156","0","0","0","0","0","-194500","5","-100.00","74","866","0","0","0","","0","0","0","","",""
"080030","0002","0","195800","196000","196200","196300","196400","196800","196900","197000","197900","198000","194600","194300","194200","194100","194000","193600","193500","193000","192900","192500","2","883","1","93","2","290","20","5","2","114","21","23","41","3","10","1","36","6","14","2","1412","157","0","0","0","0","0","-194500","5","-100.00","74","0","1","0","0","","0","0","0","","",""
"080031","0000","0","195800","196000","196200","196300","196400","196800","196900","197000","197900","198000","194600","194300","194200","194100","194000","193600","193500","193000","192900","192500","2","883","1","93","2","290","20","5","2","114","21","23","42","3","10","33","36","6","14","2","1412","190","0","0","0","0","0","-194500","5","-100.00","74","0","32","0","0","","0","0","0","","",""
"080031","0001","0","195800","196000","196200","196300","196400","196800","196900","197000","197900","198000","194600","194300","194200","194100","194000","193600","193500","193000","192900","192800","2","883","1","93","2","290","20","5","2","114","21","23","52","3","10","33","36","6","14","1","1412","199","0","0","0","0","0","-194500","5","-100.00","74","0","9","0","0","","0","0","0","","",""
"080031","0002","0","195800","196000","196200","196300","196400","196800","196900","197000","197900","198000","194600","194300","194200","194100","194000","193600","193500","193000","192900","192800","2","883","1","93","2","290","20","5","2","124","22","23","52","3","10","33","36","6","14","1","1422","200","0","0","0","0","0","-194500","5","-100.00","74","10","1","0","0","","0","0","0","","",""
"080032","0000","0","195800","196000","196200","196300","196400","196800","196900","197000","197900","198000","194600","194300","194200","194100","194000","193600","193500","193000","192900","192800","2","883","1","93","2","290","20","5","2","124","22","23","62","3","10","33","36","6","14","1","1422","210","0","0","0","0","0","-194500","5","-100.00","74","0","10","0","0","","0","0","0","","",""
"080032","0001","0","195800","196000","196200","196300","196400","196800","196900","197000","197900","198000","194600","194300","194200","194100","194000","193600","193500","193000","192900","192800","2","883","1","93","2","290","27","5","2","124","22","123","62","3","10","33","36","6","14","1","1429","310","0","0","0","0","0","-194500","5","-100.00","74","7","0","0","0","","0","0","0","","",""
"080033","0000","0","195800","196000","196200","196300","196400","196800","196900","197000","197900","198000","194600","194400","194300","194200","194100","194000","193600","193500","193000","192900","2","883","1","93","2","290","27","5","2","124","22","3","123","62","3","10","33","36","6","14","1429","312","0","0","0","0","0","-194500","5","-100.00","74","0","2","0","0","","0","0","0","","",""
"080033","0001","0","195800","196000","196200","196300","196400","196800","196900","197000","197900","198000","194600","194500","194400","194300","194200","194100","194000","193600","193500","193000","2","883","1","93","2","290","27","5","2","124","22","1","3","123","62","3","10","33","36","6","1429","299","0","0","0","0","0","-194500","5","-100.00","74","0","-13","0","0","","0","0","0","","",""
"080035","0000","0","195800","196000","196200","196300","196400","196800","196900","197000","197900","198000","194600","194500","194400","194300","194200","194100","194000","193600","193500","193000","7","883","3","93","2","290","27","5","2","124","22","1","3","128","62","3","10","33","31","6","1436","299","0","0","0","0","0","-194500","5","-100.00","74","7","0","0","0","","0","0","0","","",""
"080036","0000","0","195800","196000","196200","196300","196400","196800","196900","197000","197900","198000","194600","194500","194400","194300","194200","194100","194000","193600","193500","193000","7","883","3","93","2","290","27","5","2","124","22","1","4","128","62","3","10","33","31","6","1436","300","0","0","0","0","0","-194500","5","-100.00","74","0","1","0","0","","0","0","0","","",""
"080037","0000","0","195800","196000","196200","196300","196400","196800","196900","197000","197900","198000","194600","194500","194400","194300","194200","194100","194000","193600","193500","193000","7","883","3","93","2","290","27","5","2","124","22","1","4","128","62","3","12","33","31","6","1436","302","0","0","0","0","0","-194500","5","-100.00","74","0","2","0","0","","0","0","0","","",""
"080037","0001","0","195800","196000","196200","196300","196400","196800","196900","197000","197900","198000","194600","194500","194400","194300","194200","194100","194000","193600","193500","193000","7","883","3","93","2","290","27","5","2","124","27","1","4","128","62","3","12","33","31","6","1436","307","0","0","0","0","0","-194500","5","-100.00","74","0","5","0","0","","0","0","0","","",""
"080037","0002","0","195800","196000","196200","196300","196400","196800","196900","197000","197900","198000","194600","194500","194400","194300","194200","194100","194000","193600","193500","193000","17","883","3","93","2","290","27","5","2","114","27","1","4","128","62","3","12","33","31","6","1436","307","0","0","0","0","0","-194500","5","-100.00","74","10","0","0","0","","0","0","0","","",""
"080037","0003","0","195800","196000","196200","196300","196400","196800","196900","197000","197900","198000","194600","194500","194400","194300","194200","194100","194000","193600","193500","193000","17","883","3","93","2","290","27","5","2","114","27","2","4","128","62","3","12","33","31","6","1436","308","0","0","0","0","0","-194500","5","-100.00","74","0","1","0","0","","0","0","0","","",""
"080038","0000","0","195800","196000","196200","196300","196400","196800","196900","197000","197900","198000","194600","194500","194400","194300","194200","194100","194000","193600","193500","193000","17","883","3","93","2","290","27","5","8","114","27","2","4","129","62","3","12","33","31","6","1442","309","0","0","0","0","0","-194500","5","-100.00","74","6","1","0","0","","0","0","0","","",""
"080040","0000","0","195000","195800","196000","196200","196300","196400","196800","196900","197000","197900","194600","194500","194400","194300","194200","194100","194000","193600","193500","193000","9","17","883","3","93","2","290","27","5","8","27","2","4","129","62","3","12","33","31","6","1337","309","0","0","0","0","0","-194500","5","-100.00","74","-105","0","0","0","","0","0","0","","",""
"080041","0000","0","195000","195800","196000","196200","196300","196400","196800","196900","197000","197900","194600","194500","194400","194300","194200","194100","194000","193600","193500","193000","9","17","883","3","93","2","290","27","5","8","37","2","4","129","62","3","12","33","31","6","1337","319","0","0","0","0","0","-194500","5","-100.00","74","0","10","0","0","","0","0","0","","",""
"080041","0001","0","195000","195800","196000","196200","196300","196400","196800","196900","197000","197900","194600","194500","194400","194300","194200","194100","194000","193600","193500","193000","9","17","883","3","93","2","290","27","5","15","37","2","4","129","62","3","12","33","31","6","1344","319","0","0","0","0","0","-194500","5","-100.00","74","7","0","0","0","","0","0","0","","",""
"080041","0002","0","195000","195800","196000","196200","196300","196400","196800","196900","197000","197900","194600","194500","194400","194300","194200","194100","194000","193600","193500","193000","9","17","883","3","93","2","290","27","5","15","37","2","4","129","61","3","12","33","31","6","1344","318","0","0","0","0","0","-194500","5","-100.00","74","0","-1","0","0","","0","0","0","","",""
"080042","0000","0","195000","195800","196000","196200","196300","196400","196800","196900","197000","197900","194700","194600","194500","194400","194300","194200","194100","194000","193600","193500","9","17","883","3","93","2","290","27","5","15","1","37","2","4","129","61","3","12","33","31","1344","313","0","0","0","0","0","-194500","5","-100.00","74","0","-5","0","0","","0","0","0","","",""
"080042","0001","0","195000","195800","195900","196000","196200","196300","196400","196800","196900","197000","194700","194600","194500","194400","194300","194200","194100","194000","193600","193500","9","12","5","883","3","93","2","290","27","5","1","37","2","4","129","111","3","12","33","31","1329","363","0","0","0","0","0","-194500","5","-100.00","74","-15","50","0","0","","0","0","0","","",""
"080043","0000","0","195000","195800","195900","196000","196200","196300","196400","196800","196900","197000","194700","194600","194500","194400","194300","194200","194100","194000","193900","193600","9","12","5","883","3","93","2","290","27","5","1","37","2","4","129","111","3","12","3","33","1329","335","0","0","0","0","0","-194500","5","-100.00","74","0","-28","0","0","","0","0","0","","",""
"080044","0000","0","195000","195800","195900","196000","196200","196300","196400","196800","196900","197000","194700","194600","194500","194400","194300","194200","194100","194000","193900","193600","9","12","5","883","3","93","2","290","27","5","1","55","2","4","129","101","3","12","3","33","1329","343","0","0","0","0","0","-194500","5","-100.00","74","0","8","0","0","","0","0","0","","",""
"080044","0001","0","195000","195800","195900","196000","196200","196300","196400","196800","196900","197000","194700","194600","194500","194400","194300","194200","194100","194000","193900","193600","9","12","5","883","3","93","2","290","27","5","1","55","2","4","129","101","3","12","3","33","1329","343","0","0","0","0","0","-194500","5","-100.00","74","0","0","0","0","","0","0","0","","",""
"080045","0000","0","195000","195800","195900","196000","196200","196300","196400","196800","196900","197000","194700","194600","194500","194400","194300","194200","194100","194000","193900","193600","9","12","5","883","3","93","2","290","27","5","1","55","2","4","131","101","3","12","3","33","1329","345","0","0","0","0","0","-194500","5","-100.00","74","0","2","0","0","","0","0","0","","",""
"080045","0001","0","195000","195800","195900","196000","196200","196300","196400","196800","196900","197000","194700","194600","194500","194400","194300","194200","194100","194000","193900","193600","9","12","5","883","3","93","2","290","27","5","1","57","2","4","131","101","3","12","3","33","1329","347","0","0","0","0","0","-194500","5","-100.00","74","0","2","0","0","","0","0","0","","",""
"080046","0000","0","195000","195800","195900","196000","196200","196300","196400","196800","196900","197000","194700","194600","194500","194400","194300","194200","194100","194000","193900","193600","3","12","5","883","3","93","2","290","27","5","1","57","2","4","131","101","3","12","3","33","1323","347","0","0","0","0","0","-194500","5","-100.00","80","-6","0","0","0","","0","0","0","","",""
"080046","0001","0","194700","195000","195800","195900","196000","196200","196300","196400","196800","196900","194600","194500","194400","194300","194200","194100","194000","193900","193600","193500","9","3","12","5","883","3","93","2","290","27","2","2","4","131","101","3","12","3","33","33","1327","324","0","0","0","0","0","-194500","5","-100.00","136","4","-23","0","0","","0","0","0","","",""
"080046","0002","0","194700","195000","195800","195900","196000","196200","196300","196400","196800","196900","194600","194500","194400","194300","194200","194100","194000","193900","193600","193500","9","3","12","5","883","3","93","2","290","27","12","2","4","131","101","3","12","3","33","33","1327","334","0","0","0","0","0","-194500","5","-100.00","136","0","0","0","0","","0","0","0","","",""
"080046","0003","0","194700","195000","195800","195900","196000","196200","196300","196400","196800","196900","194600","194500","194400","194300","194200","194100","194000","193900","193600","193500","9","3","12","18","883","3","93","2","290","27","12","2","4","131","101","3","12","3","33","33","1340","334","0","0","0","0","0","-194500","5","-100.00","136","13","0","0","0","","0","0","0","","",""
"080047","0000","0","194700","195000","195800","195900","196000","196200","196300","196400","196800","196900","194600","194500","194400","194300","194200","194100","194000","193900","193600","193500","9","3","12","18","883","3","93","2","290","27","12","2","4","131","102","3","12","3","33","33","1340","335","0","0","0","0","0","-194500","5","-100.00","136","0","1","0","0","","0","0","0","","",""
"080049","0000","0","194700","195000","195800","195900","196000","196200","196300","196400","196800","196900","194600","194500","194400","194300","194200","194100","194000","193900","193600","193500","9","3","12","18","884","3","93","2","290","27","12","2","4","131","102","3","12","3","33","33","1341","335","0","0","0","0","0","-194500","5","-100.00","136","1","0","0","0","","0","0","0","","",""
"080049","0001","0","194700","195000","195800","195900","196000","196200","196300","196400","196800","196900","194600","194500","194400","194300","194200","194100","194000","193900","193600","193500","8","3","12","18","884","3","93","2","290","27","12","2","4","131","102","3","12","3","33","33","1340","335","0","0","0","0","0","-194500","5","-100.00","137","-1","0","0","0","","0","0","0","","",""
"080050","0000","0","194700","195000","195800","195900","196000","196200","196300","196400","196800","196900","194600","194500","194400","194300","194200","194100","194000","193900","193600","193500","8","3","12","18","884","3","93","2","290","27","12","2","4","131","122","3","12","3","33","33","1340","355","0","0","0","0","0","-194500","5","-100.00","137","0","20","0","0","","0","0","0","","",""
"080050","0001","0","194700","195000","195800","195900","196000","196200","196300","196400","196800","196900","194600","194500","194400","194300","194200","194100","194000","193900","193600","193500","8","3","12","18","884","3","93","2","290","27","14","2","4","131","122","3","12","3","33","33","1340","357","0","0","0","0","0","-194500","5","-100.00","137","0","2","0","0","","0","0","0","","",""
"080050","0002","0","194700","195000","195800","195900","196000","196200","196300","196400","196800","196900","194600","194500","194400","194300","194200","194100","194000","193900","193600","193500","7","3","12","18","884","3","93","2","290","27","14","2","4","131","122","3","12","3","33","33","1339","357","0","0","0","0","0","-194500","5","-100.00","138","-1","0","0","0","","0","0","0","","",""
"080050","0003","0","194700","195000","195800","195900","196000","196200","196300","196400","196800","196900","194600","194500","194400","194300","194200","194100","194000","193900","193600","193500","7","3","12","18","884","3","93","2","290","27","14","2","4","131","122","3","17","3","33","33","1339","362","0","0","0","0","0","-194500","5","-100.00","138","0","5","0","0","","0","0","0","","",""
"080050","0004","0","194700","195000","195800","195900","196000","196200","196300","196400","196800","196900","194600","194500","194400","194300","194200","194100","194000","193900","193600","193500","4","3","12","18","884","3","93","2","290","27","14","2","4","131","122","3","17","3","33","33","1336","362","0","0","0","0","0","-194500","5","-100.00","141","-3","0","0","0","","0","0","0","","",""
"080051","0000","0","194700","195000","195800","195900","196000","196200","196300","196400","196800","196900","194600","194500","194400","194300","194200","194100","194000","193900","193600","193500","4","3","12","18","884","3","93","2","290","107","14","2","4","131","122","3","17","3","33","33","1416","362","0","0","0","0","0","-194500","5","-100.00","141","80","0","0","0","","0","0","0","","",""
"080052","0000","0","194700","195000","195800","195900","196000","196200","196300","196400","196800","196900","194600","194500","194400","194300","194200","194100","194000","193900","193600","193500","3","3","12","18","884","3","93","2","290","107","15","2","4","131","122","3","17","3","33","33","1415","363","0","0","0","0","0","-194500","5","-100.00","142","-1","1","0","0","","0","0","0","","",""
"080052","0001","0","194700","195000","195800","195900","196000","196200","196300","196400","196800","196900","194600","194500","194400","194300","194200","194100","194000","193900","193600","193500","3","3","12","18","884","3","93","2","290","107","65","2","4","131","122","3","17","3","33","33","1415","413","0","0","0","0","0","-194500","5","-100.00","142","0","50","0","0","","0","0","0","","",""
"080053","0000","0","194700","195000","195800","195900","196000","196200","196300","196400","196800","196900","194600","194500","194400","194300","194200","194100","194000","193900","193600","193500","3","3","12","18","884","3","93","2","290","107","65","2","4","131","122","3","17","3","33","34","1415","414","0","0","0","0","0","-194500","5","-100.00","142","0","1","0","0","","0","0","0","","",""
"080053","0001","0","195000","195800","195900","196000","196200","196300","196400","196800","196900","197000","194600","194500","194400","194300","194200","194100","194000","193900","193600","193500","3","12","18","884","3","93","2","290","107","5","65","2","4","131","122","3","17","3","33","34","1417","414","0","0","0","0","0","-194500","5","-100.00","192","2","0","0","0","","0","0","0","","",""
"080054","0000","0","195000","195800","195900","196000","196200","196300","196400","196800","196900","197000","194600","194500","194400","194300","194200","194100","194000","193900","193600","193500","3","12","18","884","3","93","2","290","107","5","65","2","14","121","122","3","17","3","33","34","1417","414","0","0","0","0","0","-194500","5","-100.00","192","0","10","0","0","","0","0","0","","",""
"080055","0000","0","195000","195800","195900","196000","196200","196300","196400","196800","196900","197000","194600","194500","194400","194300","194200","194100","194000","193900","193600","193500","3","12","18","884","3","93","2","290","107","5","65","2","15","121","122","3","17","3","33","34","1417","415","0","0","0","0","0","-194500","5","-100.00","192","0","1","0","0","","0","0","0","","",""
"080056","0000","0","195000","195800","195900","196000","196200","196300","196400","196800","196900","197000","194600","194500","194400","194300","194200","194100","194000","193900","193600","193500","3","12","18","884","3","93","2","290","107","5","65","2","15","121","122","3","17","3","33","34","1417","415","0","0","0","0","0","-194500","5","-100.00","192","0","0","0","0","","0","0","0","","",""
"080056","0001","0","194600","195000","195800","195900","196000","196200","196300","196400","196800","196900","194500","194400","194300","194200","194100","194000","193900","193600","193500","193200","16","3","12","18","884","3","93","2","290","107","2","15","121","122","3","17","3","33","34","5","1428","355","0","0","0","0","0","-194500","5","-100.00","257","11","-60","0","0","","0","0","0","","",""
"080057","0000","0","194600","195000","195800","195900","196000","196200","196300","196400","196800","196900","194500","194400","194300","194200","194100","194000","193900","193600","193500","193200","15","3","12","26","884","3","93","2","290","107","2","15","121","122","3","17","3","33","34","5","1435","355","0","0","0","0","0","-194500","5","-100.00","258","8","0","0","0","","0","0","0","","",""
"080057","0001","0","194600","195000","195800","195900","196000","196200","196300","196400","196800","196900","194500","194400","194300","194200","194100","194000","193900","193600","193500","193200","15","3","42","26","884","3","93","2","290","107","2","15","121","122","3","17","3","33","34","5","1465","355","0","0","0","0","0","-194500","5","-100.00","258","30","0","0","0","","0","0","0","","",""
"080059","0000","0","194600","195000","195800","195900","196000","196200","196300","196400","196800","196900","194500","194400","194300","194200","194100","194000","193900","193600","193500","193200","15","3","42","26","884","3","93","2","290","107","2","15","121","123","3","17","3","33","34","5","1465","356","0","0","0","0","0","-194500","5","-100.00","258","0","1","0","0","","0","0","0","","",""
"080059","0001","0","195000","195800","195900","196000","196200","196300","196400","196800","196900","197000","194500","194400","194300","194200","194100","194000","193900","193600","193500","193200","3","42","26","884","3","93","2","290","107","5","2","15","121","123","3","17","3","33","34","5","1455","356","0","0","0","0","0","-194500","5","-100.00","273","-10","0","0","0","","0","0","0","","",""
"080100","0000","0","195000","195800","195900","196000","196200","196300","196400","196800","196900","197000","194500","194400","194300","194200","194100","194000","193900","193600","193500","193200","3","42","26","884","3","93","2","290","107","5","2","65","121","123","3","17","3","33","34","5","1455","406","0","0","0","0","0","-194500","5","-100.00","273","0","50","0","0","","0","0","0","","",""
"080100","0001","0","195800","195900","196000","196200","196300","196400","196800","196900","197000","197800","194500","194400","194300","194200","194100","194000","193900","193600","193500","193200","41","26","884","3","93","2","290","107","5","3","2","65","121","123","3","17","3","33","34","5","1454","406","0","0","0","0","0","-194500","5","-100.00","277","-1","0","0","0","","0","0","0","","",""
"080100","0002","0","195800","195900","196000","196200","196300","196400","196800","196900","197000","197800","194500","194400","194300","194200","194100","194000","193900","193600","193500","193200","41","26","884","3","93","2","290","107","5","3","2","65","121","124","3","17","3","33","34","5","1454","407","0","0","0","0","0","-194500","5","-100.00","277","0","1","0","0","","0","0","0","","",""
"080100","0003","0","195800","195900","196000","196200","196300","196400","196800","196900","197000","197800","194500","194400","194300","194200","194100","194000","193900","193600","193500","193200","41","26","884","3","93","2","290","107","5","3","2","65","122","124","3","17","3","33","34","5","1454","408","0","0","0","0","0","-194500","5","-100.00","277","0","1","0","0","","0","0","0","","",""
"080101","0000","0","195800","195900","196000","196200","196300","196400","196800","196900","197000","197700","194500","194400","194300","194200","194100","194000","193900","193600","193500","193200","41","26","884","3","93","2","290","107","5","2","2","65","122","124","3","17","3","33","34","5","1453","408","0","0","0","0","0","-194500","5","-100.00","277","-1","0","0","0","","0","0","0","","",""
"080102","0000","0","195800","195900","196000","196200","196300","196400","196800","196900","197000","197700","194500","194400","194300","194200","194100","194000","193900","193600","193500","193200","41","26","884","3","93","2","290","107","5","2","22","65","122","124","3","17","3","33","34","5","1453","428","0","0","0","0","0","-194500","5","-100.00","277","0","20","0","0","","0","0","0","","",""
"080102","0001","0","195800","195900","196000","196200","196300","196400","196800","196900","197000","197700","194500","194400","194300","194200","194100","194000","193900","193600","193500","193200","41","26","884","3","93","2","290","107","5","2","22","65","122","123","3","17","3","33","34","5","1453","427","0","0","0","0","0","-194500","5","-100.00","277","0","-1","0","0","","0","0","0","","",""
"080102","0002","0","195800","195900","196000","196200","196300","196400","196800","196900","197000","197700","194800","194500","194400","194300","194200","194100","194000","193900","193600","193500","41","26","884","3","93","2","290","107","5","2","50","22","65","122","123","3","17","3","33","34","1453","472","0","0","0","0","0","-194500","5","-100.00","277","0","45","0","0","","0","0","0","","",""
"080103","0000","0","195800","195900","196000","196200","196300","196400","196800","196900","197000","197700","194800","194500","194400","194300","194200","194100","194000","193900","193600","193500","41","29","884","3","93","2","290","107","5","2","50","22","65","122","123","3","17","3","33","34","1456","472","0","0","0","0","0","-194500","5","-100.00","277","3","0","0","0","","0","0","0","","",""
"080103","0001","0","195800","195900","196000","196200","196300","196400","196800","196900","197000","197700","194800","194500","194400","194300","194200","194100","194000","193900","193600","193500","41","29","884","3","98","2","290","107","5","2","50","22","65","122","123","3","17","3","33","34","1461","472","0","0","0","0","0","-194500","5","-100.00","277","5","0","0","0","","0","0","0","","",""
"080104","0000","0","195800","195900","196000","196200","196300","196400","196800","196900","197000","197700","194800","194600","194500","194400","194300","194200","194100","194000","193900","193600","41","29","884","3","98","2","290","107","5","2","50","10","22","65","122","123","3","17","3","33","1461","448","0","0","0","0","0","-194500","5","-100.00","277","0","-24","0","0","","0","0","0","","",""
"080105","0000","0","195800","195900","196000","196200","196300","196400","196800","196900","197000","197700","194800","194600","194500","194400","194300","194200","194100","194000","193900","193600","41","29","884","3","98","2","290","107","5","2","50","10","22","115","122","173","3","17","3","33","1461","548","0","0","0","0","0","-194500","5","-100.00","277","0","100","0","0","","0","0","0","","",""
"080106","0000","0","195800","195900","196000","196200","196300","196400","196800","196900","197000","197700","194800","194600","194500","194400","194300","194200","194000","193900","193600","193500","41","29","884","3","98","2","290","107","5","2","50","10","22","115","122","173","17","3","33","34","1461","579","0","0","0","0","0","-194500","5","-100.00","277","0","31","0","0","","0","0","0","","",""
"080106","0001","0","195800","195900","196000","196200","196300","196400","196800","196900","197000","197700","194800","194600","194500","194400","194300","194200","194000","193900","193600","193500","41","29","884","3","98","2","290","107","5","2","50","19","22","115","122","173","17","3","33","34","1461","588","0","0","0","0","0","-194500","5","-100.00","277","0","9","0","0","","0","0","0","","",""
"080106","0002","0","195800","195900","196000","196200","196300","196400","196800","196900","197000","197700","195000","194800","194600","194500","194400","194300","194200","194000","193900","193600","51","29","884","3","98","2","290","107","5","2","1","50","19","22","115","122","173","17","3","33","1471","555","0","0","0","0","0","-194500","5","-100.00","281","0","-33","0","0","","0","0","0","","",""
"080107","0000","0","195800","195900","196000","196200","196300","196400","196800","196900","197000","197700","194800","194600","194500","194400","194300","194200","194000","193900","193600","193500","51","29","884","3","98","2","290","107","5","2","50","19","22","115","122","173","17","3","33","34","1471","588","0","0","0","0","0","-194500","5","-100.00","282","0","33","0","0","","0","0","0","","",""
"080108","0000","0","195800","195900","196000","196200","196300","196400","196800","196900","197000","197700","194800","194600","194500","194400","194300","194200","194000","193900","193600","193500","51","29","884","3","98","2","290","107","5","2","50","19","21","115","122","173","17","3","33","34","1471","587","0","0","0","0","0","-194500","5","-100.00","282","0","-1","0","0","","0","0","0","","",""
"080109","0000","0","195800","195900","196000","196200","196300","196400","196800","196900","197000","197700","194800","194700","194600","194500","194400","194300","194200","194000","193900","193600","51","29","884","3","98","2","290","107","5","2","50","1","19","21","115","122","173","17","3","33","1471","554","0","0","0","0","0","-194500","5","-100.00","282","0","-33","0","0","","0","0","0","","",""
"080110","0000","0","195700","195800","195900","196000","196200","196300","196400","196800","196900","197000","194800","194700","194600","194500","194400","194300","194200","194000","193900","193600","5","51","29","884","3","98","2","290","107","5","50","1","19","71","115","122","173","17","3","33","1474","604","0","0","0","0","0","-194500","5","-100.00","282","0","50","0","0","","0","0","0","","",""
"080112","0000","0","195700","195800","195900","196000","196200","196300","196400","196800","196900","197000","194800","194700","194600","194500","194400","194300","194200","194000","193900","193600","5","51","29","884","3","98","2","290","107","5","50","1","19","72","115","122","173","17","3","33","1474","605","0","0","0","0","0","-194500","5","-100.00","282","0","1","0","0","","0","0","0","","",""
"080113","0000","0","195700","195800","195900","196000","196200","196300","196400","196800","196900","197000","194800","194700","194600","194500","194400","194300","194200","194000","193900","193600","5","51","29","884","3","98","2","290","107","5","50","11","19","72","115","122","173","17","3","33","1474","615","0","0","0","0","0","-194500","5","-100.00","282","0","10","0","0","","0","0","0","","",""
"080113","0001","0","195700","195800","195900","196000","196200","196300","196400","196800","196900","197000","194800","194700","194600","194500","194400","194300","194200","194000","193900","193600","60","51","24","884","3","98","2","290","107","5","50","12","19","72","115","123","173","17","3","33","1524","617","0","0","0","0","0","-194500","5","-100.00","282","0","2","0","0","","0","0","0","","",""
"080114","0000","0","195000","195700","195800","195900","196000","196200","196300","196400","196800","196900","194800","194700","194600","194500","194400","194300","194200","194000","193900","193600","1","60","51","24","884","3","98","2","290","107","50","12","19","72","115","123","173","17","3","33","1520","617","0","0","0","0","0","-194500","5","-100.00","282","-4","0","0","0","","0","0","0","","",""
"080115","0000","0","195000","195700","195800","195900","196000","196200","196300","196400","196800","196900","194800","194700","194600","194500","194400","194300","194200","194000","193900","193600","1","60","51","24","884","3","98","32","290","107","50","12","19","72","115","123","173","17","3","33","1550","617","0","0","0","0","0","-194500","5","-100.00","282","30","0","0","0","","0","0","0","","",""
"080115","0001","0","195700","195800","195900","196000","196200","196300","196400","196800","196900","197000","195000","194800","194700","194600","194500","194400","194300","194200","194000","193900","60","51","24","884","3","98","32","290","107","5","4","50","12","19","72","115","123","173","17","3","1554","588","0","0","0","0","0","-194500","5","-100.00","283","4","-29","0","0","","0","0","0","","",""
"080115","0002","0","195700","195800","195900","196000","196200","196300","196400","196800","196900","197000","195000","194800","194700","194600","194500","194400","194300","194200","194000","193900","60","51","24","884","3","98","32","290","107","5","4","70","12","19","72","115","123","173","17","3","1554","608","0","0","0","0","0","-194500","5","-100.00","283","0","20","0","0","","0","0","0","","",""
"080116","0000","0","195700","195800","195900","196000","196200","196300","196400","196800","196900","197000","195000","194800","194700","194600","194500","194400","194300","194200","194000","193900","60","51","24","884","3","98","32","290","107","5","4","70","15","19","72","115","123","173","17","3","1554","611","0","0","0","0","0","-194500","5","-100.00","283","0","3","0","0","","0","0","0","","",""
"080116","0001","0","195700","195800","195900","196000","196200","196300","196400","196800","196900","197000","195000","194800","194700","194600","194500","194400","194300","194200","194000","193900","10","56","24","884","3","98","32","290","107","5","4","70","15","19","72","115","123","173","17","3","1509","611","0","0","0","0","0","-194500","5","-100.00","333","5","0","0","0","","0","0","0","","",""
"080117","0000","0","195700","195800","195900","196000","196200","196300","196400","196800","196900","197000","195000","194800","194700","194600","194500","194400","194300","194200","194000","193900","10","56","24","884","3","98","32","290","107","5","7","70","15","19","72","115","123","173","17","3","1509","614","0","0","0","0","0","-194500","5","-100.00","333","0","0","0","0","","0","0","0","","",""
"080118","0000","0","195700","195800","195900","196000","196200","196300","196400","196800","196900","197000","195000","194800","194700","194600","194500","194400","194300","194200","194000","193900","10","56","24","884","3","98","32","290","107","5","7","72","15","19","72","115","123","173","17","3","1509","616","0","0","0","0","0","-194500","5","-100.00","333","0","2","0","0","","0","0","0","","",""
"080118","0001","0","195700","195800","195900","196000","196200","196300","196400","196800","196900","197000","195000","194800","194700","194600","194500","194400","194300","194200","194000","193900","10","56","24","884","3","98","32","290","107","5","8","72","15","19","102","115","123","173","17","3","1509","647","0","0","0","0","0","-194500","5","-100.00","333","0","30","0","0","","0","0","0","","",""
"080119","0000","0","195700","195800","195900","196000","196200","196300","196400","196800","196900","197000","195000","194800","194700","194600","194500","194400","194300","194200","194000","193900","10","56","24","884","3","98","32","290","107","6","6","72","15","19","102","115","123","173","17","3","1510","645","0","0","0","0","0","-194500","5","-100.00","335","1","-2","0","0","","0","0","0","","",""
"080120","0000","0","195700","195800","195900","196000","196200","196300","196400","196800","196900","197000","195000","194800","194700","194600","194500","194400","194300","194200","194000","193900","11","56","24","884","3","98","32","290","107","6","6","72","15","19","102","115","123","173","17","3","1511","645","0","0","0","0","0","-194500","5","-100.00","335","1","0","0","0","","0","0","0","","",""
"080121","0000","0","195700","195800","195900","196000","196200","196300","196400","196800","196900","197000","195000","194800","194700","194600","194500","194400","194300","194200","194000","193900","11","56","24","885","3","98","32","290","107","6","6","72","15","19","102","115","123","173","17","3","1512","645","0","0","0","0","0","-194500","5","-100.00","335","1","0","0","0","","0","0","0","","",""
"080121","0001","0","195700","195800","195900","196000","196200","196300","196400","196800","196900","197000","195000","194800","194700","194600","194500","194400","194300","194200","194000","193900","11","56","24","885","3","98","32","290","107","6","6","78","15","19","102","115","123","173","17","3","1512","651","0","0","0","0","0","-194500","5","-100.00","335","0","6","0","0","","0","0","0","","",""
"080121","0002","0","195700","195800","195900","196000","196200","196300","196400","196800","196900","197000","195000","194800","194700","194600","194500","194400","194300","194200","194000","193900","11","56","24","885","3","98","32","290","107","6","56","78","15","19","102","115","123","173","17","3","1512","701","0","0","0","0","0","-194500","5","-100.00","335","0","50","0","0","","0","0","0","","",""
"080122","0000","0","195700","195800","195900","196000","196200","196300","196400","196800","196900","197000","195000","194800","194700","194600","194500","194400","194300","194200","194000","193900","11","56","24","885","3","98","32","290","107","6","66","78","15","19","102","115","123","173","17","3","1512","711","0","0","0","0","0","-194500","5","-100.00","335","0","10","0","0","","0","0","0","","",""
"080122","0001","0","195700","195800","195900","196000","196200","196300","196400","196800","196900","197000","195000","194800","194700","194600","194500","194400","194300","194200","194000","193900","11","59","24","885","3","98","32","290","107","6","66","78","14","19","102","115","123","173","17","3","1515","710","0","0","0","0","0","-194500","5","-100.00","335","0","-1","0","0","","0","0","0","","",""
"080123","0000","0","195700","195800","195900","196000","196200","196300","196400","196800","196900","197000","195000","194800","194700","194600","194500","194400","194300","194200","194000","193900","11","59","24","885","3","98","32","290","107","6","76","78","14","19","102","115","123","173","17","3","1515","720","0","0","0","0","0","-194500","5","-100.00","335","0","10","0","0","","0","0","0","","",""
"080123","0001","0","195700","195800","195900","196000","196200","196300","196400","196800","196900","197000","195000","194800","194700","194600","194500","194400","194300","194200","194000","193900","11","59","24","885","3","98","32","290","107","6","77","78","14","19","102","115","123","173","17","3","1515","721","0","0","0","0","0","-194500","5","-100.00","335","0","1","0","0","","0","0","0","","",""
"080124","0000","0","195700","195800","195900","196000","196200","196300","196400","196800","196900","197000","195000","194800","194700","194600","194500","194400","194300","194200","194000","193900","11","59","24","885","3","98","32","290","107","6","77","78","14","19","103","115","123","173","17","3","1515","722","0","0","0","0","0","-194500","5","-100.00","335","0","1","0","0","","0","0","0","","",""
"080124","0001","0","195700","195800","195900","196000","196200","196300","196400","196800","196900","197000","195000","194800","194700","194600","194500","194400","194300","194200","194000","193900","11","59","24","885","3","98","32","290","107","6","77","78","14","19","103","115","123","123","17","3","1515","672","0","0","0","0","0","-194500","5","-100.00","335","0","-50","0","0","","0","0","0","","",""
"080124","0002","0","195700","195800","195900","196000","196200","196300","196400","196800","196900","197000","195000","194800","194700","194600","194500","194400","194300","194200","194000","193900","11","119","24","885","3","98","32","290","107","6","77","78","14","19","103","115","123","123","17","3","1575","672","0","0","0","0","0","-194500","5","-100.00","335","60","0","0","0","","0","0","0","","",""
"080124","0003","0","195700","195800","195900","196000","196200","196300","196400","196800","196900","197000","195000","194800","194700","194600","194500","194400","194300","194200","194000","193900","11","119","24","886","3","98","32","290","107","6","92","78","14","19","103","115","123","123","17","3","1576","687","0","0","0","0","0","-194500","5","-100.00","335","1","15","0","0","","0","0","0","","",""
"080125","0000","0","195700","195800","195900","196000","196200","196300","196400","196800","196900","197000","195000","194800","194700","194600","194500","194400","194300","194200","194000","193900","11","119","24","886","3","98","32","290","107","6","91","78","14","19","103","115","123","123","17","3","1576","686","0","0","0","0","0","-194500","5","-100.00","336","0","-1","0","0","","0","0","0","","",""
"080126","0000","0","195700","195800","195900","196000","196200","196300","196400","196800","196900","197000","195000","194800","194700","194600","194500","194400","194300","194200","194000","193900","22","119","24","886","3","98","32","290","107","6","91","78","14","19","103","115","123","123","17","3","1587","686","0","0","0","0","0","-194500","5","-100.00","336","11","0","0","0","","0","0","0","","",""
"080126","0001","0","195700","195800","195900","196000","196200","196300","196400","196800","196900","197000","195000","194800","194700","194600","194500","194400","194300","194200","194000","193900","22","119","24","886","3","98","32","290","107","6","91","178","14","69","103","115","123","123","17","3","1587","836","0","0","0","0","0","-194500","5","-100.00","336","0","150","0","0","","0","0","0","","",""
"080126","0002","0","195700","195800","195900","196000","196200","196300","196400","196800","196900","197000","195000","194800","194700","194600","194500","194400","194300","194200","194000","193900","22","119","34","886","3","98","32","290","107","6","91","178","14","69","103","115","123","123","17","3","1597","836","0","0","0","0","0","-194500","5","-100.00","336","10","0","0","0","","0","0","0","","",""
"080127","0000","0","195700","195800","195900","196000","196200","196300","196400","196800","196900","197000","195000","194800","194700","194600","194500","194400","194300","194200","194000","193900","22","119","34","886","3","98","32","290","107","6","91","178","14","69","113","115","123","123","17","3","1597","846","0","0","0","0","0","-194500","5","-100.00","336","0","10","0","0","","0","0","0","","",""
"080128","0000","0","195700","195800","195900","196000","196200","196300","196400","196800","196900","197000","195000","194800","194700","194600","194500","194400","194300","194200","194000","193900","2","119","34","20","3","98","32","290","107","6","91","178","14","69","113","115","123","123","17","3","711","846","0","0","0","0","0","-194500","5","-100.00","356","-20","0","0","0","","0","0","0","","",""
"080129","0000","0","195700","195800","195900","196000","196200","196300","196400","196800","196900","197000","195000","194800","194700","194600","194500","194400","194300","194200","194000","193900","52","119","34","20","3","98","32","290","107","6","92","178","14","69","113","115","123","123","17","3","761","847","0","0","0","0","0","-194500","5","-100.00","356","50","0","0","0","","0","0","0","","",""
"080129","0001","0","195700","195800","195900","196000","196200","196300","196400","196800","196900","197000","195000","194800","194700","194600","194500","194400","194300","194200","194000","193900","52","119","34","20","3","98","32","290","107","6","99","183","14","69","113","115","118","123","17","3","761","854","0","0","0","0","0","-194500","5","-100.00","356","0","7","0","0","","0","0","0","","",""
"080129","0002","0","195700","195800","195900","196000","196200","196300","196400","196800","196900","197000","195000","194800","194700","194600","194500","194400","194300","194200","194000","193900","52","119","34","20","3","98","32","290","107","6","119","183","14","69","113","115","118","123","17","3","761","874","0","0","0","0","0","-194500","5","-100.00","356","0","20","0","0","","0","0","0","","",""
"080130","0000","0","195700","195800","195900","196000","196200","196300","196400","196800","196900","197000","195000","194800","194700","194600","194500","194400","194300","194200","194000","193900","52","119","34","20","3","98","32","290","107","6","89","183","14","69","113","115","118","123","17","3","761","844","0","0","0","0","0","-194500","5","-100.00","386","0","-30","0","0","","0","0","0","","",""
"080130","0001","0","195700","195800","195900","196000","196200","196300","196400","196800","196900","197000","195000","194800","194700","194600","194500","194400","194300","194200","194000","193900","52","119","34","20","3","98","32","290","107","6","92","183","14","69","113","115","118","123","17","3","761","847","0","0","0","0","0","-194500","5","-100.00","386","0","3","0","0","","0","0","0","","",""
"080131","0000","0","195700","195800","195900","196000","196200","196300","196400","196800","196900","197000","195000","194800","194700","194600","194500","194400","194300","194200","194000","193900","52","119","34","20","3","98","32","290","107","6","95","183","14","69","113","115","118","123","17","3","761","850","0","0","0","0","0","-194500","5","-100.00","386","0","3","0","0","","0","0","0","","",""
"080131","0001","0","195700","195800","195900","196000","196200","196300","196400","196800","196900","197000","195000","194800","194700","194600","194500","194400","194300","194200","194000","193900","52","119","34","20","3","98","32","290","107","6","95","183","14","69","113","115","118","124","17","3","761","851","0","0","0","0","0","-194500","5","-100.00","386","0","1","0","0","","0","0","0","","",""
"080132","0000","0","195700","195800","195900","196000","196200","196300","196400","196800","196900","197000","195000","194800","194700","194600","194500","194400","194300","194200","194000","193900","52","120","34","20","3","98","32","290","107","6","95","183","14","69","113","115","118","124","17","3","762","851","0","0","0","0","0","-194500","5","-100.00","386","1","0","0","0","","0","0","0","","",""
"080133","0000","0","195700","195800","195900","196000","196200","196300","196400","196800","196900","197000","195000","194800","194700","194600","194500","194400","194300","194200","194000","193900","52","120","34","20","3","98","32","290","107","6","100","188","14","69","113","115","118","124","17","3","762","861","0","0","0","0","0","-194500","5","-100.00","386","0","10","0","0","","0","0","0","","",""
"080133","0001","0","195700","195800","195900","196000","196100","196200","196300","196400","196800","196900","195000","194800","194700","194600","194500","194400","194300","194200","194000","193900","52","120","34","20","1","3","98","32","290","107","100","188","14","69","113","115","118","124","17","3","757","861","0","0","0","0","0","-194500","5","-100.00","386","-5","0","0","0","","0","0","0","","",""
"080134","0000","0","195700","195800","195900","196000","196100","196200","196300","196400","196800","196900","195000","194800","194700","194600","194500","194400","194300","194200","194000","193900","52","120","34","20","1","3","98","32","290","107","100","198","14","69","113","115","118","124","17","3","757","871","0","0","0","0","0","-194500","5","-100.00","386","0","10","0","0","","0","0","0","","",""
"080135","0000","0","195700","195800","195900","196000","196100","196200","196300","196400","196800","196900","195000","194800","194700","194600","194500","194400","194300","194200","194000","193900","52","120","34","20","1","3","98","32","290","107","110","198","14","69","113","115","118","124","17","3","757","881","0","0","0","0","0","-194500","5","-100.00","386","0","10","0","0","","0","0","0","","",""
"080136","0000","0","195700","195800","195900","196000","196100","196200","196300","196400","196800","196900","195000","194800","194700","194600","194500","194400","194300","194200","194000","193900","52","120","34","20","1","13","98","32","290","107","110","198","14","69","113","115","118","124","17","3","767","881","0","0","0","0","0","-194500","5","-100.00","386","10","0","0","0","","0","0","0","","",""
"080136","0001","0","195700","195800","195900","196000","196100","196200","196300","196400","196800","196900","195000","194800","194700","194600","194500","194400","194300","194200","194000","193900","53","120","34","20","1","13","98","32","290","107","110","198","14","69","113","115","118","124","17","3","768","881","0","0","0","0","0","-194500","5","-100.00","386","1","0","0","0","","0","0","0","","",""
"080137","0000","0","195700","195800","195900","196000","196100","196200","196300","196400","196800","196900","195000","194800","194700","194600","194500","194400","194300","194200","194000","193900","53","121","34","20","1","13","98","32","290","107","110","198","14","69","113","115","118","124","17","3","769","881","0","0","0","0","0","-194500","5","-100.00","386","1","0","0","0","","0","0","0","","",""
"080138","0000","0","195700","195800","195900","196000","196100","196200","196300","196400","196800","196900","195000","194800","194700","194600","194500","194400","194300","194200","194000","193900","53","121","34","20","1","13","98","32","290","107","110","198","14","69","113","115","118","124","17","4","769","882","0","0","0","0","0","-194500","5","-100.00","386","0","1","0","0","","0","0","0","","",""
"080139","0000","0","195700","195800","195900","196000","196100","196200","196300","196400","196800","196900","195000","194800","194700","194600","194500","194400","194300","194200","194000","193900","53","121","34","20","1","13","98","32","290","107","108","198","14","69","113","115","118","124","17","4","769","880","0","0","0","0","0","-194500","5","-100.00","388","0","-1","0","0","","0","0","0","","",""
"080140","0000","0","195700","195800","195900","196000","196100","196200","196300","196400","196600","196800","195000","194800","194700","194600","194500","194400","194300","194200","194000","193900","53","121","34","20","1","13","98","32","12","290","108","198","14","69","113","115","118","124","17","4","674","880","0","0","0","0","0","-194500","5","-100.00","388","-95","0","0","0","","0","0","0","","",""
"080140","0001","0","195700","195800","195900","196000","196100","196200","196300","196400","196600","196800","195000","194800","194700","194600","194500","194400","194300","194200","194000","193900","3","121","34","20","1","13","98","32","12","290","108","198","14","69","113","115","118","124","17","4","624","880","0","0","0","0","0","-194500","5","-100.00","388","-50","0","0","0","","0","0","0","","",""
"080142","0000","0","195700","195800","195900","196000","196100","196200","196300","196400","196600","196800","195000","194800","194700","194600","194500","194400","194300","194200","194000","193900","3","121","24","20","1","13","98","32","12","290","108","198","14","69","113","115","118","124","17","6","614","882","0","0","0","0","0","-194500","5","-100.00","388","-10","2","0","0","","0","0","0","","",""
"080143","0000","0","195700","195800","195900","196000","196100","196200","196300","196400","196600","196800","195000","194800","194700","194600","194500","194400","194300","194200","194000","193900","3","122","24","20","1","13","98","32","12","290","108","198","14","70","113","115","118","124","17","6","615","883","0","0","0","0","0","-194500","5","-100.00","388","1","1","0","0","","0","0","0","","",""
"080143","0001","0","195700","195800","195900","196000","196100","196200","196300","196400","196600","196800","195100","195000","194800","194700","194600","194500","194400","194300","194200","194000","3","122","24","20","11","13","98","32","12","290","9","108","198","14","70","113","115","118","115","17","625","877","0","0","0","0","0","-194500","5","-100.00","388","10","0","0","0","","0","0","0","","",""
"080143","0002","0","195700","195800","195900","196000","196100","196200","196300","196400","196600","196800","195100","195000","194800","194700","194600","194500","194400","194300","194200","194000","3","122","24","20","11","13","98","32","12","290","9","108","198","14","70","113","115","118","115","7","625","867","0","0","0","0","0","-194500","5","-100.00","388","0","-10","0","0","","0","0","0","","",""
"080143","0003","0","195700","195800","195900","196000","196100","196200","196300","196400","196600","196800","195100","195000","194800","194700","194600","194500","194400","194300","194200","194000","3","122","24","20","11","13","98","32","12","290","9","138","198","14","70","113","115","118","115","7","625","897","0","0","0","0","0","-194500","5","-100.00","388","0","30","0","0","","0","0","0","","",""
"080144","0000","0","195700","195800","195900","196000","196100","196200","196300","196400","196600","196800","195100","195000","194800","194700","194600","194500","194400","194300","194200","194000","8","122","24","20","11","13","98","32","12","290","9","138","198","14","70","113","115","118","115","7","630","897","0","0","0","0","0","-194500","5","-100.00","388","5","0","0","0","","0","0","0","","",""
"080144","0001","0","195700","195800","195900","196000","196100","196200","196300","196400","196600","196800","195100","195000","194800","194700","194600","194500","194400","194300","194200","194000","8","122","24","20","11","13","98","32","12","290","9","115","198","14","70","113","115","118","115","7","630","874","0","0","0","0","0","-194500","5","-100.00","388","0","-23","0","0","","0","0","0","","",""
"080146","0000","0","195700","195800","195900","196000","196100","196200","196300","196400","196600","196800","195100","195000","194800","194700","194600","194500","194400","194300","194200","194000","8","122","24","20","11","13","98","32","12","290","9","115","200","14","70","113","115","118","115","7","630","876","0","0","0","0","0","-194500","5","-100.00","388","0","2","0","0","","0","0","0","","",""
"080147","0000","0","195800","195900","196000","196100","196200","196300","196400","196600","196800","196900","195100","195000","194800","194700","194600","194500","194400","194300","194200","194000","122","24","20","11","13","98","32","12","290","107","9","115","200","14","70","113","115","118","115","7","729","876","0","0","0","0","0","-194500","5","-100.00","398","99","0","0","0","","0","0","0","","",""
"080147","0001","0","195800","195900","196000","196100","196200","196300","196400","196600","196800","196900","195100","195000","194800","194700","194600","194500","194400","194300","194200","194000","122","24","20","11","39","98","32","12","290","107","9","115","200","14","70","113","115","118","115","7","755","876","0","0","0","0","0","-194500","5","-100.00","398","26","0","0","0","","0","0","0","","",""
"080147","0002","0","195800","195900","196000","196100","196200","196300","196400","196600","196800","196900","195100","195000","194800","194700","194600","194500","194400","194300","194200","194000","122","24","20","11","39","98","32","12","290","107","9","120","195","14","70","113","115","118","115","7","755","876","0","0","0","0","0","-194500","5","-100.00","398","0","0","0","0","","0","0","0","","",""
"080148","0000","0","195800","195900","196000","196100","196200","196300","196400","196600","196800","196900","195100","195000","194800","194700","194600","194500","194400","194300","194200","194000","154","24","20","11","39","98","32","114","290","107","9","120","195","14","70","113","115","118","115","7","889","876","0","0","0","0","0","-194500","5","-100.00","398","134","0","0","0","","0","0","0","","",""
"080149","0000","0","195800","195900","196000","196100","196200","196300","196400","196600","196800","196900","195100","195000","194800","194700","194600","194500","194400","194300","194200","194000","154","24","20","11","39","98","32","114","290","107","9","120","190","14","70","113","115","118","115","7","889","871","0","0","0","0","0","-194500","5","-100.00","398","0","-5","0","0","","0","0","0","","",""
"080149","0001","0","195800","195900","196000","196100","196200","196300","196400","196600","196800","196900","195100","195000","194800","194700","194600","194500","194400","194300","194200","194000","155","24","20","11","39","98","32","114","290","107","9","120","190","14","70","113","115","118","115","7","890","871","0","0","0","0","0","-194500","5","-100.00","398","1","0","0","0","","0","0","0","","",""
"080149","0002","0","195800","195900","196000","196100","196200","196300","196400","196600","196800","196900","195100","195000","194800","194700","194600","194500","194400","194300","194200","194000","155","24","20","11","39","98","32","114","290","107","9","120","190","14","71","113","115","118","115","7","890","872","0","0","0","0","0","-194500","5","-100.00","398","0","1","0","0","","0","0","0","","",""
"080150","0000","0","195800","195900","196000","196100","196200","196300","196400","196600","196800","196900","195100","195000","194800","194700","194600","194500","194400","194300","194200","194000","155","24","20","11","39","98","32","114","290","107","9","120","190","14","72","113","115","118","115","7","890","873","0","0","0","0","0","-194500","5","-100.00","398","0","1","0","0","","0","0","0","","",""
"080152","0000","0","195800","195900","196000","196100","196200","196300","196400","196600","196800","196900","195100","195000","194800","194700","194600","194500","194400","194300","194200","194000","155","24","20","11","39","98","32","114","290","107","9","150","190","14","72","113","115","118","115","7","890","903","0","0","0","0","0","-194500","5","-100.00","398","0","30","0","0","","0","0","0","","",""
"080152","0001","0","195800","195900","196000","196100","196200","196300","196400","196600","196800","196900","195100","195000","194800","194700","194600","194500","194400","194300","194200","194000","156","24","20","11","38","98","32","114","290","107","9","150","190","14","72","113","115","118","115","7","890","903","0","0","0","0","0","-194500","5","-100.00","398","0","0","0","0","","0","0","0","","",""
"080153","0000","0","195800","195900","196000","196100","196200","196300","196400","196600","196800","196900","195100","195000","194800","194700","194600","194500","194400","194300","194200","194000","156","25","20","11","38","98","32","114","290","107","9","150","190","14","72","113","115","118","115","7","891","903","0","0","0","0","0","-194500","5","-100.00","398","1","0","0","0","","0","0","0","","",""
"080154","0000","0","195800","195900","196000","196100","196200","196300","196400","196600","196800","196900","195100","195000","194800","194700","194600","194500","194400","194300","194200","194100","156","25","20","11","38","98","32","114","290","107","9","150","190","14","72","114","115","118","115","1","891","898","0","0","0","0","0","-194500","5","-100.00","398","0","-5","0","0","","0","0","0","","",""
"080154","0001","0","195700","195800","195900","196000","196100","196200","196300","196400","196600","196800","195100","195000","194800","194700","194600","194500","194400","194300","194200","194100","2","156","25","20","11","38","98","32","114","290","9","150","190","14","72","114","115","118","115","1","786","898","0","0","0","0","0","-194500","5","-100.00","398","-105","0","0","0","","0","0","0","","",""
"080155","0000","0","195600","195700","195800","195900","196000","196100","196200","196300","196400","196600","195100","195000","194800","194700","194600","194500","194400","194300","194200","194100","50","2","156","25","20","11","38","98","32","114","9","150","190","14","72","114","115","118","115","1","546","898","0","0","0","0","0","-194500","5","-100.00","398","-240","0","0","0","","0","0","0","","",""
"080155","0001","0","195600","195700","195800","195900","196000","196100","196200","196300","196400","196600","195100","195000","194800","194700","194600","194500","194400","194300","194200","194100","50","2","156","25","20","11","38","148","32","114","9","150","190","14","72","114","115","118","115","1","596","898","0","0","0","0","0","-194500","5","-100.00","398","50","0","0","0","","0","0","0","","",""
"080156","0000","0","195600","195700","195800","195900","196000","196100","196200","196300","196400","196600","195100","195000","194800","194700","194600","194500","194400","194300","194200","194100","50","2","156","25","20","11","38","148","32","114","10","150","190","14","72","114","115","118","115","1","596","899","0","0","0","0","0","-194500","5","-100.00","398","0","1","0","0","","0","0","0","","",""
"080157","0000","0","195600","195700","195800","195900","196000","196100","196200","196300","196400","196600","195100","195000","194800","194700","194600","194500","194400","194300","194200","194100","50","3","156","25","20","11","38","148","32","114","10","150","190","14","72","114","115","118","115","1","597","899","0","0","0","0","0","-194500","5","-100.00","398","1","0","0","0","","0","0","0","","",""
"080159","0000","0","195600","195700","195800","195900","196000","196100","196200","196300","196400","196600","195100","195000","194800","194700","194600","194500","194400","194300","194200","194100","50","3","156","25","20","11","38","148","32","114","10","151","190","14","72","114","115","118","115","1","597","900","0","0","0","0","0","-194500","5","-100.00","398","0","1","0","0","","0","0","0","","",""
"080200","0000","0","195600","195700","195800","195900","196000","196100","196200","196300","196400","196600","195100","195000","194800","194700","194600","194500","194400","194300","194200","194100","50","3","156","25","21","11","38","148","32","114","10","153","190","14","72","114","115","118","115","1","598","902","0","0","0","0","0","-194500","5","-100.00","398","1","2","0","0","","0","0","0","","",""
"080200","0001","0","195600","195700","195800","195900","196000","196100","196200","196300","196400","196600","195100","195000","194800","194700","194600","194500","194400","194300","194200","194100","50","3","156","25","21","11","38","148","32","114","10","158","190","14","72","114","115","118","115","1","598","907","0","0","0","0","0","-194500","5","-100.00","398","0","5","0","0","","0","0","0","","",""
"080200","0002","0","195600","195700","195800","195900","196000","196100","196200","196300","196400","196600","195100","195000","194800","194700","194600","194500","194400","194300","194200","194100","50","4","156","25","21","11","38","148","32","114","10","158","190","14","72","114","115","118","115","1","599","907","0","0","0","0","0","-194500","5","-100.00","398","1","0","0","0","","0","0","0","","",""
"080201","0000","0","195600","195700","195800","195900","196000","196100","196200","196300","196400","196600","195100","195000","194800","194700","194600","194500","194400","194300","194200","194100","40","4","156","25","21","11","38","148","32","114","10","158","190","14","72","114","115","118","115","1","589","907","0","0","0","0","0","-194500","5","-100.00","408","-10","0","0","0","","0","0","0","","",""
"080201","0001","0","195600","195700","195800","195900","196000","196100","196200","196300","196400","196600","195100","195000","194800","194700","194600","194500","194400","194300","194200","194100","40","4","155","25","21","11","38","148","32","114","10","158","190","14","78","114","115","118","115","1","588","913","0","0","0","0","0","-194500","5","-100.00","408","-1","6","0","0","","0","0","0","","",""
"080202","0000","0","195600","195700","195800","195900","196000","196100","196200","196300","196400","196600","195200","195100","195000","194800","194700","194600","194500","194400","194300","194200","40","4","155","25","21","11","38","148","32","114","1","10","158","190","14","78","114","115","118","115","588","913","0","0","0","0","0","-194500","5","-100.00","408","0","0","0","0","","0","0","0","","",""
"080203","0000","0","195600","195700","195800","195900","196000","196100","196200","196300","196400","196600","195200","195100","195000","194800","194700","194600","194500","194400","194300","194200","35","4","155","25","21","11","38","148","32","114","1","10","158","190","14","78","114","115","118","115","583","913","0","0","0","0","0","-194500","5","-100.00","413","-5","0","0","0","","0","0","0","","",""
"080203","0001","0","195600","195700","195800","195900","196000","196100","196200","196300","196400","196600","195200","195100","195000","194800","194700","194600","194500","194400","194300","194200","35","4","155","25","21","11","38","148","32","114","1","10","158","190","14","78","114","115","118","116","583","914","0","0","0","0","0","-194500","5","-100.00","413","0","1","0","0","","0","0","0","","",""
"080203","0002","0","195600","195700","195800","195900","196000","196100","196200","196300","196400","196600","195200","195100","195000","194800","194700","194600","194500","194400","194300","194200","35","4","155","25","21","11","38","148","32","114","1","10","158","190","14","78","119","115","118","116","583","919","0","0","0","0","0","-194500","5","-100.00","413","0","5","0","0","","0","0","0","","",""
"080203","0003","0","195600","195700","195800","195900","196000","196100","196200","196300","196400","196600","195200","195100","195000","194800","194700","194600","194500","194400","194300","194200","45","4","145","25","21","11","38","148","32","114","1","10","158","190","14","78","119","115","118","116","583","919","0","0","0","0","0","-194500","5","-100.00","413","0","0","0","0","","0","0","0","","",""
"080204","0000","0","195600","195700","195800","195900","196000","196100","196200","196300","196400","196600","195200","195100","195000","194800","194700","194600","194500","194400","194300","194200","45","4","145","25","21","11","38","148","32","114","1","25","143","190","14","78","119","115","118","116","583","919","0","0","0","0","0","-194500","5","-100.00","413","0","0","0","0","","0","0","0","","",""
"080204","0001","0","195600","195700","195800","195900","196000","196100","196200","196300","196400","196600","195200","195100","195000","194800","194700","194600","194500","194400","194300","194200","41","4","145","25","21","11","38","148","32","114","1","25","143","190","14","78","119","115","118","116","579","919","0","0","0","0","0","-194500","5","-100.00","417","-4","0","0","0","","0","0","0","","",""
"080204","0002","0","195600","195700","195800","195900","196000","196100","196200","196300","196400","196600","195200","195100","195000","194800","194700","194600","194500","194400","194300","194200","41","4","145","25","21","11","38","148","32","114","1","75","143","190","14","78","119","115","118","116","579","969","0","0","0","0","0","-194500","5","-100.00","417","0","50","0","0","","0","0","0","","",""
"080205","0000","0","195600","195700","195800","195900","196000","196100","196200","196300","196400","196600","195300","195200","195100","195000","194800","194700","194600","194500","194400","194300","41","4","145","25","21","11","38","148","32","114","1","1","75","143","190","14","78","119","115","118","579","854","0","0","0","0","0","-194500","5","-100.00","417","0","-115","0","0","","0","0","0","","",""
"080206","0000","0","195600","195700","195800","195900","196000","196100","196200","196300","196400","196600","195300","195200","195100","195000","194800","194700","194600","194500","194400","194300","11","4","145","25","21","11","38","148","32","114","1","1","75","143","190","14","78","119","115","118","549","854","0","0","0","0","0","-194500","5","-100.00","447","-30","0","0","0","","0","0","0","","",""
"080206","0001","0","195600","195700","195800","195900","196000","196100","196200","196300","196400","196600","195300","195200","195100","195000","194800","194700","194600","194500","194400","194300","11","4","145","25","21","12","38","148","32","114","1","1","75","143","190","14","78","119","115","118","550","854","0","0","0","0","0","-194500","5","-100.00","447","1","0","0","0","","0","0","0","","",""
"080206","0002","0","195600","195700","195800","195900","196000","196100","196200","196300","196400","196600","195300","195200","195100","195000","194800","194700","194600","194500","194400","194300","12","4","145","25","21","12","38","148","32","114","1","1","75","143","190","14","78","119","115","118","551","854","0","0","0","0","0","-194500","5","-100.00","447","1","0","0","0","","0","0","0","","",""
"080206","0003","0","195600","195700","195800","195900","196000","196100","196200","196300","196400","196600","195300","195200","195100","195000","194800","194700","194600","194500","194400","194300","12","4","145","25","21","12","38","148","32","114","1","1","75","143","188","14","78","119","115","118","551","852","0","0","0","0","0","-194500","5","-100.00","447","0","-2","0","0","","0","0","0","","",""
"080207","0000","0","195600","195700","195800","195900","196000","196100","196200","196300","196400","196600","195300","195200","195100","195000","194800","194700","194600","194500","194400","194300","32","4","145","25","21","12","39","148","32","114","1","1","75","143","188","14","78","119","115","118","572","852","0","0","0","0","0","-194500","5","-100.00","447","21","0","0","0","","0","0","0","","",""
"080207","0001","0","195600","195700","195800","195900","196000","196100","196200","196300","196400","196600","195300","195200","195100","195000","194800","194700","194600","194500","194400","194300","17","4","145","25","21","12","39","148","32","114","1","1","60","143","188","14","78","119","115","118","557","837","0","0","0","0","0","-194500","5","-100.00","462","0","-15","0","0","","0","0","0","","",""
"080207","0002","0","195600","195700","195800","195900","196000","196100","196200","196300","196400","196600","195300","195200","195100","195000","194800","194700","194600","194500","194400","194300","7","4","145","25","21","12","39","148","32","114","1","1","60","133","188","14","78","119","115","118","547","827","0","0","0","0","0","-194500","5","-100.00","472","-10","-10","0","0","","0","0","0","","",""
"080208","0000","0","195600","195700","195800","195900","196000","196100","196200","196300","196400","196600","195400","195300","195200","195100","195000","194800","194700","194600","194500","194400","7","4","145","25","21","12","39","148","32","114","1","1","1","60","133","188","14","78","119","115","547","710","0","0","0","0","0","-194500","5","-100.00","472","0","-117","0","0","","0","0","0","","",""
"080211","0000","0","195600","195700","195800","195900","196000","196100","196200","196300","196400","196600","195400","195300","195200","195100","195000","194800","194700","194600","194500","194400","7","6","145","13","21","24","39","148","32","114","1","1","1","60","133","188","14","78","119","115","549","710","0","0","0","0","0","-194500","5","-100.00","472","2","0","0","0","","0","0","0","","",""
"080212","0000","0","195600","195700","195800","195900","196000","196100","196200","196300","196400","196600","195400","195300","195200","195100","195000","194800","194700","194600","194500","194400","7","16","145","13","21","24","39","148","32","114","1","1","1","60","133","188","14","78","119","115","559","710","0","0","0","0","0","-194500","5","-100.00","472","10","0","0","0","","0","0","0","","",""
"080212","0001","0","195600","195700","195800","195900","196000","196100","196200","196300","196400","196600","195500","195400","195300","195200","195100","195000","194800","194700","194600","194500","7","16","145","13","21","24","39","148","32","114","1","1","1","1","60","133","188","14","78","119","559","596","0","0","0","0","0","-194500","5","-100.00","472","0","-114","0","0","","0","0","0","","",""
"080213","0000","0","195600","195700","195800","195900","196000","196100","196200","196300","196400","196600","195500","195400","195300","195200","195100","195000","194800","194700","194600","194500","8","16","145","13","21","24","39","148","32","114","1","1","1","1","60","133","188","14","78","119","560","596","0","0","0","0","0","-194500","5","-100.00","472","1","0","0","0","","0","0","0","","",""
"080214","0000","0","195600","195700","195800","195900","196000","196100","196200","196300","196400","196500","195500","195400","195300","195200","195100","195000","194800","194700","194600","194500","8","16","145","13","21","24","39","148","32","10","1","1","1","31","60","133","188","14","78","119","456","626","0","0","0","0","0","-194500","5","-100.00","472","0","30","0","0","","0","0","0","","",""
"080214","0001","0","195600","195700","195800","195900","196000","196100","196200","196300","196400","196500","195500","195400","195300","195200","195100","195000","194800","194700","194600","194500","7","16","145","13","21","24","39","148","32","10","1","1","1","31","60","133","188","14","78","119","455","626","0","0","0","0","0","-194500","5","-100.00","473","-1","0","0","0","","0","0","0","","",""
"080215","0000","0","195600","195700","195800","195900","196000","196100","196200","196300","196400","196500","195500","195400","195300","195200","195100","195000","194800","194700","194600","194500","2","16","144","13","21","24","39","148","32","10","1","1","1","31","60","133","188","14","78","119","449","626","0","0","0","0","0","-194500","5","-100.00","478","-5","0","0","0","","0","0","0","","",""
"080215","0001","0","195600","195700","195800","195900","196000","196100","196200","196300","196400","196500","195500","195400","195300","195200","195100","195000","194800","194700","194600","194500","2","16","144","13","21","24","39","148","32","10","1","1","1","31","60","137","188","14","78","119","449","630","0","0","0","0","0","-194500","5","-100.00","478","0","4","0","0","","0","0","0","","",""
"080215","0002","0","195600","195700","195800","195900","196000","196100","196200","196300","196400","196500","195500","195400","195300","195200","195100","195000","194800","194700","194600","194500","2","16","144","13","21","24","39","148","32","10","1","1","1","31","61","137","188","14","78","119","449","631","0","0","0","0","0","-194500","5","-100.00","478","0","1","0","0","","0","0","0","","",""
"080216","0000","0","195600","195700","195800","195900","196000","196100","196200","196300","196400","196500","195500","195400","195300","195200","195100","195000","194800","194700","194600","194500","2","16","386","13","21","24","39","148","32","10","1","1","1","31","61","137","188","14","78","119","691","631","0","0","0","0","0","-194500","5","-100.00","478","242","0","0","0","","0","0","0","","",""
"080216","0001","0","195600","195700","195800","195900","196000","196100","196200","196300","196400","196500","195500","195400","195300","195200","195100","195000","194800","194700","194600","194500","2","16","386","13","21","24","39","148","32","10","1","1","1","32","61","137","188","14","78","119","691","632","0","0","0","0","0","-194500","5","-100.00","478","0","1","0","0","","0","0","0","","",""
"080217","0000","0","195600","195700","195800","195900","196000","196100","196200","196300","196400","196500","195500","195400","195300","195200","195100","195000","194800","194700","194600","194500","1","16","386","13","21","24","39","148","32","10","1","1","1","32","61","137","188","14","78","119","690","632","0","0","0","0","0","-194500","5","-100.00","479","-1","0","0","0","","0","0","0","","",""
"080217","0001","0","195600","195700","195800","195900","196000","196100","196200","196300","196400","196500","195500","195400","195300","195200","195100","195000","194800","194700","194600","194500","3","16","386","13","21","24","39","148","32","10","1","1","1","32","61","137","188","14","78","119","692","632","0","0","0","0","0","-194500","5","-100.00","479","2","0","0","0","","0","0","0","","",""
"080218","0000","0","195600","195700","195800","195900","196000","196100","196200","196300","196400","196500","195500","195400","195300","195200","195100","195000","194800","194700","194600","194500","3","14","386","13","21","24","39","148","32","10","1","1","1","32","61","137","188","14","78","119","690","632","0","0","0","0","0","-194500","5","-100.00","479","-2","0","0","0","","0","0","0","","",""
"080218","0001","0","195600","195700","195800","195900","196000","196100","196200","196300","196400","196500","195500","195400","195300","195200","195100","195000","194800","194700","194600","194500","3","14","386","13","21","24","39","148","32","10","1","1","1","32","61","137","188","14","78","119","690","632","0","0","0","0","0","-194500","5","-100.00","479","0","0","0","0","","0","0","0","","",""
"080219","0000","0","195600","195700","195800","195900","196000","196100","196200","196300","196400","196500","195500","195400","195300","195200","195100","195000","194800","194700","194600","194500","3","14","387","13","21","24","39","148","32","10","1","1","1","32","61","137","188","14","78","119","691","632","0","0","0","0","0","-194500","5","-100.00","479","1","0","0","0","","0","0","0","","",""
"080220","0000","0","195500","195600","195700","195800","195900","196000","196100","196200","196300","196400","195400","195300","195200","195100","195000","194800","194700","194600","194500","194400","1","1","14","387","13","21","24","39","148","32","1","1","32","61","137","188","14","78","119","115","680","746","0","0","0","0","0","-194500","5","-100.00","480","-11","114","0","0","","0","0","0","","",""
"080220","0001","0","195500","195600","195700","195800","195900","196000","196100","196200","196300","196400","195400","195300","195200","195100","195000","194800","194700","194600","194500","194400","1","1","14","387","13","21","24","39","148","32","1","1","32","61","137","188","14","78","119","125","680","756","0","0","0","0","0","-194500","5","-100.00","480","0","10","0","0","","0","0","0","","",""
"080220","0002","0","195500","195600","195700","195800","195900","196000","196100","196200","196300","196400","195400","195300","195200","195100","195000","194800","194700","194600","194500","194400","1","2","14","387","13","21","24","39","148","32","1","1","32","61","137","188","14","78","119","125","681","756","0","0","0","0","0","-194500","5","-100.00","480","1","0","0","0","","0","0","0","","",""
"080221","0000","0","195500","195600","195700","195800","195900","196000","196100","196200","196300","196400","195400","195300","195200","195100","195000","194800","194700","194600","194500","194400","1","2","14","387","13","21","24","39","148","32","1","1","32","61","137","188","14","78","119","125","681","756","0","0","0","0","0","-194500","5","-100.00","480","0","0","0","0","","0","0","0","","",""
"080223","0000","0","195500","195600","195700","195800","195900","196000","196100","196200","196300","196400","195400","195300","195200","195100","195000","194800","194700","194600","194500","194400","1","2","14","387","13","21","24","39","148","33","1","1","32","61","137","188","14","78","119","125","682","756","0","0","0","0","0","-194500","5","-100.00","480","1","0","0","0","","0","0","0","","",""
"080224","0000","0","195500","195600","195700","195800","195900","196000","196100","196200","196300","196400","195400","195300","195200","195100","195000","194800","194700","194600","194500","194400","1","2","14","387","13","21","24","39","148","33","1","1","32","61","137","188","16","78","119","125","682","758","0","0","0","0","0","-194500","5","-100.00","480","0","2","0","0","","0","0","0","","",""
"080224","0001","0","195500","195600","195700","195800","195900","196000","196100","196200","196300","196400","195400","195300","195200","195100","195000","194800","194700","194600","194500","194400","1","2","14","391","13","21","24","39","148","33","1","1","32","61","137","188","16","78","119","125","686","758","0","0","0","0","0","-194500","5","-100.00","480","4","0","0","0","","0","0","0","","",""
