"time","millisec","HOUR_CLS_CODE","ASKP1","ASKP2","ASKP3","ASKP4","ASKP5","ASKP6","ASKP7","ASKP8","ASKP9","ASKP10","BIDP1","BIDP2","BIDP3","BIDP4","BIDP5","BIDP6","BIDP7","BIDP8","BIDP9","BIDP10","ASKP_RSQN1","ASKP_RSQN2","ASKP_RSQN3","ASKP_RSQN4","ASKP_RSQN5","ASKP_RSQN6","ASKP_RSQN7","ASKP_RSQN8","ASKP_RSQN9","ASKP_RSQN10","BIDP_RSQN1","BIDP_RSQN2","BIDP_RSQN3","BIDP_RSQN4","BIDP_RSQN5","BIDP_RSQN6","BIDP_RSQN7","BIDP_RSQN8","BIDP_RSQN9","BIDP_RSQN10","TOTAL_ASKP_RSQN","TOTAL_BIDP_RSQN","OVTM_TOTAL_ASKP_RSQN","OVTM_TOTAL_BIDP_RSQN","ANTC_CNPR","ANTC_CNQN","ANTC_VOL","ANTC_CNTG_VRSS","ANTC_CNTG_VRSS_SIGN","ANTC_CNTG_PRDY_CTRT","ACML_VOL","TOTAL_ASKP_RSQN_ICDC","TOTAL_BIDP_RSQN_ICDC","OVTM_TOTAL_ASKP_ICDC","OVTM_TOTAL_BIDP_ICDC","STCK_DEAL_CLS_CODE","KMID_PRC","KMID_TOTAL_RSQN","KMID_CLS_CODE","NMID_PRC","NMID_TOTAL_RSQN","NMID_CLS_CODE"
"080000","0000","0","387000","390000","449500","459500","0","0","0","0","0","0","371000","290000","0","0","0","0","0","0","0","0","1","2","1","1","0","0","0","0","0","0","1","25","0","0","0","0","0","0","0","0","5","26","0","0","0","0","0","-380000","5","-100.00","0","0","0","0","0","","0","0","0","","",""
"080000","0001","0","381500","383500","385500","387000","387500","388500","389500","390000","390500","391500","375000","373500","371000","370000","365000","340500","330500","290000","0","0","50","30","20","1","7","8","9","2","10","21","5","50","1","5","5","1","1","25","0","0","158","93","0","0","0","0","0","-380000","5","-100.00","0","153","67","0","0","","0","0","0","","",""
"080001","0000","0","381500","382500","383000","383500","384000","384500","385000","385500","386000","386500","377000","376500","376000","375000","373500","372000","371000","370000","365000","362000","50","1","6","31","1","1","11","26","1","1","1","120","10","5","50","10","1","5","5","4","129","211","0","0","0","0","0","-380000","5","-100.00","0","-29","118","0","0","","0","0","0","","",""
"080001","0001","0","381500","382500","383000","383500","384000","384500","385000","385500","386000","386500","377000","376500","376000","375000","374000","373500","372000","371000","370500","370000","50","1","7","31","2","1","12","26","2","1","1","121","13","256","3","50","13","1","3","5","133","466","0","0","0","0","0","-380000","5","-100.00","0","4","255","0","0","","0","0","0","","",""
"080002","0000","0","381500","382500","383000","383500","384000","384500","385000","385500","386000","386500","377000","376500","376000","375000","374000","373500","372000","371500","371000","370500","50","1","7","31","2","1","12","26","2","6","1","121","13","256","3","77","13","4","1","18","138","507","0","0","0","0","0","-380000","5","-100.00","0","5","41","0","0","","0","0","0","","",""
"080002","0001","0","381500","382500","383000","383500","384000","384500","385000","385500","386000","386500","377000","376500","376000","375000","374000","373500","372000","371500","371000","370500","50","1","7","31","2","1","12","26","2","6","1","131","13","256","3","77","13","4","1","18","138","517","0","0","0","0","0","-380000","5","-100.00","0","0","10","0","0","","0","0","0","","",""
"080002","0002","0","381500","382500","383000","383500","384000","384500","385000","385500","386000","386500","377000","376500","376000","375000","374000","373500","372000","371500","371000","370500","50","1","7","31","2","1","12","27","12","6","1","131","13","291","3","77","13","4","1","18","149","552","0","0","0","0","0","-380000","5","-100.00","0","11","35","0","0","","0","0","0","","",""
"080003","0000","0","381000","381500","382500","383000","383500","384000","384500","385000","385500","386000","380000","377000","376500","376000","375000","374000","373500","372000","371500","371000","380","42","1","7","31","2","1","12","27","12","84","1","131","13","291","3","77","13","4","1","515","618","0","0","0","0","0","-380000","5","-100.00","8","366","66","0","0","","0","0","0","","",""
"080004","0000","0","381000","381500","382500","383000","383500","384000","384500","385000","385500","386000","380000","377000","376500","376000","375000","374000","373500","372000","371500","371000","380","42","1","7","31","2","1","12","27","22","86","1","131","13","291","3","77","13","4","15","525","634","0","0","0","0","0","-380000","5","-100.00","8","10","16","0","0","","0","0","0","","",""
"080004","0001","0","381000","381500","382500","383000","383500","384000","384500","385000","385500","386000","380000","377000","376500","376000","375000","374000","373500","372000","371500","371000","380","42","1","7","31","2","1","12","27","22","86","1","131","13","291","3","77","27","4","15","525","648","0","0","0","0","0","-380000","5","-100.00","8","0","14","0","0","","0","0","0","","",""
"080005","0000","0","381000","381500","382500","383000","383500","384000","384500","385000","385500","386000","380000","377000","376500","376000","375000","374000","373500","372000","371500","371000","380","42","1","7","31","2","1","12","27","122","86","3","130","13","291","3","77","27","4","15","625","649","0","0","0","0","0","-380000","5","-100.00","8","100","1","0","0","","0","0","0","","",""
"080005","0001","0","381000","381500","382500","383000","383500","384000","384500","385000","385500","386000","380000","377000","376500","376000","375000","374000","373500","372000","371500","371000","358","42","1","7","31","2","1","12","27","122","86","3","130","13","291","3","77","27","4","15","603","649","0","0","0","0","0","-380000","5","-100.00","30","-22","0","0","0","","0","0","0","","",""
"080006","0000","0","381000","381500","382500","383000","383500","384000","384500","385000","385500","386000","380000","377000","376500","376000","375000","374500","374000","373500","372000","371500","358","42","1","7","31","2","1","12","27","122","86","3","130","13","291","9","3","77","27","4","603","643","0","0","0","0","0","-380000","5","-100.00","30","0","-6","0","0","","0","0","0","","",""
"080006","0001","0","381000","381500","382500","383000","383500","384000","384500","385000","385500","386000","380000","378000","377000","376500","376000","375000","374500","374000","373500","372000","358","42","1","7","31","2","2","12","27","122","86","10","3","130","13","291","9","3","77","27","604","649","0","0","0","0","0","-380000","5","-100.00","30","1","6","0","0","","0","0","0","","",""
"080006","0002","0","381000","381500","382500","383000","383500","384000","384500","385000","385500","386000","380000","378000","377000","376500","376000","375000","374500","374000","373500","372000","358","42","1","7","31","52","2","12","27","122","86","10","3","130","13","291","9","3","77","27","654","649","0","0","0","0","0","-380000","5","-100.00","30","50","0","0","0","","0","0","0","","",""
"080007","0000","0","381000","381500","382500","383000","383500","384000","384500","385000","385500","386000","380000","379000","378000","377000","376500","376000","375000","374500","374000","373500","358","42","1","7","31","52","2","12","27","122","86","30","10","3","130","13","291","9","3","78","654","653","0","0","0","0","0","-380000","5","-100.00","30","0","4","0","0","","0","0","0","","",""
"080007","0001","0","381000","381500","382500","383000","383500","384000","384500","385000","385500","386000","380000","379000","378000","377000","376500","376000","375000","374500","374000","373500","358","42","1","7","59","52","2","12","27","122","86","30","10","3","130","14","291","9","3","78","682","654","0","0","0","0","0","-380000","5","-100.00","30","28","1","0","0","","0","0","0","","",""
"080008","0000","0","381000","381500","382500","383000","383500","384000","384500","385000","385500","386000","380000","379000","378000","377000","376500","376000","375000","374500","374000","373500","396","42","1","7","59","52","2","12","27","122","86","30","10","3","130","14","291","9","3","78","720","654","0","0","0","0","0","-380000","5","-100.00","30","38","0","0","0","","0","0","0","","",""
"080008","0001","0","381000","381500","382500","383000","383500","384000","384500","385000","385500","386000","380000","379000","378000","377000","376500","376000","375500","375000","374500","374000","396","42","1","7","59","52","2","12","27","122","86","30","10","3","130","14","20","291","9","3","720","596","0","0","0","0","0","-380000","5","-100.00","30","0","-58","0","0","","0","0","0","","",""
"080008","0002","0","381000","381500","382500","383000","383500","384000","384500","385000","385500","386000","380000","379000","378000","377500","377000","376500","376000","375500","375000","374500","496","42","1","7","59","52","2","12","27","122","86","30","10","20","3","130","14","20","291","9","820","613","0","0","0","0","0","-380000","5","-100.00","30","100","17","0","0","","0","0","0","","",""
"080008","0003","0","381000","381500","382500","383000","383500","384000","384500","385000","385500","386000","380000","379000","378000","377500","377000","376500","376000","375500","375000","374500","496","42","1","7","59","52","2","12","27","122","88","30","10","20","3","130","14","20","291","9","820","615","0","0","0","0","0","-380000","5","-100.00","30","0","2","0","0","","0","0","0","","",""
"080008","0004","0","381000","381500","382500","383000","383500","384000","384500","385000","385500","386000","380000","379000","378000","377500","377000","376500","376000","375500","375000","374500","485","42","1","7","59","52","2","12","27","122","88","30","10","20","3","130","14","20","291","9","809","615","0","0","0","0","0","-380000","5","-100.00","41","-11","0","0","0","","0","0","0","","",""
"080008","0005","0","381000","381500","382500","383000","383500","384000","384500","385000","385500","386000","380000","379000","378000","377500","377000","376500","376000","375500","375000","374500","493","42","1","8","59","52","2","12","17","122","88","30","10","20","3","130","14","20","291","9","808","615","0","0","0","0","0","-380000","5","-100.00","41","-1","0","0","0","","0","0","0","","",""
"080009","0000","0","381000","381500","382500","383000","383500","384000","384500","385000","385500","386000","380000","379000","378000","377500","377000","376500","376000","375500","375000","374500","492","42","1","8","59","52","2","12","17","122","88","30","10","20","4","130","14","20","291","9","807","616","0","0","0","0","0","-380000","5","-100.00","42","-1","1","0","0","","0","0","0","","",""
"080009","0001","0","381000","381500","382500","383000","383500","384000","384500","385000","385500","386000","380000","379000","378000","377500","377000","376500","376000","375500","375000","374500","492","42","1","8","59","52","2","12","17","123","88","30","10","20","4","130","14","20","291","9","808","616","0","0","0","0","0","-380000","5","-100.00","42","1","0","0","0","","0","0","0","","",""
"080010","0000","0","381000","381500","382500","383000","383500","384000","384500","385000","385500","386000","380000","379000","378000","377500","377000","376500","376000","375500","375000","374500","492","42","1","8","59","52","2","12","17","123","89","30","10","20","4","130","14","20","291","9","808","617","0","0","0","0","0","-380000","5","-100.00","42","0","1","0","0","","0","0","0","","",""
"080011","0000","0","381000","381500","382500","383000","383500","384000","384500","385000","385500","386000","380000","379000","378000","377500","377000","376500","376000","375500","375000","374500","492","42","1","8","59","52","2","12","17","123","89","30","30","20","4","130","14","20","291","9","808","637","0","0","0","0","0","-380000","5","-100.00","42","0","20","0","0","","0","0","0","","",""
"080011","0001","0","381000","381500","382500","383000","383500","384000","384500","385000","385500","386000","380000","379000","378000","377500","377000","376500","376000","375500","375000","374500","492","42","1","8","59","52","2","12","17","123","89","30","30","20","14","120","14","20","291","9","808","637","0","0","0","0","0","-380000","5","-100.00","42","0","0","0","0","","0","0","0","","",""
"080011","0002","0","381000","381500","382500","383000","383500","384000","384500","385000","385500","386000","380000","379000","378000","377500","377000","376500","376000","375500","375000","374500","487","42","1","8","59","52","2","12","17","123","89","30","30","20","14","120","14","20","291","9","803","637","0","0","0","0","0","-380000","5","-100.00","47","-5","0","0","0","","0","0","0","","",""
"080012","0000","0","381000","381500","382500","383000","383500","384000","384500","385000","385500","386000","380000","379000","378000","377500","377000","376500","376000","375500","375000","374500","486","42","1","8","59","52","2","12","17","123","89","30","30","20","14","120","14","20","291","9","802","637","0","0","0","0","0","-380000","5","-100.00","48","-1","0","0","0","","0","0","0","","",""
"080012","0001","0","381000","381500","382500","383000","383500","384000","384500","385000","385500","386000","380000","379000","378000","377500","377000","376500","376000","375500","375000","374500","486","42","1","8","59","52","2","12","17","123","93","30","30","20","14","120","14","20","291","9","802","641","0","0","0","0","0","-380000","5","-100.00","48","0","4","0","0","","0","0","0","","",""
"080013","0000","0","381000","381500","382500","383000","383500","384000","384500","385000","385500","386000","380000","379000","378000","377500","377000","376500","376000","375500","375000","374500","486","92","1","8","59","52","2","12","17","123","93","30","30","20","14","120","14","20","291","9","852","641","0","0","0","0","0","-380000","5","-100.00","48","50","0","0","0","","0","0","0","","",""
"080013","0001","0","381000","381500","382500","383000","383500","384000","384500","385000","385500","386000","380000","379000","378000","377500","377000","376500","376000","375500","375000","374500","486","92","1","8","59","52","2","18","17","123","93","30","30","20","14","120","14","20","291","9","858","641","0","0","0","0","0","-380000","5","-100.00","48","6","0","0","0","","0","0","0","","",""
"080013","0002","0","381000","381500","382500","383000","383500","384000","384500","385000","385500","386000","380000","379000","378000","377500","377000","376500","376000","375500","375000","374500","487","92","1","8","59","52","2","18","17","123","93","30","30","20","14","120","14","20","291","9","859","641","0","0","0","0","0","-380000","5","-100.00","48","1","0","0","0","","0","0","0","","",""
"080014","0000","0","381000","381500","382500","383000","383500","384000","384500","385000","385500","386000","380000","379000","378000","377500","377000","376500","376000","375500","375000","374500","487","92","1","8","59","52","2","18","17","123","98","30","31","20","14","120","14","20","291","9","859","647","0","0","0","0","0","-380000","5","-100.00","48","0","1","0","0","","0","0","0","","",""
"080014","0001","0","381000","381500","382500","383000","383500","384000","384500","385000","385500","386000","380000","379000","378000","377500","377000","376500","376000","375500","375000","374500","487","92","1","9","59","52","2","18","17","123","98","30","31","20","14","120","14","20","291","9","860","647","0","0","0","0","0","-380000","5","-100.00","48","1","0","0","0","","0","0","0","","",""
"080014","0002","0","381000","381500","382500","383000","383500","384000","384500","385000","385500","386000","380000","379000","378000","377500","377000","376500","376000","375500","375000","374500","487","92","1","9","59","52","2","18","17","123","98","30","31","50","14","120","14","20","291","9","860","677","0","0","0","0","0","-380000","5","-100.00","48","0","30","0","0","","0","0","0","","",""
"080015","0000","0","381000","381500","382500","383000","383500","384000","384500","385000","385500","386000","380000","379000","378000","377500","377000","376500","376000","375500","375000","374500","487","92","1","9","59","52","2","18","17","123","98","30","31","50","14","120","14","20","291","9","860","677","0","0","0","0","0","-380000","5","-100.00","48","0","0","0","0","","0","0","0","","",""
"080015","0001","0","381000","381500","382500","383000","383500","384000","384500","385000","385500","386000","380000","379000","378000","377500","377000","376500","376000","375500","375000","374500","487","92","1","9","59","52","6","18","17","123","98","30","31","50","14","120","14","20","291","9","864","677","0","0","0","0","0","-380000","5","-100.00","48","4","0","0","0","","0","0","0","","",""
"080015","0002","0","381000","381500","382500","383000","383500","384000","384500","385000","385500","386000","380000","379000","378000","377500","377000","376500","376000","375500","375000","374500","487","92","1","9","59","52","6","18","17","123","98","30","31","50","14","120","14","21","291","9","864","678","0","0","0","0","0","-380000","5","-100.00","48","0","1","0","0","","0","0","0","","",""
"080016","0000","0","381000","381500","382500","383000","383500","384000","384500","385000","385500","386000","380000","379000","378000","377500","377000","376500","376000","375500","375000","374500","484","92","1","9","59","52","6","18","17","123","98","30","31","50","14","120","14","21","291","9","861","678","0","0","0","0","0","-380000","5","-100.00","51","-3","0","0","0","","0","0","0","","",""
"080016","0001","0","381000","381500","382500","383000","383500","384000","384500","385000","385500","386000","380000","379000","378000","377500","377000","376500","376000","375500","375000","374500","484","92","1","9","59","52","6","19","17","123","98","30","31","50","14","120","14","21","291","9","862","678","0","0","0","0","0","-380000","5","-100.00","51","1","0","0","0","","0","0","0","","",""
"080017","0000","0","381000","381500","382500","383000","383500","384000","384500","385000","385500","386000","380000","379000","378000","377500","377000","376500","376000","375500","375000","374500","484","92","1","9","59","52","6","20","17","123","98","30","31","50","14","120","14","21","291","9","863","678","0","0","0","0","0","-380000","5","-100.00","51","1","0","0","0","","0","0","0","","",""
"080017","0001","0","381000","381500","382500","383000","383500","384000","384500","385000","385500","386000","380000","379000","378000","377500","377000","376500","376000","375500","375000","374500","482","92","1","9","59","52","6","20","17","123","78","30","31","50","14","120","14","21","291","9","861","658","0","0","0","0","0","-380000","5","-100.00","71","-2","-2","0","0","","0","0","0","","",""
"080017","0002","0","381000","381500","382500","383000","383500","384000","384500","385000","385500","386000","380000","379000","378000","377500","377000","376500","376000","375500","375000","374500","482","92","1","9","59","52","6","20","17","123","78","30","31","50","14","120","15","21","291","9","861","659","0","0","0","0","0","-380000","5","-100.00","71","0","1","0","0","","0","0","0","","",""
"080017","0003","0","381000","381500","382500","383000","383500","384000","384500","385000","385500","386000","380000","379000","378000","377500","377000","376500","376000","375500","375000","374500","482","92","1","9","59","52","6","20","17","123","78","30","31","50","34","120","15","21","291","9","861","679","0","0","0","0","0","-380000","5","-100.00","71","0","20","0","0","","0","0","0","","",""
"080018","0000","0","381000","381500","382500","383000","383500","384000","384500","385000","385500","386000","380000","379000","378000","377500","377000","376500","376000","375500","375000","374500","484","92","1","9","59","52","6","20","17","123","75","30","31","50","34","120","15","21","291","9","863","676","0","0","0","0","0","-380000","5","-100.00","74","2","-3","0","0","","0","0","0","","",""
"080019","0000","0","381000","381500","382500","383000","383500","384000","384500","385000","385500","386000","380000","379000","378000","377500","377000","376500","376000","375500","375000","374500","484","92","1","9","59","52","6","20","17","123","80","30","31","50","34","120","15","21","291","9","863","681","0","0","0","0","0","-380000","5","-100.00","74","0","5","0","0","","0","0","0","","",""
"080019","0001","0","381000","381500","382500","383000","383500","384000","384500","385000","385500","386000","380000","379000","378000","377500","377000","376500","376000","375500","375000","374500","484","92","1","9","59","52","6","20","17","123","80","30","31","51","34","120","15","21","291","9","863","682","0","0","0","0","0","-380000","5","-100.00","74","0","1","0","0","","0","0","0","","",""
"080020","0000","0","381000","381500","382500","383000","383500","384000","384500","385000","385500","386000","380000","379000","378000","377500","377000","376500","376000","375500","375000","374500","484","92","1","9","59","52","6","20","17","123","80","30","61","51","34","120","15","21","291","9","863","712","0","0","0","0","0","-380000","5","-100.00","74","0","30","0","0","","0","0","0","","",""
"080020","0001","0","381000","381500","382500","383000","383500","384000","384500","385000","385500","386000","380000","379000","378000","377500","377000","376500","376000","375500","375000","374500","484","92","1","9","59","52","6","20","17","123","80","30","61","51","34","120","15","21","311","9","863","732","0","0","0","0","0","-380000","5","-100.00","74","0","20","0","0","","0","0","0","","",""
"080020","0002","0","381000","381500","382500","383000","383500","384000","384500","385000","385500","386000","380000","379000","378000","377500","377000","376500","376000","375500","375000","374500","484","92","1","9","59","52","6","20","17","123","80","30","61","51","34","120","15","21","321","9","863","742","0","0","0","0","0","-380000","5","-100.00","74","0","10","0","0","","0","0","0","","",""
"080020","0003","0","381000","381500","382500","383000","383500","384000","384500","385000","385500","386000","380000","379000","378000","377500","377000","376500","376000","375500","375000","374500","484","92","1","9","59","52","6","20","17","123","80","30","61","51","39","120","15","21","321","9","863","747","0","0","0","0","0","-380000","5","-100.00","74","0","5","0","0","","0","0","0","","",""
"080020","0004","0","381000","381500","382500","383000","383500","384000","384500","385000","385500","386000","380000","379000","378000","377500","377000","376500","376000","375500","375000","374500","484","92","1","9","59","52","6","20","17","123","80","30","61","31","64","120","15","21","321","9","863","752","0","0","0","0","0","-380000","5","-100.00","74","0","5","0","0","","0","0","0","","",""
"080021","0000","0","381000","381500","382500","383000","383500","384000","384500","385000","385500","386000","380000","379000","378000","377500","377000","376500","376000","375500","375000","374500","484","92","1","9","59","52","6","20","17","123","80","30","61","31","64","150","15","21","321","9","863","782","0","0","0","0","0","-380000","5","-100.00","74","0","30","0","0","","0","0","0","","",""
"080021","0001","0","381000","381500","382500","383000","383500","384000","384500","385000","385500","386000","380000","379000","378000","377500","377000","376500","376000","375500","375000","374500","484","92","1","9","59","52","6","20","17","123","87","30","61","31","64","150","15","21","321","9","863","789","0","0","0","0","0","-380000","5","-100.00","74","0","7","0","0","","0","0","0","","",""
"080022","0000","0","381000","381500","382500","383000","383500","384000","384500","385000","385500","386000","380000","379000","378000","377500","377000","376500","376000","375500","375000","374500","484","92","1","9","59","52","6","20","17","123","92","30","61","31","64","150","15","21","321","9","863","794","0","0","0","0","0","-380000","5","-100.00","74","0","5","0","0","","0","0","0","","",""
"080023","0000","0","381000","381500","382500","383000","383500","384000","384500","385000","385500","386000","380000","379000","378000","377500","377000","376500","376000","375500","375000","374500","484","92","1","9","59","52","6","20","17","123","90","30","61","31","64","150","15","21","321","9","863","792","0","0","0","0","0","-380000","5","-100.00","76","0","-2","0","0","","0","0","0","","",""
"080023","0001","0","381000","381500","382500","383000","383500","384000","384500","385000","385500","386000","380000","379000","378000","377500","377000","376500","376000","375500","375000","374500","480","92","1","9","59","52","6","20","17","123","2","30","61","31","64","150","15","21","321","9","859","704","0","0","0","0","0","-380000","5","-100.00","168","-4","-80","0","0","","0","0","0","","",""
"080023","0002","0","381000","381500","382500","383000","383500","384000","384500","385000","385500","386000","380000","379000","378000","377500","377000","376500","376000","375500","375000","374500","480","92","1","9","59","52","6","20","17","123","2","30","61","31","64","150","15","21","326","9","859","709","0","0","0","0","0","-380000","5","-100.00","168","0","5","0","0","","0","0","0","","",""
"080024","0000","0","380000","381000","381500","382500","383000","383500","384000","384500","385000","385500","379000","378000","377500","377000","376500","376000","375500","375000","374500","374000","36","442","92","1","9","59","52","6","20","17","30","61","31","64","150","15","21","326","9","7","734","714","0","0","0","0","0","-380000","5","-100.00","170","-125","5","0","0","","0","0","0","","",""
"080024","0001","0","380000","381000","381500","382500","383000","383500","384000","384500","385000","385500","379000","378000","377500","377000","376500","376000","375500","375000","374500","374000","36","442","92","1","9","59","52","6","20","17","30","61","31","64","150","35","21","326","9","7","734","734","0","0","0","0","0","-380000","5","-100.00","170","0","20","0","0","","0","0","0","","",""
"080024","0002","0","380000","381000","381500","382500","383000","383500","384000","384500","385000","385500","379000","378000","377500","377000","376500","376000","375500","375000","374500","374000","36","442","92","1","9","59","52","6","20","17","30","61","31","64","150","35","36","326","9","7","734","749","0","0","0","0","0","-380000","5","-100.00","170","0","15","0","0","","0","0","0","","",""
"080025","0000","0","380000","381000","381500","382500","383000","383500","384000","384500","385000","385500","379000","378000","377500","377000","376500","376000","375500","375000","374500","374000","36","442","92","1","9","59","52","6","20","18","30","61","31","64","150","35","36","326","9","7","735","749","0","0","0","0","0","-380000","5","-100.00","170","1","0","0","0","","0","0","0","","",""
"080027","0000","0","380000","381000","381500","382500","383000","383500","384000","384500","385000","385500","379000","378000","377500","377000","376500","376000","375500","375000","374500","374000","41","442","92","1","9","59","52","6","20","18","30","61","31","64","150","35","36","326","9","7","740","749","0","0","0","0","0","-380000","5","-100.00","170","5","0","0","0","","0","0","0","","",""
"080027","0001","0","380000","381000","381500","382500","383000","383500","384000","384500","385000","385500","379000","378000","377500","377000","376500","376000","375500","375000","374500","374000","41","442","92","1","9","59","52","6","20","18","30","61","31","64","150","40","36","326","9","12","740","759","0","0","0","0","0","-380000","5","-100.00","170","0","10","0","0","","0","0","0","","",""
"080027","0002","0","380000","381000","381500","382500","383000","383500","384000","384500","385000","385500","379000","378000","377500","377000","376500","376000","375500","375000","374500","374000","41","442","92","1","9","59","52","6","20","18","3","61","31","64","150","40","36","326","9","12","740","732","0","0","0","0","0","-380000","5","-100.00","197","0","-27","0","0","","0","0","0","","",""
"080028","0000","0","380000","381000","381500","382500","383000","383500","384000","384500","385000","385500","379000","378000","377500","377000","376500","376000","375500","375000","374500","374000","58","442","92","1","9","59","52","6","20","18","3","61","31","64","150","40","36","326","9","12","757","732","0","0","0","0","0","-380000","5","-100.00","197","17","0","0","0","","0","0","0","","",""
"080028","0001","0","380000","381000","381500","382500","383000","383500","384000","384500","385000","385500","379000","378000","377500","377000","376500","376000","375500","375000","374500","374000","58","442","92","1","9","59","52","6","20","18","5","61","31","64","150","40","36","326","9","12","757","734","0","0","0","0","0","-380000","5","-100.00","197","0","2","0","0","","0","0","0","","",""
"080028","0002","0","380000","381000","381500","382500","383000","383500","384000","384500","385000","385500","379000","378000","377500","377000","376500","376000","375500","375000","374500","374000","58","442","92","1","9","59","52","6","20","18","5","61","31","64","150","40","66","326","9","12","757","764","0","0","0","0","0","-380000","5","-100.00","197","0","30","0","0","","0","0","0","","",""
"080028","0003","0","380000","381000","381500","382500","383000","383500","384000","384500","385000","385500","379000","378000","377500","377000","376500","376000","375500","375000","374500","374000","58","442","92","1","9","59","52","6","20","19","5","61","31","64","150","40","66","326","9","12","758","764","0","0","0","0","0","-380000","5","-100.00","197","1","0","0","0","","0","0","0","","",""
"080029","0000","0","380000","381000","381500","382500","383000","383500","384000","384500","385000","385500","379000","378000","377500","377000","376500","376000","375500","375000","374500","374000","58","342","92","1","9","59","52","6","20","19","5","61","31","64","150","40","66","326","9","12","658","764","0","0","0","0","0","-380000","5","-100.00","197","-100","0","0","0","","0","0","0","","",""
"080029","0001","0","380000","381000","381500","382500","383000","383500","384000","384500","385000","385500","379000","378000","377500","377000","376500","376000","375500","375000","374500","374000","58","342","92","1","9","59","53","6","20","19","7","61","31","71","160","40","66","326","9","12","659","783","0","0","0","0","0","-380000","5","-100.00","197","0","10","0","0","","0","0","0","","",""
"080029","0002","0","380000","381000","381500","382500","383000","383500","384000","384500","385000","385500","379000","378000","377500","377000","376500","376000","375500","375000","374500","374000","58","342","92","1","9","59","53","6","20","19","7","61","31","71","160","41","66","326","9","12","659","784","0","0","0","0","0","-380000","5","-100.00","197","0","1","0","0","","0","0","0","","",""
"080030","0000","0","380000","381000","381500","382500","383000","383500","384000","384500","385000","385500","379000","378000","377500","377000","376500","376000","375500","375000","374500","374000","58","342","92","1","9","59","53","6","20","19","8","61","31","71","160","41","66","326","9","12","659","785","0","0","0","0","0","-380000","5","-100.00","197","0","1","0","0","","0","0","0","","",""
"080030","0001","0","380000","381000","381500","382500","383000","383500","384000","384500","385000","385500","379000","378000","377500","377000","376500","376000","375500","375000","374500","374000","58","342","92","1","9","59","53","6","20","19","8","61","31","71","160","41","66","326","9","12","659","785","0","0","0","0","0","-380000","5","-100.00","197","0","0","0","0","","0","0","0","","",""
"080031","0000","0","380000","381000","381500","382500","383000","383500","384000","384500","385000","385500","379000","378000","377500","377000","376500","376000","375500","375000","374500","374000","58","342","92","1","9","69","53","6","20","19","8","61","31","71","160","41","69","326","9","12","669","788","0","0","0","0","0","-380000","5","-100.00","197","10","3","0","0","","0","0","0","","",""
"080032","0000","0","380000","381000","381500","382500","383000","383500","384000","384500","385000","385500","379000","378500","378000","377500","377000","376500","376000","375500","375000","374500","58","342","92","1","9","69","53","6","20","19","8","1","61","31","72","160","41","70","326","9","669","779","0","0","0","0","0","-380000","5","-100.00","197","0","-9","0","0","","0","0","0","","",""
"080032","0001","0","380000","381000","381500","382500","383000","383500","384000","384500","385000","385500","379000","378500","378000","377500","377000","376500","376000","375500","375000","374500","106","342","92","2","9","69","53","6","21","19","8","1","61","31","72","160","41","70","326","9","719","779","0","0","0","0","0","-380000","5","-100.00","197","2","0","0","0","","0","0","0","","",""
"080033","0000","0","380000","381000","381500","382500","383000","383500","384000","384500","385000","385500","379000","378500","378000","377500","377000","376500","376000","375500","375000","374500","106","342","92","2","9","69","53","6","21","19","7","1","61","31","72","160","41","70","326","9","719","778","0","0","0","0","0","-380000","5","-100.00","198","0","-1","0","0","","0","0","0","","",""
"080034","0000","0","380000","381000","381500","382500","383000","383500","384000","384500","385000","385500","379000","378500","378000","377500","377000","376500","376000","375500","375000","374500","104","342","92","2","9","69","53","6","21","20","7","1","61","31","72","160","41","70","336","9","718","788","0","0","0","0","0","-380000","5","-100.00","200","-1","10","0","0","","0","0","0","","",""
"080035","0000","0","379000","380000","381000","381500","382500","383000","383500","384000","384500","385000","378500","378000","377500","377000","376500","376000","375500","375000","374500","374000","1","104","342","92","2","9","69","53","6","21","1","61","31","72","160","41","70","336","9","13","699","794","0","0","0","0","0","-380000","5","-100.00","207","-19","6","0","0","","0","0","0","","",""
"080035","0001","0","380000","381000","381500","382500","383000","383500","384000","384500","385000","385500","379000","378500","378000","377500","377000","376500","376000","375500","375000","374500","104","342","92","2","9","69","53","6","21","20","9","1","61","31","72","160","41","70","336","9","718","790","0","0","0","0","0","-380000","5","-100.00","208","19","-4","0","0","","0","0","0","","",""
"080035","0002","0","380000","381000","381500","382500","383000","383500","384000","384500","385000","385500","379000","378500","378000","377500","377000","376500","376000","375500","375000","374500","104","342","92","2","9","69","53","6","22","20","9","1","61","31","72","160","41","70","336","9","719","790","0","0","0","0","0","-380000","5","-100.00","208","1","0","0","0","","0","0","0","","",""
"080035","0003","0","380000","381000","381500","382500","383000","383500","384000","384500","385000","385500","379000","378500","378000","377500","377000","376500","376000","375500","375000","374500","97","342","92","2","9","69","53","6","22","20","8","1","61","31","72","160","41","70","336","9","712","789","0","0","0","0","0","-380000","5","-100.00","216","-7","-1","0","0","","0","0","0","","",""
"080036","0000","0","380000","381000","381500","382500","383000","383500","384000","384500","385000","385500","379000","378500","378000","377500","377000","376500","376000","375500","375000","374500","97","334","92","2","9","69","53","6","22","20","3","2","61","31","72","160","41","70","336","9","704","785","0","0","0","0","0","-380000","5","-100.00","221","-8","-1","0","0","","0","0","0","","",""
"080036","0001","0","380000","381000","381500","382500","383000","383500","384000","384500","385000","385500","379000","378500","378000","377500","377000","376500","376000","375500","375000","374500","97","334","92","2","9","69","53","6","22","20","3","3","61","31","72","160","41","70","336","9","704","786","0","0","0","0","0","-380000","5","-100.00","221","0","1","0","0","","0","0","0","","",""
"080036","0002","0","380000","381000","381500","382500","383000","383500","384000","384500","385000","385500","379000","378500","378000","377500","377000","376500","376000","375500","375000","374500","97","334","92","2","9","69","53","6","22","20","4","3","61","31","72","160","41","70","336","9","704","787","0","0","0","0","0","-380000","5","-100.00","221","0","1","0","0","","0","0","0","","",""
"080037","0000","0","380000","381000","381500","382500","383000","383500","384000","384500","385000","385500","379000","378500","378000","377500","377000","376500","376000","375500","375000","374500","97","334","92","2","9","69","54","6","22","20","4","3","61","31","72","160","41","70","336","9","705","787","0","0","0","0","0","-380000","5","-100.00","221","1","0","0","0","","0","0","0","","",""
"080037","0001","0","380000","381000","381500","382500","383000","383500","384000","384500","385000","385500","379000","378500","378000","377500","377000","376500","376000","375500","375000","374500","97","334","92","2","9","69","54","6","22","20","4","3","61","31","72","160","41","70","386","9","705","837","0","0","0","0","0","-380000","5","-100.00","221","0","50","0","0","","0","0","0","","",""
"080037","0002","0","379000","380000","381000","381500","382500","383000","383500","384000","384500","385000","378500","378000","377500","377000","376500","376000","375500","375000","374500","374000","66","97","334","92","2","9","69","54","6","22","3","61","31","72","160","41","70","386","9","13","751","846","0","0","0","0","0","-380000","5","-100.00","225","46","9","0","0","","0","0","0","","",""
"080038","0000","0","379000","380000","381000","381500","382500","383000","383500","384000","384500","385000","378500","378000","377500","377000","376500","376000","375500","375000","374500","374000","66","97","334","92","2","9","69","54","6","22","3","61","31","72","160","41","70","399","9","13","751","859","0","0","0","0","0","-380000","5","-100.00","225","0","13","0","0","","0","0","0","","",""
"080038","0001","0","379000","380000","381000","381500","382500","383000","383500","384000","384500","385000","378500","378000","377500","377000","376500","376000","375500","375000","374500","374000","65","97","334","92","2","9","69","54","6","22","3","61","31","72","160","41","70","399","9","13","750","859","0","0","0","0","0","-380000","5","-100.00","226","-1","0","0","0","","0","0","0","","",""
"080038","0002","0","379000","380000","381000","381500","382500","383000","383500","384000","384500","385000","378500","378000","377500","377000","376500","376000","375500","375000","374500","374000","65","97","334","92","2","9","69","54","6","22","23","61","31","72","160","41","70","399","9","13","750","879","0","0","0","0","0","-380000","5","-100.00","226","0","20","0","0","","0","0","0","","",""
"080038","0003","0","379000","380000","381000","381500","382500","383000","383500","384000","384500","385000","378500","378000","377500","377000","376500","376000","375500","375000","374500","374000","65","92","334","92","2","9","69","54","6","22","23","61","31","72","160","41","70","399","9","13","745","879","0","0","0","0","0","-380000","5","-100.00","226","-5","0","0","0","","0","0","0","","",""
"080039","0000","0","379000","380000","381000","381500","382500","383000","383500","384000","384500","385000","378500","378000","377500","377000","376500","376000","375500","375000","374500","374000","65","92","334","92","2","9","69","54","16","22","23","61","31","72","160","41","70","399","9","13","755","879","0","0","0","0","0","-380000","5","-100.00","226","10","0","0","0","","0","0","0","","",""
"080039","0001","0","379000","380000","381000","381500","382500","383000","383500","384000","384500","385000","378500","378000","377500","377000","376500","376000","375500","375000","374500","374000","65","92","334","92","2","9","69","54","16","22","23","61","31","72","160","41","320","399","9","13","755","1129","0","0","0","0","0","-380000","5","-100.00","226","0","250","0","0","","0","0","0","","",""
"080040","0000","0","380000","381000","381500","382500","383000","383500","384000","384500","385000","385500","378500","378000","377500","377000","376500","376000","375500","375000","374500","374000","44","334","92","2","9","69","54","16","22","20","23","61","31","72","160","41","320","399","9","13","662","1129","0","0","0","0","0","-380000","5","-100.00","339","-93","0","0","0","","0","0","0","","",""
"080040","0001","0","380000","381000","381500","382500","383000","383500","384000","384500","385000","385500","379000","378500","378000","377500","377000","376500","376000","375500","375000","374500","44","334","92","2","9","69","54","16","22","20","4","23","61","31","72","160","41","320","399","9","662","1120","0","0","0","0","0","-380000","5","-100.00","339","0","-9","0","0","","0","0","0","","",""
"080041","0000","0","380000","381000","381500","382500","383000","383500","384000","384500","385000","385500","378500","378000","377500","377000","376500","376000","375500","375000","374500","374000","44","334","92","2","9","69","54","16","22","20","22","61","31","72","160","41","320","399","9","13","662","1128","0","0","0","0","0","-380000","5","-100.00","344","0","8","0","0","","0","0","0","","",""
"080041","0001","0","380000","381000","381500","382500","383000","383500","384000","384500","385000","385500","378500","378000","377500","377000","376500","376000","375500","375000","374500","374000","44","334","92","2","9","69","54","16","22","20","22","61","31","72","160","41","305","399","9","13","662","1113","0","0","0","0","0","-380000","5","-100.00","344","0","-15","0","0","","0","0","0","","",""
"080041","0002","0","380000","381000","381500","382500","383000","383500","384000","384500","385000","385500","379000","378500","378000","377500","377000","376500","376000","375500","375000","374500","44","334","92","2","9","69","54","16","22","20","5","22","61","31","172","160","41","305","399","9","662","1205","0","0","0","0","0","-380000","5","-100.00","344","0","-8","0","0","","0","0","0","","",""
"080042","0000","0","380000","381000","381500","382500","383000","383500","384000","384500","385000","385500","379000","378500","378000","377500","377000","376500","376000","375500","375000","374500","44","334","92","2","9","69","54","16","22","20","4","22","61","31","172","160","42","305","399","59","662","1255","0","0","0","0","0","-380000","5","-100.00","345","0","-1","0","0","","0","0","0","","",""
"080042","0001","0","380000","381000","381500","382500","383000","383500","384000","384500","385000","385500","379000","378500","378000","377500","377000","376500","376000","375500","375000","374500","44","334","92","2","9","69","54","16","22","20","4","22","61","31","183","160","42","305","399","59","662","1266","0","0","0","0","0","-380000","5","-100.00","345","0","11","0","0","","0","0","0","","",""
"080043","0000","0","380000","381000","381500","382500","383000","383500","384000","384500","385000","385500","379000","378500","378000","377500","377000","376500","376000","375500","375000","374500","44","334","92","2","9","69","54","16","22","20","14","22","61","31","183","160","42","305","399","59","662","1276","0","0","0","0","0","-380000","5","-100.00","345","0","10","0","0","","0","0","0","","",""
"080043","0001","0","380000","381000","381500","382500","383000","383500","384000","384500","385000","385500","379000","378500","378000","377500","377000","376500","376000","375500","375000","374500","44","334","92","2","9","69","54","16","72","20","14","22","61","31","183","160","42","305","399","59","712","1276","0","0","0","0","0","-380000","5","-100.00","345","50","0","0","0","","0","0","0","","",""
"080044","0000","0","380000","381000","381500","382500","383000","383500","384000","384500","385000","385500","379000","378500","378000","377500","377000","376500","376000","375500","375000","374500","44","334","95","2","9","69","54","16","72","20","14","72","61","31","183","160","42","305","399","59","715","1326","0","0","0","0","0","-380000","5","-100.00","345","3","0","0","0","","0","0","0","","",""
"080044","0001","0","380000","381000","381500","382500","383000","383500","384000","384500","385000","385500","379000","378500","378000","377500","377000","376500","376000","375500","375000","374500","44","334","95","2","9","69","54","16","72","20","11","77","61","31","183","160","42","305","399","59","715","1328","0","0","0","0","0","-380000","5","-100.00","348","0","2","0","0","","0","0","0","","",""
"080044","0002","0","380000","381000","381500","382500","383000","383500","384000","384500","385000","385500","379000","378500","378000","377500","377000","376500","376000","375500","375000","374500","44","334","95","2","9","69","54","16","72","20","12","77","61","31","183","160","42","305","399","59","715","1329","0","0","0","0","0","-380000","5","-100.00","348","0","1","0","0","","0","0","0","","",""
"080045","0000","0","380000","381000","381500","382500","383000","383500","384000","384500","385000","385500","379000","378500","378000","377500","377000","376500","376000","375500","375000","374500","44","334","95","2","10","69","54","16","72","20","12","77","61","31","183","160","42","305","399","59","716","1329","0","0","0","0","0","-380000","5","-100.00","348","1","0","0","0","","0","0","0","","",""
"080045","0001","0","380000","381000","381500","382500","383000","383500","384000","384500","385000","385500","379000","378500","378000","377500","377000","376500","376000","375500","375000","374500","44","334","95","2","10","69","54","16","72","20","12","82","81","31","183","160","42","305","399","59","716","1354","0","0","0","0","0","-380000","5","-100.00","348","0","5","0","0","","0","0","0","","",""
"080045","0002","0","380000","381000","381500","382500","383000","383500","384000","384500","385000","385500","379000","378500","378000","377500","377000","376500","376000","375500","375000","374500","44","334","95","2","10","69","54","16","72","20","12","82","81","31","184","160","75","305","399","59","716","1388","0","0","0","0","0","-380000","5","-100.00","348","0","1","0","0","","0","0","0","","",""
"080045","0003","0","380000","381000","381500","382500","383000","383500","384000","384500","385000","385500","379000","378500","378000","377500","377000","376500","376000","375500","375000","374500","44","334","95","2","10","69","54","16","72","20","12","82","81","31","184","170","75","305","399","59","716","1398","0","0","0","0","0","-380000","5","-100.00","348","0","10","0","0","","0","0","0","","",""
"080046","0000","0","380000","381000","381500","382500","383000","383500","384000","384500","385000","385500","379000","378500","378000","377500","377000","376500","376000","375500","375000","374500","44","334","95","2","10","69","54","16","72","22","7","82","81","41","184","170","75","305","399","59","718","1403","0","0","0","0","0","-380000","5","-100.00","353","0","-5","0","0","","0","0","0","","",""
"080046","0001","0","380000","381000","381500","382500","383000","383500","384000","384500","385000","385500","379000","378500","378000","377500","377000","376500","376000","375500","375000","374500","44","334","95","2","10","69","54","16","72","22","7","83","81","41","184","170","75","305","399","59","718","1404","0","0","0","0","0","-380000","5","-100.00","353","0","1","0","0","","0","0","0","","",""
"080047","0000","0","380000","381000","381500","382500","383000","383500","384000","384500","385000","385500","379000","378500","378000","377500","377000","376500","376000","375500","375000","374500","44","334","95","2","10","69","54","16","72","22","7","85","81","41","184","170","75","305","399","59","718","1406","0","0","0","0","0","-380000","5","-100.00","353","0","2","0","0","","0","0","0","","",""
"080047","0001","0","380000","381000","381500","382500","383000","383500","384000","384500","385000","385500","379000","378500","378000","377500","377000","376500","376000","375500","375000","374500","44","334","95","2","10","69","54","16","72","22","2","85","81","41","184","170","75","305","399","59","718","1401","0","0","0","0","0","-380000","5","-100.00","358","0","-5","0","0","","0","0","0","","",""
"080047","0002","0","380000","381000","381500","382500","383000","383500","384000","384500","385000","385500","379000","378500","378000","377500","377000","376500","376000","375500","375000","374500","44","334","95","2","10","69","54","16","72","22","2","85","81","41","184","170","75","305","399","60","718","1402","0","0","0","0","0","-380000","5","-100.00","358","0","1","0","0","","0","0","0","","",""
"080047","0003","0","380000","381000","381500","382500","383000","383500","384000","384500","385000","385500","378500","378000","377500","377000","376500","376000","375500","375000","374500","374000","44","334","95","2","10","69","54","16","72","22","82","81","41","184","170","75","305","399","60","64","718","1461","0","0","0","0","0","-380000","5","-100.00","363","0","59","0","0","","0","0","0","","",""
"080048","0000","0","380000","381000","381500","382500","383000","383500","384000","384500","385000","385500","378500","378000","377500","377000","376500","376000","375500","375000","374500","374000","44","334","95","2","10","69","54","16","72","22","82","81","41","184","170","85","305","399","60","64","718","1471","0","0","0","0","0","-380000","5","-100.00","363","0","10","0","0","","0","0","0","","",""
"080048","0001","0","380000","381000","381500","382500","383000","383500","384000","384500","385000","385500","378500","378000","377500","377000","376500","376000","375500","375000","374500","374000","44","334","95","2","10","69","54","16","72","22","82","81","41","184","170","85","305","400","60","64","718","1472","0","0","0","0","0","-380000","5","-100.00","363","0","1","0","0","","0","0","0","","",""
"080048","0002","0","380000","381000","381500","382500","383000","383500","384000","384500","385000","385500","378500","378000","377500","377000","376500","376000","375500","375000","374500","374000","44","334","95","2","10","69","54","16","72","22","79","81","41","184","170","85","305","400","60","64","718","1469","0","0","0","0","0","-380000","5","-100.00","366","0","-3","0","0","","0","0","0","","",""
"080048","0003","0","380000","381000","381500","382500","383000","383500","384000","384500","385000","385500","378500","378000","377500","377000","376500","376000","375500","375000","374500","374000","44","334","95","2","10","69","54","16","72","22","79","81","41","185","170","85","305","400","60","64","718","1470","0","0","0","0","0","-380000","5","-100.00","366","0","1","0","0","","0","0","0","","",""
"080049","0000","0","380000","381000","381500","382500","383000","383500","384000","384500","385000","385500","378500","378000","377500","377000","376500","376000","375500","375000","374500","374000","44","334","95","2","10","69","54","16","72","22","79","81","53","185","170","85","305","400","60","64","718","1482","0","0","0","0","0","-380000","5","-100.00","366","0","12","0","0","","0","0","0","","",""
"080050","0000","0","380000","381000","381500","382500","383000","383500","384000","384500","385000","385500","379000","378500","378000","377500","377000","376500","376000","375500","375000","374500","44","334","95","2","10","69","54","16","72","22","10","79","91","53","185","170","85","305","400","60","718","1438","0","0","0","0","0","-380000","5","-100.00","366","0","-44","0","0","","0","0","0","","",""
"080050","0001","0","380000","381000","381500","382500","383000","383500","384000","384500","385000","385500","379000","378500","378000","377500","377000","376500","376000","375500","375000","374500","44","334","95","22","10","69","54","16","72","22","10","79","91","113","185","170","85","305","400","60","738","1498","0","0","0","0","0","-380000","5","-100.00","366","20","0","0","0","","0","0","0","","",""
"080050","0002","0","380000","381000","381500","382500","383000","383500","384000","384500","385000","385500","379000","378500","378000","377500","377000","376500","376000","375500","375000","374500","44","334","95","22","10","69","54","16","72","22","10","79","91","123","185","170","85","305","400","60","738","1508","0","0","0","0","0","-380000","5","-100.00","366","0","10","0","0","","0","0","0","","",""
"080050","0003","0","380000","381000","381500","382500","383000","383500","384000","384500","385000","385500","379000","378500","378000","377500","377000","376500","376000","375500","375000","374500","44","334","95","22","10","69","54","16","72","22","10","79","128","123","185","170","85","305","400","60","738","1545","0","0","0","0","0","-380000","5","-100.00","366","0","37","0","0","","0","0","0","","",""
"080051","0000","0","380000","381000","381500","382500","383000","383500","384000","384500","385000","385500","379000","378500","378000","377500","377000","376500","376000","375500","375000","374500","34","334","95","22","10","69","54","16","72","22","10","79","128","206","195","170","85","305","400","60","728","1638","0","0","0","0","0","-380000","5","-100.00","376","0","83","0","0","","0","0","0","","",""
"080051","0001","0","380000","381000","381500","382500","383000","383500","384000","384500","385000","385500","379000","378500","378000","377500","377000","376500","376000","375500","375000","374500","34","334","95","22","10","69","54","16","72","22","10","79","128","206","195","170","85","305","405","60","728","1643","0","0","0","0","0","-380000","5","-100.00","376","0","5","0","0","","0","0","0","","",""
"080051","0002","0","380000","381000","381500","382500","383000","383500","384000","384500","385000","385500","379000","378500","378000","377500","377000","376500","376000","375500","375000","374500","34","334","95","22","10","69","54","16","72","22","7","79","128","206","195","170","85","305","405","60","728","1640","0","0","0","0","0","-380000","5","-100.00","379","0","-3","0","0","","0","0","0","","",""
"080051","0003","0","380000","381000","381500","382500","383000","383500","384000","384500","385000","385500","379000","378500","378000","377500","377000","376500","376000","375500","375000","374500","34","334","95","22","10","69","54","16","72","22","7","79","128","206","195","180","85","305","405","60","728","1650","0","0","0","0","0","-380000","5","-100.00","379","0","10","0","0","","0","0","0","","",""
"080051","0004","0","380000","381000","381500","382500","383000","383500","384000","384500","385000","385500","379000","378500","378000","377500","377000","376500","376000","375500","375000","374500","34","334","95","22","10","69","54","16","72","22","7","79","228","206","195","180","85","305","405","60","728","1750","0","0","0","0","0","-380000","5","-100.00","379","0","100","0","0","","0","0","0","","",""
"080052","0000","0","380000","381000","381500","382500","383000","383500","384000","384500","385000","385500","379000","378500","378000","377500","377000","376500","376000","375500","375000","374500","34","334","95","22","10","69","54","16","72","42","8","79","228","211","195","180","85","305","415","60","748","1766","0","0","0","0","0","-380000","5","-100.00","379","20","0","0","0","","0","0","0","","",""
"080052","0001","0","379500","380000","381000","381500","382500","383000","383500","384000","384500","385000","379000","378500","378000","377500","377000","376500","376000","375500","375000","374500","8","34","334","95","22","10","69","54","16","77","8","79","228","211","195","180","85","305","415","60","719","1766","0","0","0","0","0","-380000","5","-100.00","379","-34","0","0","0","","0","0","0","","",""
"080052","0002","0","379500","380000","381000","381500","382500","383000","383500","384000","384500","385000","379000","378500","378000","377500","377000","376500","376000","375500","375000","374500","8","34","334","95","22","10","69","54","16","77","8","80","229","211","195","180","85","305","415","60","719","1768","0","0","0","0","0","-380000","5","-100.00","379","0","2","0","0","","0","0","0","","",""
"080053","0000","0","379500","380000","381000","381500","382500","383000","383500","384000","384500","385000","379000","378500","378000","377500","377000","376500","376000","375500","375000","374500","8","34","334","95","22","10","69","54","16","77","8","81","229","211","195","180","85","305","415","60","719","1769","0","0","0","0","0","-380000","5","-100.00","379","0","1","0","0","","0","0","0","","",""
"080053","0001","0","379500","380000","381000","381500","382500","383000","383500","384000","384500","385000","379000","378500","378000","377500","377000","376500","376000","375500","375000","374500","8","34","334","95","22","10","69","54","16","77","8","88","229","211","195","180","85","305","415","60","719","1776","0","0","0","0","0","-380000","5","-100.00","379","0","7","0","0","","0","0","0","","",""
"080054","0000","0","379500","380000","381000","381500","382500","383000","383500","384000","384500","385000","379000","378500","378000","377500","377000","376500","376000","375500","375000","374500","8","34","334","95","22","10","69","54","16","77","9","88","229","211","195","180","85","305","415","60","719","1777","0","0","0","0","0","-380000","5","-100.00","380","0","2","0","0","","0","0","0","","",""
"080054","0001","0","379500","380000","381000","381500","382500","383000","383500","384000","384500","385000","379000","378500","378000","377500","377000","376500","376000","375500","375000","374500","8","34","334","95","2","30","69","54","16","77","9","88","229","211","195","180","85","305","416","60","719","1778","0","0","0","0","0","-380000","5","-100.00","380","0","1","0","0","","0","0","0","","",""
"080055","0000","0","379500","380000","381000","381500","382500","383000","383500","384000","384500","385000","379000","378500","378000","377500","377000","376500","376000","375500","375000","374500","8","34","334","95","2","30","69","54","16","82","13","88","229","261","195","180","95","315","416","60","724","1852","0","0","0","0","0","-380000","5","-100.00","380","5","0","0","0","","0","0","0","","",""
"080055","0001","0","379500","380000","381000","381500","382500","383000","383500","384000","384500","385000","379000","378500","378000","377500","377000","376500","376000","375500","375000","374500","8","34","334","95","2","30","69","54","16","82","13","88","249","261","195","180","95","315","417","60","724","1873","0","0","0","0","0","-380000","5","-100.00","380","0","21","0","0","","0","0","0","","",""
"080055","0002","0","379500","380000","381000","381500","382500","383000","383500","384000","384500","385000","379000","378500","378000","377500","377000","376500","376000","375500","375000","374500","8","34","334","95","2","30","69","54","16","82","13","88","275","261","195","180","95","315","417","60","724","1899","0","0","0","0","0","-380000","5","-100.00","380","0","26","0","0","","0","0","0","","",""
"080056","0000","0","379500","380000","381000","381500","382500","383000","383500","384000","384500","385000","379000","378500","378000","377500","377000","376500","376000","375500","375000","374500","8","34","334","95","2","30","69","54","16","82","13","88","276","261","195","180","95","315","417","60","724","1900","0","0","0","0","0","-380000","5","-100.00","380","0","1","0","0","","0","0","0","","",""
"080056","0001","0","379500","380000","381000","381500","382500","383000","383500","384000","384500","385000","379000","378500","378000","377500","377000","376500","376000","375500","375000","374500","8","34","334","95","2","30","69","54","16","107","13","88","276","261","195","180","95","315","417","60","749","1900","0","0","0","0","0","-380000","5","-100.00","380","25","0","0","0","","0","0","0","","",""
"080056","0002","0","379500","380000","381000","381500","382500","383000","383500","384000","384500","385000","379000","378500","378000","377500","377000","376500","376000","375500","375000","374500","8","34","334","95","2","30","69","54","16","107","13","88","276","261","195","180","96","315","417","60","749","1901","0","0","0","0","0","-380000","5","-100.00","380","0","1","0","0","","0","0","0","","",""
"080056","0003","0","379500","380000","381000","381500","382500","383000","383500","384000","384500","385000","379000","378500","378000","377500","377000","376500","376000","375500","375000","374500","8","34","334","95","2","30","69","54","16","107","13","89","276","261","188","180","96","315","417","60","749","1895","0","0","0","0","0","-380000","5","-100.00","380","0","-6","0","0","","0","0","0","","",""
"080056","0004","0","379500","380000","381000","381500","382500","383000","383500","384000","384500","385000","379000","378500","378000","377500","377000","376500","376000","375500","375000","374500","7","34","334","95","2","30","69","54","16","107","13","89","277","261","188","180","96","315","417","60","748","1896","0","0","0","0","0","-380000","5","-100.00","381","-1","1","0","0","","0","0","0","","",""
"080057","0000","0","379500","380000","381000","381500","382500","383000","383500","384000","384500","385000","378500","378000","377500","377000","376500","376000","375500","375000","374500","374000","7","17","334","95","2","30","69","54","16","107","85","277","261","188","180","96","315","417","60","65","731","1944","0","0","0","0","0","-380000","5","-100.00","398","-17","48","0","0","","0","0","0","","",""
"080058","0000","0","379500","380000","381000","381500","382500","383000","383500","384000","384500","385000","378500","378000","377500","377000","376500","376000","375500","375000","374500","374000","7","17","334","95","2","31","69","55","16","108","95","277","261","188","180","96","315","417","60","65","734","1954","0","0","0","0","0","-380000","5","-100.00","398","3","0","0","0","","0","0","0","","",""
"080058","0001","0","379500","380000","381000","381500","382500","383000","383500","384000","384500","385000","378500","378000","377500","377000","376500","376000","375500","375000","374500","374000","7","17","334","95","2","31","69","55","16","108","95","277","261","188","180","96","315","417","60","65","734","1954","0","0","0","0","0","-380000","5","-100.00","398","0","0","0","0","","0","0","0","","",""
"080058","0002","0","379500","380000","381000","381500","382500","383000","383500","384000","384500","385000","378500","378000","377500","377000","376500","376000","375500","375000","374500","374000","7","17","334","95","2","31","69","55","16","108","96","277","261","188","180","96","315","417","60","65","734","1955","0","0","0","0","0","-380000","5","-100.00","398","0","1","0","0","","0","0","0","","",""
"080058","0003","0","379500","380000","381000","381500","382500","383000","383500","384000","384500","385000","379000","378500","378000","377500","377000","376500","376000","375500","375000","374500","7","17","334","95","2","31","69","55","16","108","5","94","277","261","188","180","96","315","417","60","734","1893","0","0","0","0","0","-380000","5","-100.00","398","0","-2","0","0","","0","0","0","","",""
"080058","0004","0","379500","380000","381000","381500","382500","383000","383500","384000","384500","385000","379000","378500","378000","377500","377000","376500","376000","375500","375000","374500","7","17","334","95","2","31","69","55","16","108","5","94","277","261","188","180","196","315","417","60","734","1993","0","0","0","0","0","-380000","5","-100.00","398","0","100","0","0","","0","0","0","","",""
"080059","0000","0","379500","380000","381000","381500","382500","383000","383500","384000","384500","385000","379000","378500","378000","377500","377000","376500","376000","375500","375000","374500","7","17","334","95","2","31","69","55","16","108","48","94","277","261","188","180","196","315","417","60","734","2036","0","0","0","0","0","-380000","5","-100.00","398","0","43","0","0","","0","0","0","","",""
"080059","0001","0","379500","380000","381000","381500","382500","383000","383500","384000","384500","385000","379000","378500","378000","377500","377000","376500","376000","375500","375000","374500","7","17","334","139","2","31","69","55","16","108","61","116","280","261","188","180","196","315","417","60","778","2074","0","0","0","0","0","-380000","5","-100.00","398","0","23","0","0","","0","0","0","","",""
"080059","0002","0","379500","380000","381000","381500","382500","383000","383500","384000","384500","385000","379000","378500","378000","377500","377000","376500","376000","375500","375000","374500","7","17","334","139","2","31","69","55","16","108","61","116","280","261","238","180","198","315","447","60","778","2156","0","0","0","0","0","-380000","5","-100.00","398","0","82","0","0","","0","0","0","","",""
"080100","0000","0","379500","380000","381000","381500","382500","383000","383500","384000","384500","385000","379000","378500","378000","377500","377000","376500","376000","375500","375000","374500","7","17","334","139","2","32","69","56","16","109","60","116","280","261","238","180","198","315","447","60","781","2155","0","0","0","0","0","-380000","5","-100.00","399","3","0","0","0","","0","0","0","","",""
"080101","0000","0","379500","380000","381000","381500","382500","383000","383500","384000","384500","385000","379000","378500","378000","377500","377000","376500","376000","375500","375000","374500","7","17","334","139","2","32","69","56","16","109","60","117","280","261","238","180","198","315","447","60","781","2156","0","0","0","0","0","-380000","5","-100.00","399","0","1","0","0","","0","0","0","","",""
"080101","0001","0","379500","380000","381000","381500","382500","383000","383500","384000","384500","385000","379000","378500","378000","377500","377000","376500","376000","375500","375000","374500","7","17","334","139","2","32","69","56","16","109","47","116","281","261","238","180","198","315","447","60","781","2143","0","0","0","0","0","-380000","5","-100.00","413","0","1","0","0","","0","0","0","","",""
"080101","0002","0","379500","380000","381000","381500","382500","383000","383500","384000","384500","385000","379000","378500","378000","377500","377000","376500","376000","375500","375000","374500","7","17","334","139","2","32","69","56","16","109","47","148","281","261","238","180","198","315","447","60","781","2175","0","0","0","0","0","-380000","5","-100.00","413","0","32","0","0","","0","0","0","","",""
"080102","0000","0","379500","380000","381000","381500","382500","383000","383500","384000","384500","385000","379000","378500","378000","377500","377000","376500","376000","375500","375000","374500","7","17","334","139","2","32","69","56","16","109","47","149","286","261","238","180","198","315","447","60","781","2181","0","0","0","0","0","-380000","5","-100.00","413","0","6","0","0","","0","0","0","","",""
"080103","0000","0","379500","380000","381000","381500","382500","383000","383500","384000","384500","385000","379000","378500","378000","377500","377000","376500","376000","375500","375000","374500","7","17","334","139","2","32","69","56","16","109","47","149","286","261","238","180","200","315","447","60","781","2183","0","0","0","0","0","-380000","5","-100.00","413","0","2","0","0","","0","0","0","","",""
"080103","0001","0","379500","380000","381000","381500","382500","383000","383500","384000","384500","385000","379000","378500","378000","377500","377000","376500","376000","375500","375000","374500","7","17","334","139","2","32","69","56","16","109","47","149","287","261","238","180","200","315","447","60","781","2184","0","0","0","0","0","-380000","5","-100.00","413","0","1","0","0","","0","0","0","","",""
"080103","0002","0","379500","380000","381000","381500","382500","383000","383500","384000","384500","385000","379000","378500","378000","377500","377000","376500","376000","375500","375000","374500","7","17","334","139","2","32","69","56","16","109","46","160","287","261","238","180","200","315","447","60","781","2194","0","0","0","0","0","-380000","5","-100.00","414","0","11","0","0","","0","0","0","","",""
"080104","0000","0","379500","380000","381000","381500","382500","383000","383500","384000","384500","385000","379000","378500","378000","377500","377000","376500","376000","375500","375000","374500","7","17","334","139","2","32","69","56","16","109","56","160","287","261","238","180","200","315","447","60","781","2204","0","0","0","0","0","-380000","5","-100.00","414","0","10","0","0","","0","0","0","","",""
"080104","0001","0","379500","380000","381000","381500","382500","383000","383500","384000","384500","385000","379000","378500","378000","377500","377000","376500","376000","375500","375000","374500","7","17","334","139","2","32","69","56","16","109","36","160","287","261","238","180","200","315","447","60","781","2184","0","0","0","0","0","-380000","5","-100.00","434","0","-20","0","0","","0","0","0","","",""
"080104","0002","0","379500","380000","381000","381500","382500","383000","383500","384000","384500","385000","379000","378500","378000","377500","377000","376500","376000","375500","375000","374500","7","17","334","139","2","32","69","56","16","109","36","210","287","261","238","180","200","315","447","60","781","2234","0","0","0","0","0","-380000","5","-100.00","434","0","50","0","0","","0","0","0","","",""
"080105","0000","0","379500","380000","381000","381500","382500","383000","383500","384000","384500","385000","379000","378500","378000","377500","377000","376500","376000","375500","375000","374500","7","22","334","139","2","32","69","56","16","109","36","260","287","211","238","180","200","315","447","60","786","2234","0","0","0","0","0","-380000","5","-100.00","434","5","0","0","0","","0","0","0","","",""
"080105","0001","0","379500","380000","381000","381500","382500","383000","383500","384000","384500","385000","379000","378500","378000","377500","377000","376500","376000","375500","375000","374500","7","22","334","139","2","32","69","56","16","109","37","260","289","211","238","180","200","315","447","60","786","2237","0","0","0","0","0","-380000","5","-100.00","434","0","2","0","0","","0","0","0","","",""
"080105","0002","0","379500","380000","381000","381500","382500","383000","383500","384000","384500","385000","379000","378500","378000","377500","377000","376500","376000","375500","375000","374500","7","22","334","139","2","32","69","56","16","109","170","272","289","211","238","180","200","315","447","60","786","2382","0","0","0","0","0","-380000","5","-100.00","447","0","35","0","0","","0","0","0","","",""
"080105","0003","0","379500","380000","381000","381500","382500","383000","383500","384000","384500","385000","379000","378500","378000","377500","377000","376500","376000","375500","375000","374500","7","22","334","139","2","34","69","56","16","109","170","542","289","211","238","184","200","315","447","60","788","2656","0","0","0","0","0","-380000","5","-100.00","447","0","4","0","0","","0","0","0","","",""
"080105","0004","0","380000","381000","381500","382500","383000","383500","384000","384500","385000","385500","379000","378500","378000","377500","377000","376500","376000","375500","375000","374500","22","334","139","2","34","69","56","16","109","42","220","542","289","211","404","184","205","315","447","60","823","2877","0","0","0","0","0","-380000","5","-100.00","454","0","2","0","0","","0","0","0","","",""
"080106","0000","0","380000","381000","381500","382500","383000","383500","384000","384500","385000","385500","379000","378500","378000","377500","377000","376500","376000","375500","375000","374500","22","334","139","2","34","69","56","16","109","42","220","542","289","211","404","184","204","315","448","60","823","2877","0","0","0","0","0","-380000","5","-100.00","454","0","0","0","0","","0","0","0","","",""
"080106","0001","0","380000","381000","381500","382500","383000","383500","384000","384500","385000","385500","379500","379000","378500","378000","377500","377000","376500","376000","375500","375000","22","334","139","2","34","69","56","16","109","42","1","220","547","289","211","404","184","204","315","448","823","2823","0","0","0","0","0","-380000","5","-100.00","454","0","5","0","0","","0","0","0","","",""
"080106","0002","0","380000","381000","381500","382500","383000","383500","384000","384500","385000","385500","379500","379000","378500","378000","377500","377000","376500","376000","375500","375000","22","334","139","2","34","69","58","16","109","42","1","220","547","289","211","404","184","204","315","448","825","2823","0","0","0","0","0","-380000","5","-100.00","454","2","0","0","0","","0","0","0","","",""
"080107","0000","0","380000","381000","381500","382500","383000","383500","384000","384500","385000","385500","379000","378500","378000","377500","377000","376500","376000","375500","375000","374500","22","334","139","2","34","69","58","16","109","42","191","549","289","211","404","184","204","315","448","60","825","2855","0","0","0","0","0","-380000","5","-100.00","484","0","32","0","0","","0","0","0","","",""
"080107","0001","0","380000","381000","381500","382500","383000","383500","384000","384500","385000","385500","379000","378500","378000","377500","377000","376500","376000","375500","375000","374500","22","334","139","2","34","69","58","16","109","42","191","549","289","211","404","184","214","318","448","60","825","2868","0","0","0","0","0","-380000","5","-100.00","484","0","13","0","0","","0","0","0","","",""
"080107","0002","0","379500","380000","381000","381500","382500","383000","383500","384000","384500","385000","379000","378500","378000","377500","377000","376500","376000","375500","375000","374500","5","22","334","139","2","34","69","58","16","109","191","549","289","211","404","184","214","318","448","60","788","2868","0","0","0","0","0","-380000","5","-100.00","484","-37","0","0","0","","0","0","0","","",""
"080108","0000","0","379500","380000","381000","381500","382500","383000","383500","384000","384500","385000","379000","378500","378000","377500","377000","376500","376000","375500","375000","374500","5","22","334","139","2","34","69","58","16","109","191","549","291","211","405","184","214","318","448","60","788","2871","0","0","0","0","0","-380000","5","-100.00","484","0","2","0","0","","0","0","0","","",""
"080108","0001","0","379500","380000","381000","381500","382500","383000","383500","384000","384500","385000","379000","378500","378000","377500","377000","376500","376000","375500","375000","374500","5","22","334","139","2","34","72","58","16","109","191","549","291","211","405","184","214","318","448","60","791","2871","0","0","0","0","0","-380000","5","-100.00","484","3","0","0","0","","0","0","0","","",""
"080108","0002","0","379500","380000","381000","381500","382500","383000","383500","384000","384500","385000","379000","378500","378000","377500","377000","376500","376000","375500","375000","374500","5","22","334","139","2","34","72","58","16","109","191","551","291","211","405","184","214","318","448","60","791","2873","0","0","0","0","0","-380000","5","-100.00","484","0","2","0","0","","0","0","0","","",""
"080108","0003","0","379500","380000","381000","381500","382500","383000","383500","384000","384500","385000","379000","378500","378000","377500","377000","376500","376000","375500","375000","374500","5","22","334","139","2","34","72","58","16","109","191","551","301","211","405","184","214","318","448","60","791","2883","0","0","0","0","0","-380000","5","-100.00","484","0","10","0","0","","0","0","0","","",""
"080108","0004","0","379500","380000","381000","381500","382500","383000","383500","384000","384500","385000","379000","378500","378000","377500","377000","376500","376000","375500","375000","374500","5","22","334","139","2","34","72","58","16","109","191","551","301","211","405","184","214","318","449","60","791","2884","0","0","0","0","0","-380000","5","-100.00","484","0","1","0","0","","0","0","0","","",""
"080109","0000","0","379500","380000","381000","381500","382500","383000","383500","384000","384500","385000","379000","378500","378000","377500","377000","376500","376000","375500","375000","374500","5","22","334","139","2","34","72","58","16","109","181","551","301","211","405","184","214","318","449","60","791","2874","0","0","0","0","0","-380000","5","-100.00","494","0","-10","0","0","","0","0","0","","",""
"080109","0001","0","379500","380000","381000","381500","382500","383000","383500","384000","384500","385000","379000","378500","378000","377500","377000","376500","376000","375500","375000","374500","5","86","334","139","2","34","72","58","16","109","181","551","301","211","405","184","214","318","450","60","855","2875","0","0","0","0","0","-380000","5","-100.00","494","64","1","0","0","","0","0","0","","",""
"080109","0002","0","379500","380000","381000","381500","382500","383000","383500","384000","384500","385000","379000","378500","378000","377500","377000","376500","376000","375500","375000","374500","5","86","334","139","2","34","72","58","16","109","181","551","306","211","405","184","214","318","450","60","855","2880","0","0","0","0","0","-380000","5","-100.00","494","0","5","0","0","","0","0","0","","",""
"080110","0000","0","379500","380000","381000","381500","382500","383000","383500","384000","384500","385000","379000","378500","378000","377500","377000","376500","376000","375500","375000","374500","5","86","334","139","2","34","72","58","16","109","201","651","306","211","405","184","214","318","450","60","855","3000","0","0","0","0","0","-380000","5","-100.00","494","0","120","0","0","","0","0","0","","",""
"080110","0001","0","379500","380000","381000","381500","382500","383000","383500","384000","384500","385000","379000","378500","378000","377500","377000","376500","376000","375500","375000","374500","5","156","334","139","2","34","72","58","16","109","201","651","306","211","405","184","214","318","450","60","925","3000","0","0","0","0","0","-380000","5","-100.00","494","70","0","0","0","","0","0","0","","",""
"080110","0002","0","379500","380000","381000","381500","382500","383000","383500","384000","384500","385000","379000","378500","378000","377500","377000","376500","376000","375500","375000","374500","5","156","334","139","2","34","72","58","16","109","200","651","306","211","405","184","214","318","450","80","925","3019","0","0","0","0","0","-380000","5","-100.00","495","0","-1","0","0","","0","0","0","","",""
"080110","0003","0","380000","381000","381500","382500","383000","383500","384000","384500","385000","385500","379500","379000","378500","378000","377500","377000","376500","376000","375500","375000","156","334","139","2","34","72","58","16","109","42","205","200","651","306","211","405","184","214","318","450","962","3144","0","0","0","0","0","-380000","5","-100.00","500","37","125","0","0","","0","0","0","","",""
"080111","0000","0","380000","381000","381500","382500","383000","383500","384000","384500","385000","385500","379500","379000","378500","378000","377500","377000","376500","376000","375500","375000","156","334","139","2","34","72","58","16","109","42","205","204","654","306","211","405","184","214","318","450","962","3151","0","0","0","0","0","-380000","5","-100.00","500","0","6","0","0","","0","0","0","","",""
"080111","0001","0","380000","381000","381500","382500","383000","383500","384000","384500","385000","385500","379500","379000","378500","378000","377500","377000","376500","376000","375500","375000","156","334","139","2","34","72","58","16","109","42","205","241","654","269","211","405","184","214","318","450","962","3151","0","0","0","0","0","-380000","5","-100.00","500","0","0","0","0","","0","0","0","","",""
"080111","0002","0","380000","381000","381500","382500","383000","383500","384000","384500","385000","385500","379500","379000","378500","378000","377500","377000","376500","376000","375500","375000","156","334","139","2","34","72","58","16","109","42","205","241","655","269","213","405","184","214","318","450","962","3154","0","0","0","0","0","-380000","5","-100.00","500","0","1","0","0","","0","0","0","","",""
"080112","0000","0","380000","381000","381500","382500","383000","383500","384000","384500","385000","385500","379500","379000","378500","378000","377500","377000","376500","376000","375500","375000","156","334","139","2","34","72","58","16","109","42","205","241","658","302","213","403","184","181","318","450","962","3155","0","0","0","0","0","-380000","5","-100.00","500","0","1","0","0","","0","0","0","","",""
"080112","0001","0","380000","381000","381500","382500","383000","383500","384000","384500","385000","385500","379500","379000","378500","378000","377500","377000","376500","376000","375500","375000","156","334","139","2","35","72","58","16","109","42","205","242","658","302","213","303","184","181","418","451","963","3157","0","0","0","0","0","-380000","5","-100.00","500","1","2","0","0","","0","0","0","","",""
"080113","0000","0","380000","381000","381500","382500","383000","383500","384000","384500","385000","385500","379500","379000","378500","378000","377500","377000","376500","376000","375500","375000","156","334","139","2","35","72","58","16","109","42","205","252","648","302","213","303","184","181","418","451","963","3157","0","0","0","0","0","-380000","5","-100.00","500","0","0","0","0","","0","0","0","","",""
"080113","0001","0","380000","381000","381500","382500","383000","383500","384000","384500","385000","385500","379500","379000","378500","378000","377500","377000","376500","376000","375500","375000","156","334","139","2","35","72","58","16","109","42","206","252","648","302","213","303","184","181","418","451","963","3158","0","0","0","0","0","-380000","5","-100.00","500","0","1","0","0","","0","0","0","","",""
"080113","0002","0","380000","381000","381500","382500","383000","383500","384000","384500","385000","385500","379500","379000","378500","378000","377500","377000","376500","376000","375500","375000","156","334","139","2","35","72","58","16","109","42","206","252","648","302","213","588","184","181","418","451","963","3443","0","0","0","0","0","-380000","5","-100.00","500","0","285","0","0","","0","0","0","","",""
"080114","0000","0","380000","381000","381500","382500","383000","383500","384000","384500","385000","385500","379500","379000","378500","378000","377500","377000","376500","376000","375500","375000","156","334","139","2","35","72","58","16","109","42","207","252","648","302","213","588","184","181","418","451","963","3444","0","0","0","0","0","-380000","5","-100.00","500","0","1","0","0","","0","0","0","","",""
"080115","0000","0","380000","381000","381500","382500","383000","383500","384000","384500","385000","385500","379500","379000","378500","378000","377500","377000","376500","376000","375500","375000","156","334","139","2","34","72","58","16","110","42","207","252","648","302","213","588","184","181","418","451","963","3444","0","0","0","0","0","-380000","5","-100.00","500","0","0","0","0","","0","0","0","","",""
"080115","0001","0","380000","381000","381500","382500","383000","383500","384000","384500","385000","385500","379500","379000","378500","378000","377500","377000","376500","376000","375500","375000","156","334","139","2","34","72","58","16","110","42","207","252","653","302","213","588","184","181","418","451","963","3449","0","0","0","0","0","-380000","5","-100.00","500","0","5","0","0","","0","0","0","","",""
"080115","0002","0","380000","381000","381500","382500","383000","383500","384000","384500","385000","385500","379500","379000","378500","378000","377500","377000","376500","376000","375500","375000","156","334","139","2","34","72","58","16","60","42","207","262","653","302","213","588","184","181","418","451","913","3459","0","0","0","0","0","-380000","5","-100.00","500","-50","10","0","0","","0","0","0","","",""
"080116","0000","0","380000","381000","381500","382500","383000","383500","384000","384500","385000","385500","379500","379000","378500","378000","377500","377000","376500","376000","375500","375000","156","334","139","2","34","72","58","16","60","42","207","262","643","302","213","588","184","181","418","451","913","3449","0","0","0","0","0","-380000","5","-100.00","500","0","-10","0","0","","0","0","0","","",""
"080116","0001","0","380000","381000","381500","382500","383000","383500","384000","384500","385000","385500","379500","379000","378500","378000","377500","377000","376500","376000","375500","375000","156","334","139","2","34","72","58","16","60","42","207","285","654","302","213","588","184","181","418","451","913","3483","0","0","0","0","0","-380000","5","-100.00","500","0","23","0","0","","0","0","0","","",""
"080116","0002","0","380000","381000","381500","382500","383000","383500","384000","384500","385000","385500","379500","379000","378500","378000","377500","377000","376500","376000","375500","375000","98","334","139","2","34","72","58","16","60","42","207","285","654","302","213","588","184","181","418","451","855","3483","0","0","0","0","0","-380000","5","-100.00","558","-58","0","0","0","","0","0","0","","",""
"080117","0000","0","380000","381000","381500","382500","383000","383500","384000","384500","385000","385500","379500","379000","378500","378000","377500","377000","376500","376000","375500","375000","98","334","139","2","34","72","58","16","60","42","207","285","654","302","214","588","184","181","418","451","855","3484","0","0","0","0","0","-380000","5","-100.00","558","0","1","0","0","","0","0","0","","",""
"080117","0001","0","380000","381000","381500","382500","383000","383500","384000","384500","385000","385500","379500","379000","378500","378000","377500","377000","376500","376000","375500","375000","98","334","139","2","34","72","58","16","60","42","207","285","654","302","216","588","184","181","418","451","855","3486","0","0","0","0","0","-380000","5","-100.00","558","0","2","0","0","","0","0","0","","",""
"080118","0000","0","380000","381000","381500","382500","383000","383500","384000","384500","385000","385500","379500","379000","378500","378000","377500","377000","376500","376000","375500","375000","98","334","139","2","34","72","58","16","60","42","207","285","664","302","216","588","184","181","418","451","855","3496","0","0","0","0","0","-380000","5","-100.00","558","0","10","0","0","","0","0","0","","",""
"080118","0001","0","380000","381000","381500","382500","383000","383500","384000","384500","385000","385500","379500","379000","378500","378000","377500","377000","376500","376000","375500","375000","98","334","139","2","14","72","58","16","60","42","207","290","664","303","216","588","184","181","418","451","835","3502","0","0","0","0","0","-380000","5","-100.00","558","-20","0","0","0","","0","0","0","","",""
"080118","0002","0","380000","381000","381500","382500","383000","383500","384000","384500","385000","385500","379500","379000","378500","378000","377500","377000","376500","376000","375500","375000","98","334","139","2","14","72","58","16","60","42","207","290","664","303","233","588","184","181","418","451","835","3519","0","0","0","0","0","-380000","5","-100.00","558","0","17","0","0","","0","0","0","","",""
"080118","0003","0","380000","381000","381500","382500","383000","383500","384000","384500","385000","385500","379500","379000","378500","378000","377500","377000","376500","376000","375500","375000","97","334","139","2","14","72","58","16","60","42","207","290","664","303","233","588","184","181","418","451","834","3519","0","0","0","0","0","-380000","5","-100.00","559","-1","0","0","0","","0","0","0","","",""
"080119","0000","0","380000","381000","381500","382500","383000","383500","384000","384500","385000","385500","379500","379000","378500","378000","377500","377000","376500","376000","375500","375000","97","334","139","2","14","72","58","16","60","42","207","291","664","303","233","588","184","181","418","451","834","3520","0","0","0","0","0","-380000","5","-100.00","559","0","1","0","0","","0","0","0","","",""
"080119","0001","0","380000","381000","381500","382500","383000","383500","384000","384500","385000","385500","379500","379000","378500","378000","377500","377000","376500","376000","375500","375000","90","334","139","2","14","72","58","16","60","42","207","291","664","303","233","588","184","181","418","451","827","3520","0","0","0","0","0","-380000","5","-100.00","566","-7","0","0","0","","0","0","0","","",""
"080120","0000","0","380000","381000","381500","382500","383000","383500","384000","384500","385000","385500","379500","379000","378500","378000","377500","377000","376500","376000","375500","375000","93","334","139","2","14","72","58","16","60","42","207","291","664","303","233","588","184","181","418","451","830","3520","0","0","0","0","0","-380000","5","-100.00","566","3","0","0","0","","0","0","0","","",""
"080120","0001","0","380000","381000","381500","382500","383000","383500","384000","384500","385000","385500","379500","379000","378500","378000","377500","377000","376500","376000","375500","375000","93","334","140","2","14","72","58","16","60","42","207","395","664","303","233","588","184","181","418","451","831","3624","0","0","0","0","0","-380000","5","-100.00","566","0","104","0","0","","0","0","0","","",""
"080120","0002","0","380000","381000","381500","382500","383000","383500","384000","384500","385000","385500","379500","379000","378500","378000","377500","377000","376500","376000","375500","375000","93","334","140","2","14","72","58","16","60","42","207","395","664","303","233","588","184","181","418","452","831","3625","0","0","0","0","0","-380000","5","-100.00","566","0","1","0","0","","0","0","0","","",""
"080121","0000","0","380000","381000","381500","382500","383000","383500","384000","384500","385000","385500","379500","379000","378500","378000","377500","377000","376500","376000","375500","375000","93","334","140","2","14","72","58","16","60","42","208","395","663","303","233","588","184","181","418","452","831","3625","0","0","0","0","0","-380000","5","-100.00","566","0","0","0","0","","0","0","0","","",""
"080121","0001","0","380000","381000","381500","382500","383000","383500","384000","384500","385000","385500","379500","379000","378500","378000","377500","377000","376500","376000","375500","375000","93","334","140","2","14","72","58","16","60","42","203","396","663","298","233","588","184","181","418","452","831","3616","0","0","0","0","0","-380000","5","-100.00","576","0","0","0","0","","0","0","0","","",""
"080121","0002","0","380000","381000","381500","382500","383000","383500","384000","384500","385000","385500","379500","379000","378500","378000","377500","377000","376500","376000","375500","375000","97","334","140","2","14","72","58","16","60","42","203","396","663","298","233","588","184","181","418","452","835","3616","0","0","0","0","0","-380000","5","-100.00","576","4","0","0","0","","0","0","0","","",""
"080122","0000","0","380000","381000","381500","382500","383000","383500","384000","384500","385000","385500","379500","379000","378500","378000","377500","377000","376500","376000","375500","375000","97","334","140","2","15","72","58","16","60","42","203","396","663","298","233","588","184","181","418","452","836","3616","0","0","0","0","0","-380000","5","-100.00","576","1","0","0","0","","0","0","0","","",""
"080122","0001","0","380000","381000","381500","382500","383000","383500","384000","384500","385000","385500","379500","379000","378500","378000","377500","377000","376500","376000","375500","375000","111","334","140","2","15","72","58","16","60","42","203","396","663","310","221","588","184","181","418","452","850","3616","0","0","0","0","0","-380000","5","-100.00","576","0","0","0","0","","0","0","0","","",""
"080122","0002","0","380000","381000","381500","382500","383000","383500","384000","384500","385000","385500","379500","379000","378500","378000","377500","377000","376500","376000","375500","375000","111","339","140","2","15","72","58","16","60","42","223","396","663","310","221","588","184","81","418","452","855","3536","0","0","0","0","0","-380000","5","-100.00","576","0","20","0","0","","0","0","0","","",""
"080124","0000","0","380000","381000","381500","382500","383000","383500","384000","384500","385000","385500","379500","379000","378500","378000","377500","377000","376500","376000","375500","375000","111","339","140","2","15","72","58","16","60","47","228","396","663","310","221","588","184","81","418","452","860","3541","0","0","0","0","0","-380000","5","-100.00","576","5","5","0","0","","0","0","0","","",""
"080124","0001","0","380000","381000","381500","382500","383000","383500","384000","384500","385000","385500","379500","379000","378500","378000","377500","377000","376500","376000","375500","375000","111","339","140","2","15","72","58","16","60","47","228","397","663","310","221","588","184","81","418","452","860","3542","0","0","0","0","0","-380000","5","-100.00","576","0","1","0","0","","0","0","0","","",""
"080124","0002","0","380000","381000","381500","382500","383000","383500","384000","384500","385000","385500","379500","379000","378500","378000","377500","377000","376500","376000","375500","375000","115","339","140","2","15","72","58","16","60","47","228","357","664","310","222","588","184","81","418","452","864","3504","0","0","0","0","0","-380000","5","-100.00","576","0","-45","0","0","","0","0","0","","",""
"080124","0003","0","380000","381000","381500","382500","383000","383500","384000","384500","385000","385500","379500","379000","378500","378000","377500","377000","376500","376000","375500","375000","102","339","140","2","15","72","58","16","60","47","228","357","664","310","222","588","184","81","418","455","851","3507","0","0","0","0","0","-380000","5","-100.00","589","-13","3","0","0","","0","0","0","","",""
"080125","0000","0","380000","381000","381500","382500","383000","383500","384000","384500","385000","385500","379500","379000","378500","378000","377500","377000","376500","376000","375500","375000","102","339","140","10","15","72","58","16","60","47","228","357","664","310","222","588","184","81","418","455","859","3507","0","0","0","0","0","-380000","5","-100.00","589","8","0","0","0","","0","0","0","","",""
"080125","0001","0","380000","381000","381500","382500","383000","383500","384000","384500","385000","385500","379500","379000","378500","378000","377500","377000","376500","376000","375500","375000","110","339","140","10","15","72","58","16","60","47","228","357","664","310","222","588","184","81","418","455","867","3507","0","0","0","0","0","-380000","5","-100.00","589","8","0","0","0","","0","0","0","","",""
"080125","0002","0","380000","381000","381500","382500","383000","383500","384000","384500","385000","385500","379500","379000","378500","378000","377500","377000","376500","376000","375500","375000","110","339","140","10","15","72","58","16","60","47","198","357","664","310","222","588","184","81","418","455","867","3477","0","0","0","0","0","-380000","5","-100.00","619","0","-30","0","0","","0","0","0","","",""
"080126","0000","0","380000","381000","381500","382500","383000","383500","384000","384500","385000","385500","379500","379000","378500","378000","377500","377000","376500","376000","375500","375000","108","339","140","10","15","72","58","16","60","47","198","357","664","310","222","588","184","81","418","455","865","3477","0","0","0","0","0","-380000","5","-100.00","621","-2","0","0","0","","0","0","0","","",""
"080126","0001","0","380000","381000","381500","382500","383000","383500","384000","384500","385000","385500","379500","379000","378500","378000","377500","377000","376500","376000","375500","375000","108","339","140","10","15","72","58","16","60","47","195","357","664","310","222","588","184","81","418","455","865","3474","0","0","0","0","0","-380000","5","-100.00","624","0","-1","0","0","","0","0","0","","",""
"080126","0002","0","380000","381000","381500","382500","383000","383500","384000","384500","385000","385500","379500","379000","378500","378000","377500","377000","376500","376000","375500","375000","108","339","140","10","15","72","58","16","60","47","195","357","665","310","222","588","184","81","418","455","865","3475","0","0","0","0","0","-380000","5","-100.00","624","0","1","0","0","","0","0","0","","",""
"080127","0000","0","380000","381000","381500","382500","383000","383500","384000","384500","385000","385500","379500","379000","378500","378000","377500","377000","376500","376000","375500","375000","108","339","140","10","15","72","58","16","60","47","195","370","665","310","222","588","184","81","418","455","865","3488","0","0","0","0","0","-380000","5","-100.00","624","0","8","0","0","","0","0","0","","",""
"080127","0001","0","380000","381000","381500","382500","383000","383500","384000","384500","385000","385500","379500","379000","378500","378000","377500","377000","376500","376000","375500","375000","103","339","140","10","15","72","58","16","60","47","195","370","665","310","222","588","184","81","418","455","860","3488","0","0","0","0","0","-380000","5","-100.00","629","-5","0","0","0","","0","0","0","","",""
"080127","0002","0","380000","381000","381500","382500","383000","383500","384000","384500","385000","385500","379500","379000","378500","378000","377500","377000","376500","376000","375500","375000","103","339","140","10","15","72","58","16","60","47","215","370","655","310","222","588","184","81","418","455","860","3498","0","0","0","0","0","-380000","5","-100.00","629","0","10","0","0","","0","0","0","","",""
"080127","0003","0","380000","381000","381500","382500","383000","383500","384000","384500","385000","385500","379500","379000","378500","378000","377500","377000","376500","376000","375500","375000","103","339","140","10","15","72","58","16","60","47","225","370","655","310","222","588","184","81","418","455","860","3508","0","0","0","0","0","-380000","5","-100.00","629","0","10","0","0","","0","0","0","","",""
"080128","0000","0","380000","381000","381500","382500","383000","383500","384000","384500","385000","385500","379500","379000","378500","378000","377500","377000","376500","376000","375500","375000","103","339","90","10","15","72","58","16","60","47","225","370","655","310","222","588","184","81","418","455","810","3508","0","0","0","0","0","-380000","5","-100.00","629","-50","0","0","0","","0","0","0","","",""
"080128","0001","0","380000","381000","381500","382500","383000","383500","384000","384500","385000","385500","379500","379000","378500","378000","377500","377000","376500","376000","375500","375000","103","339","90","10","15","72","58","16","60","47","225","420","655","310","222","588","184","81","418","455","810","3558","0","0","0","0","0","-380000","5","-100.00","629","0","50","0","0","","0","0","0","","",""
"080129","0000","0","380000","381000","381500","382500","383000","383500","384000","384500","385000","385500","379500","379000","378500","378000","377500","377000","376500","376000","375500","375000","103","339","90","10","15","72","58","16","60","47","225","420","655","310","222","588","184","1087","418","455","810","4564","0","0","0","0","0","-380000","5","-100.00","629","0","1006","0","0","","0","0","0","","",""
"080129","0001","0","380000","381000","381500","382500","383000","383500","384000","384500","385000","385500","379500","379000","378500","378000","377500","377000","376500","376000","375500","375000","103","339","90","10","15","72","58","16","60","47","225","420","655","310","222","593","184","1087","418","450","810","4564","0","0","0","0","0","-380000","5","-100.00","629","0","0","0","0","","0","0","0","","",""
"080130","0000","0","380000","381000","381500","382500","383000","383500","384000","384500","385000","385500","379500","379000","378500","378000","377500","377000","376500","376000","375500","375000","104","339","90","10","15","72","58","16","60","47","225","420","655","310","222","594","184","1087","418","450","811","4565","0","0","0","0","0","-380000","5","-100.00","629","1","0","0","0","","0","0","0","","",""
"080130","0001","0","380000","381000","381500","382500","383000","383500","384000","384500","385000","385500","379500","379000","378500","378000","377500","377000","376500","376000","375500","375000","103","339","90","10","15","72","58","16","60","47","225","420","705","310","222","594","184","1087","418","450","810","4615","0","0","0","0","0","-380000","5","-100.00","630","-1","50","0","0","","0","0","0","","",""
