"time","millisec","HOUR_CLS_CODE","ASKP1","ASKP2","ASKP3","ASKP4","ASKP5","ASKP6","ASKP7","ASKP8","ASKP9","ASKP10","BIDP1","BIDP2","BIDP3","BIDP4","BIDP5","BIDP6","BIDP7","BIDP8","BIDP9","BIDP10","ASKP_RSQN1","ASKP_RSQN2","ASKP_RSQN3","ASKP_RSQN4","ASKP_RSQN5","ASKP_RSQN6","ASKP_RSQN7","ASKP_RSQN8","ASKP_RSQN9","ASKP_RSQN10","BIDP_RSQN1","BIDP_RSQN2","BIDP_RSQN3","BIDP_RSQN4","BIDP_RSQN5","BIDP_RSQN6","BIDP_RSQN7","BIDP_RSQN8","BIDP_RSQN9","BIDP_RSQN10","TOTAL_ASKP_RSQN","TOTAL_BIDP_RSQN","OVTM_TOTAL_ASKP_RSQN","OVTM_TOTAL_BIDP_RSQN","ANTC_CNPR","ANTC_CNQN","ANTC_VOL","ANTC_CNTG_VRSS","ANTC_CNTG_VRSS_SIGN","ANTC_CNTG_PRDY_CTRT","ACML_VOL","TOTAL_ASKP_RSQN_ICDC","TOTAL_BIDP_RSQN_ICDC","OVTM_TOTAL_ASKP_ICDC","OVTM_TOTAL_BIDP_ICDC","STCK_DEAL_CLS_CODE","KMID_PRC","KMID_TOTAL_RSQN","KMID_CLS_CODE","NMID_PRC","NMID_TOTAL_RSQN","NMID_CLS_CODE"
"080000","0000","0","858000","871000","878000","910000","912000","922000","939000","0","0","0","846000","845000","840000","831000","830000","825000","818000","817000","811000","805000","3","26","228","50","1","3","100","0","0","0","49","2","35","10","5","10","40","50","30","1","411","232","0","0","0","0","0","-830000","5","-100.00","8","0","0","0","0","","0","0","0","","",""
"080001","0000","0","855000","858000","863000","869000","871000","875000","878000","909000","910000","912000","846000","845000","840000","836000","832000","831000","830000","829000","827000","825000","9","3","15","2","26","1","228","1000","50","1","49","2","35","56","1","10","17","23","50","10","1335","253","0","0","0","0","0","-830000","5","-100.00","17","924","21","0","0","","0","0","0","","",""
"080001","0001","0","850000","851000","855000","858000","862000","863000","869000","871000","875000","878000","846000","845000","840000","836000","834000","832000","831000","830000","829000","827000","11","2","9","3","65","27","2","26","1","228","47","25","35","56","1","1","10","123","23","50","374","371","0","0","0","0","0","-830000","5","-100.00","23","-961","118","0","0","","0","0","0","","",""
"080002","0000","0","848000","849000","850000","851000","855000","858000","862000","863000","865000","869000","846000","845000","840000","836000","835000","834000","832000","831000","830000","829000","119","5","16","2","9","3","65","27","11","2","47","25","35","56","10","1","1","20","123","23","259","341","0","0","0","0","0","-830000","5","-100.00","24","-115","-30","0","0","","0","0","0","","",""
"080003","0000","0","848000","849000","850000","851000","855000","858000","862000","863000","865000","869000","846000","845000","840000","836000","835000","834000","832000","831000","830000","829000","118","5","16","2","9","3","65","27","11","2","34","25","35","56","10","1","1","20","129","23","258","334","0","0","0","0","0","-830000","5","-100.00","39","-1","-7","0","0","","0","0","0","","",""
"080003","0001","0","848000","849000","850000","851000","855000","858000","862000","863000","865000","869000","846000","845000","840000","836000","835000","834000","832000","831000","830000","829000","108","5","16","2","9","3","65","27","11","2","34","25","35","56","10","1","1","22","129","23","248","336","0","0","0","0","0","-830000","5","-100.00","59","-10","2","0","0","","0","0","0","","",""
"080004","0000","0","848000","849000","850000","851000","855000","858000","862000","863000","865000","869000","846000","845000","842000","840000","836000","835000","834000","832000","831000","830000","108","5","16","2","9","3","65","27","11","8","34","25","1","35","56","10","1","1","22","129","254","314","0","0","0","0","0","-830000","5","-100.00","59","6","-22","0","0","","0","0","0","","",""
"080004","0001","0","847000","848000","849000","850000","851000","855000","858000","862000","863000","865000","846000","845000","842000","840000","836000","835000","834000","832000","831000","830000","1","4","5","16","2","9","3","65","27","11","36","25","1","35","56","10","1","1","22","132","143","319","0","0","0","0","0","-830000","5","-100.00","163","-111","5","0","0","","0","0","0","","",""
"080004","0002","0","848000","849000","850000","851000","855000","858000","862000","863000","865000","869000","846000","845000","842000","840000","836000","835000","834000","832000","831000","830000","4","5","56","2","9","8","65","27","11","8","34","25","1","35","56","10","1","1","22","132","195","317","0","0","0","0","0","-830000","5","-100.00","167","52","-2","0","0","","0","0","0","","",""
"080005","0000","0","848000","849000","850000","851000","852000","855000","858000","862000","863000","865000","846000","845000","842000","840000","836000","835000","834000","832000","831000","830000","4","5","80","2","3","9","8","65","27","11","34","25","1","35","56","10","1","1","22","177","214","362","0","0","0","0","0","-830000","5","-100.00","167","19","45","0","0","","0","0","0","","",""
"080005","0001","0","848000","849000","850000","851000","852000","855000","858000","862000","863000","865000","846000","845000","842000","840000","836000","835000","834000","832000","831000","830000","4","5","80","2","3","9","8","65","27","11","35","25","1","35","56","10","1","1","22","177","214","363","0","0","0","0","0","-830000","5","-100.00","167","0","1","0","0","","0","0","0","","",""
"080006","0000","0","848000","849000","850000","851000","852000","855000","858000","862000","863000","865000","846000","845000","842000","840000","836000","835000","834000","832000","831000","830000","10","5","80","2","3","9","8","65","27","16","35","25","1","35","56","10","1","1","22","177","225","363","0","0","0","0","0","-830000","5","-100.00","167","11","0","0","0","","0","0","0","","",""
"080006","0001","0","848000","849000","850000","851000","852000","855000","858000","862000","863000","865000","846000","845000","842000","840000","836000","835000","834000","832000","831000","830000","10","5","80","2","3","9","8","65","27","16","34","25","1","35","56","10","1","1","22","177","225","362","0","0","0","0","0","-830000","5","-100.00","168","0","-1","0","0","","0","0","0","","",""
"080006","0002","0","847000","848000","849000","850000","851000","852000","855000","858000","862000","863000","846000","845000","842000","840000","836000","835000","834000","832000","831000","830000","1","7","5","80","2","3","9","8","65","27","34","25","1","35","56","10","1","1","22","177","207","362","0","0","0","0","0","-830000","5","-100.00","171","-18","0","0","0","","0","0","0","","",""
"080007","0000","0","848000","849000","850000","851000","852000","855000","858000","862000","863000","865000","846000","845000","842000","840000","836000","835000","834000","832000","831000","830000","7","5","80","2","3","9","8","65","27","16","9","25","1","35","56","10","1","1","22","177","222","337","0","0","0","0","0","-830000","5","-100.00","197","15","-25","0","0","","0","0","0","","",""
"080007","0001","0","848000","849000","850000","851000","852000","855000","858000","862000","863000","865000","846000","845000","842000","840000","836000","835000","834000","832000","831000","830000","6","5","80","2","3","9","8","65","27","16","8","25","1","35","56","10","1","1","22","177","221","336","0","0","0","0","0","-830000","5","-100.00","199","-1","-1","0","0","","0","0","0","","",""
"080007","0002","0","848000","849000","850000","851000","852000","855000","858000","862000","863000","865000","846000","845000","842000","840000","836000","835000","834000","832000","831000","830000","92","5","80","2","3","9","8","65","27","16","1","25","1","35","56","10","1","1","22","177","307","329","0","0","0","0","0","-830000","5","-100.00","207","86","-7","0","0","","0","0","0","","",""
"080008","0000","0","848000","849000","850000","851000","852000","855000","858000","862000","863000","865000","846000","845000","842000","840000","836000","835000","834000","832000","831000","830000","91","5","80","2","3","9","8","65","27","16","2","25","1","35","56","10","1","1","32","177","306","340","0","0","0","0","0","-830000","5","-100.00","209","-1","11","0","0","","0","0","0","","",""
"080008","0001","0","848000","849000","850000","851000","852000","855000","858000","862000","863000","865000","846000","845000","842000","840000","836000","835000","834000","832000","831000","830000","6","5","80","2","3","9","8","65","27","16","2","24","1","35","56","10","1","1","32","177","221","339","0","0","0","0","0","-830000","5","-100.00","294","-85","-1","0","0","","0","0","0","","",""
"080008","0002","0","848000","849000","850000","851000","852000","855000","858000","862000","863000","865000","846000","845000","842000","840000","836000","835000","834000","832000","831000","830000","6","5","80","2","3","9","8","65","27","16","1","25","1","35","56","10","1","1","32","177","221","339","0","0","0","0","0","-830000","5","-100.00","295","0","0","0","0","","0","0","0","","",""
"080009","0000","0","848000","849000","850000","851000","852000","855000","858000","862000","863000","865000","846000","845000","842000","840000","836000","835000","834000","832000","831000","830000","77","5","80","2","3","9","8","65","27","16","1","25","1","35","56","10","1","1","32","177","292","339","0","0","0","0","0","-830000","5","-100.00","296","71","0","0","0","","0","0","0","","",""
"080009","0001","0","846000","848000","849000","850000","851000","852000","855000","858000","862000","863000","845000","842000","840000","836000","835000","834000","832000","831000","830000","829000","3","78","5","80","2","3","10","8","65","27","25","1","35","56","10","1","11","32","177","23","281","371","0","0","0","0","0","-830000","5","-100.00","297","-11","32","0","0","","0","0","0","","",""
"080009","0002","0","848000","849000","850000","851000","852000","855000","858000","860000","862000","863000","846000","845000","842000","840000","836000","835000","834000","832000","831000","830000","78","5","80","2","3","10","8","1","65","27","6","24","1","36","56","10","1","12","32","177","279","355","0","0","0","0","0","-830000","5","-100.00","300","-2","-16","0","0","","0","0","0","","",""
"080010","0000","0","848000","849000","850000","851000","852000","855000","858000","860000","862000","863000","846000","845000","842000","840000","836000","835000","834000","832000","831000","830000","78","5","83","2","3","10","8","1","65","27","10","24","1","36","56","10","1","12","32","177","282","359","0","0","0","0","0","-830000","5","-100.00","301","3","4","0","0","","0","0","0","","",""
"080010","0001","0","848000","849000","850000","851000","852000","855000","858000","860000","862000","863000","846000","845000","842000","840000","836000","835000","834000","832000","831000","830000","78","5","83","2","3","10","8","1","65","27","10","24","1","37","56","10","8","12","32","177","282","367","0","0","0","0","0","-830000","5","-100.00","302","0","8","0","0","","0","0","0","","",""
"080010","0002","0","848000","849000","850000","851000","852000","855000","858000","860000","862000","863000","846000","845000","842000","840000","836000","835000","834000","832000","831000","830000","78","5","83","2","3","10","8","1","65","27","67","24","1","37","56","10","8","12","32","177","282","424","0","0","0","0","0","-830000","5","-100.00","310","0","57","0","0","","0","0","0","","",""
"080011","0000","0","848000","849000","850000","851000","852000","855000","858000","860000","862000","863000","846000","845000","842000","840000","836000","835000","834000","832000","831000","830000","78","10","83","2","3","10","8","1","65","27","68","24","1","37","56","10","8","12","32","178","287","426","0","0","0","0","0","-830000","5","-100.00","310","5","2","0","0","","0","0","0","","",""
"080011","0001","0","847000","848000","849000","850000","851000","852000","855000","858000","860000","862000","846000","845000","842000","840000","836000","835000","834000","832000","831000","830000","5","78","10","83","2","3","10","8","1","65","69","24","1","37","57","10","8","12","32","178","265","428","0","0","0","0","0","-830000","5","-100.00","310","-22","2","0","0","","0","0","0","","",""
"080011","0002","0","847000","848000","849000","850000","851000","852000","855000","858000","860000","862000","846000","845000","842000","840000","836000","835000","834000","832000","831000","830000","5","79","10","83","2","3","10","8","1","65","69","34","1","37","57","10","8","12","32","178","266","438","0","0","0","0","0","-830000","5","-100.00","320","1","10","0","0","","0","0","0","","",""
"080011","0003","0","845000","847000","848000","849000","850000","851000","852000","855000","858000","860000","842000","840000","836000","835000","834000","832000","831000","830000","829000","827000","97","5","79","10","83","2","3","10","8","1","1","37","57","10","8","12","32","178","23","52","298","410","0","0","0","0","0","-830000","5","-100.00","423","32","-28","0","0","","0","0","0","","",""
"080012","0000","0","845000","846000","847000","848000","849000","850000","851000","852000","855000","858000","842000","840000","836000","835000","834000","832000","831000","830000","829000","827000","97","1","5","79","10","84","2","3","10","8","2","37","57","10","8","12","32","178","23","52","299","411","0","0","0","0","0","-830000","5","-100.00","423","1","1","0","0","","0","0","0","","",""
"080012","0001","0","845000","846000","847000","848000","849000","850000","851000","852000","855000","858000","842000","840000","836000","835000","834000","832000","831000","830000","829000","827000","97","2","5","79","10","84","2","3","10","8","2","37","57","10","8","12","32","133","23","52","300","366","0","0","0","0","0","-830000","5","-100.00","423","1","-45","0","0","","0","0","0","","",""
"080012","0002","0","845000","846000","847000","848000","849000","850000","851000","852000","855000","858000","842000","840000","836000","835000","834000","832000","831000","830000","829000","827000","43","2","5","79","10","84","2","3","10","8","3","37","57","10","8","12","32","133","23","52","246","367","0","0","0","0","0","-830000","5","-100.00","477","-54","1","0","0","","0","0","0","","",""
"080013","0000","0","845000","846000","847000","848000","849000","850000","851000","852000","855000","858000","842000","840000","836000","835000","834000","832000","831000","830000","829000","827000","43","2","5","79","10","84","3","3","10","8","3","37","57","10","8","12","32","133","23","52","247","367","0","0","0","0","0","-830000","5","-100.00","477","1","0","0","0","","0","0","0","","",""
"080013","0001","0","845000","846000","848000","849000","850000","851000","852000","855000","858000","860000","842000","840000","836000","835000","834000","832000","831000","830000","829000","827000","43","2","79","10","84","3","3","10","8","1","11","37","57","10","8","12","32","134","24","52","243","377","0","0","0","0","0","-830000","5","-100.00","502","-4","10","0","0","","0","0","0","","",""
"080013","0002","0","845000","846000","848000","849000","850000","851000","852000","855000","858000","860000","842000","840000","836000","835000","834000","832000","831000","830000","829000","827000","43","2","79","10","84","3","3","10","8","1","11","37","57","11","8","12","32","144","24","52","243","388","0","0","0","0","0","-830000","5","-100.00","502","0","11","0","0","","0","0","0","","",""
"080014","0000","0","845000","846000","848000","849000","850000","851000","852000","855000","858000","860000","842000","840000","836000","835000","834000","832000","831000","830000","829000","827000","17","2","79","10","84","3","3","10","8","1","11","37","57","11","8","12","32","145","24","52","217","389","0","0","0","0","0","-830000","5","-100.00","528","-26","1","0","0","","0","0","0","","",""
"080014","0001","0","845000","846000","848000","849000","850000","851000","852000","855000","858000","860000","842000","840000","836000","835000","834000","832000","831000","830000","829000","827000","17","3","79","10","84","3","3","10","8","1","11","37","57","11","8","12","32","145","24","52","218","389","0","0","0","0","0","-830000","5","-100.00","528","1","0","0","0","","0","0","0","","",""
"080014","0002","0","845000","846000","848000","849000","850000","851000","852000","855000","858000","860000","842000","840000","836000","835000","834000","832000","831000","830000","829000","827000","17","3","79","10","84","3","3","10","8","1","10","37","57","11","8","12","32","145","24","52","218","388","0","0","0","0","0","-830000","5","-100.00","529","0","-1","0","0","","0","0","0","","",""
"080014","0003","0","845000","846000","848000","849000","850000","851000","852000","855000","858000","860000","842000","840000","836000","835000","834000","832000","831000","830000","829000","827000","17","5","80","10","84","3","3","10","8","1","11","37","57","11","8","12","32","150","24","52","221","394","0","0","0","0","0","-830000","5","-100.00","549","3","6","0","0","","0","0","0","","",""
"080015","0000","0","845000","846000","848000","849000","850000","851000","852000","855000","857000","858000","842000","840000","836000","835000","834000","832000","831000","830000","829000","827000","17","11","80","10","84","3","3","10","97","8","11","37","57","11","9","12","32","150","24","52","323","395","0","0","0","0","0","-830000","5","-100.00","549","102","1","0","0","","0","0","0","","",""
"080015","0001","0","845000","846000","848000","849000","850000","851000","852000","854000","855000","857000","844000","842000","840000","836000","835000","834000","832000","831000","830000","829000","17","11","81","10","84","3","3","1","10","97","2","9","37","56","11","9","12","32","150","24","317","342","0","0","0","0","0","-830000","5","-100.00","624","-6","-53","0","0","","0","0","0","","",""
"080015","0002","0","845000","846000","848000","849000","850000","851000","852000","854000","855000","857000","844000","842000","840000","836000","835000","834000","832000","831000","830000","829000","16","11","82","11","84","3","3","1","10","97","2","9","37","56","11","9","13","32","152","24","318","345","0","0","0","0","0","-830000","5","-100.00","625","1","3","0","0","","0","0","0","","",""
"080016","0000","0","845000","846000","848000","849000","850000","851000","852000","854000","855000","857000","844000","842000","840000","836000","835000","834000","832000","831000","830000","829000","16","21","82","11","84","3","3","1","10","97","2","9","37","56","11","9","13","33","152","24","328","346","0","0","0","0","0","-830000","5","-100.00","625","10","1","0","0","","0","0","0","","",""
"080016","0001","0","845000","846000","848000","849000","850000","851000","852000","854000","855000","857000","842000","840000","836000","835000","834000","832000","831000","830000","829000","827000","27","21","82","11","84","4","4","1","10","97","10","37","56","11","10","13","33","152","24","52","341","398","0","0","0","0","0","-830000","5","-100.00","625","13","52","0","0","","0","0","0","","",""
"080016","0002","0","845000","846000","848000","849000","850000","851000","852000","854000","855000","857000","842000","840000","836000","835000","834000","832000","831000","830000","829000","827000","26","21","82","11","84","4","4","1","10","97","10","37","56","11","10","13","33","152","24","52","340","398","0","0","0","0","0","-830000","5","-100.00","627","-1","0","0","0","","0","0","0","","",""
"080017","0000","0","845000","846000","848000","849000","850000","851000","852000","854000","855000","857000","842000","840000","836000","835000","834000","832000","831000","830000","829000","827000","26","21","82","11","84","4","4","1","10","97","11","43","56","11","4","13","33","152","24","52","340","399","0","0","0","0","0","-830000","5","-100.00","627","0","1","0","0","","0","0","0","","",""
"080017","0001","0","845000","846000","848000","849000","850000","851000","852000","854000","855000","857000","842000","840000","836000","835000","834000","832000","831000","830000","829000","827000","81","21","82","11","84","4","4","1","10","97","11","43","56","11","4","13","33","232","24","52","395","479","0","0","0","0","0","-830000","5","-100.00","637","55","80","0","0","","0","0","0","","",""
"080017","0002","0","845000","846000","848000","849000","850000","851000","852000","854000","855000","857000","842000","840000","836000","835000","834000","832000","831000","830000","829000","827000","86","21","82","11","84","4","4","1","45","97","5","43","56","11","4","13","33","232","24","52","435","473","0","0","0","0","0","-830000","5","-100.00","643","40","-6","0","0","","0","0","0","","",""
"080017","0003","0","845000","846000","848000","849000","850000","851000","852000","854000","855000","857000","842000","840000","836000","835000","834000","832000","831000","830000","829000","827000","92","22","82","11","84","4","4","1","45","97","5","43","56","11","4","13","33","232","25","52","442","474","0","0","0","0","0","-830000","5","-100.00","643","7","1","0","0","","0","0","0","","",""
"080018","0000","0","842000","845000","846000","848000","849000","850000","851000","852000","854000","855000","840000","836000","835000","834000","832000","831000","830000","829000","827000","826000","25","97","23","82","11","84","4","4","1","45","43","56","11","4","14","33","232","25","52","1","376","471","0","0","0","0","0","-830000","5","-100.00","648","-66","-3","0","0","","0","0","0","","",""
"080018","0001","0","842000","845000","846000","848000","849000","850000","851000","852000","854000","855000","840000","836000","835000","834000","832000","831000","830000","829000","827000","826000","37","97","23","82","11","84","4","4","1","45","43","56","11","4","14","33","232","25","52","1","388","471","0","0","0","0","0","-830000","5","-100.00","649","12","0","0","0","","0","0","0","","",""
"080018","0002","0","845000","846000","848000","849000","850000","851000","852000","854000","855000","857000","840000","836000","835000","834000","832000","831000","830000","829000","827000","826000","97","23","82","11","84","4","4","1","45","97","43","56","11","4","14","33","232","25","52","1","448","471","0","0","0","0","0","-830000","5","-100.00","699","60","0","0","0","","0","0","0","","",""
"080019","0000","0","845000","846000","848000","849000","850000","851000","852000","854000","855000","857000","840000","836000","835000","834000","832000","831000","830000","829000","827000","826000","96","23","82","11","86","4","4","1","45","97","43","56","11","4","14","34","232","25","52","1","449","472","0","0","0","0","0","-830000","5","-100.00","705","1","1","0","0","","0","0","0","","",""
"080019","0001","0","840000","845000","846000","848000","849000","850000","851000","852000","854000","855000","836000","835000","834000","832000","831000","830000","829000","827000","826000","825000","12","99","23","92","11","86","4","4","1","45","56","11","4","14","34","232","25","52","1","10","377","439","0","0","0","0","0","-830000","5","-100.00","762","-72","-33","0","0","","0","0","0","","",""
"080019","0002","0","840000","845000","846000","848000","849000","850000","851000","852000","854000","855000","836000","835000","834000","832000","831000","830000","829000","827000","826000","825000","11","99","23","92","11","86","4","4","1","45","57","11","4","14","34","232","25","52","1","10","376","440","0","0","0","0","0","-830000","5","-100.00","763","-1","1","0","0","","0","0","0","","",""
"080020","0000","0","840000","845000","846000","848000","849000","850000","851000","852000","854000","855000","836000","835000","834000","832000","831000","830000","829000","827000","826000","825000","11","100","22","92","11","86","4","4","1","45","57","11","4","14","34","232","25","52","1","10","376","440","0","0","0","0","0","-830000","5","-100.00","763","0","0","0","0","","0","0","0","","",""
"080020","0001","0","840000","845000","846000","848000","849000","850000","851000","852000","854000","855000","836000","835000","834000","832000","831000","830000","829000","827000","826000","825000","11","100","32","92","11","86","4","4","1","45","57","11","4","14","34","232","25","52","1","10","386","440","0","0","0","0","0","-830000","5","-100.00","763","10","0","0","0","","0","0","0","","",""
"080020","0002","0","840000","845000","846000","848000","849000","850000","851000","852000","854000","855000","836000","835000","834000","832000","831000","830000","829000","827000","826000","825000","11","100","32","92","12","86","4","4","2","45","57","11","4","14","34","232","25","52","1","10","388","440","0","0","0","0","0","-830000","5","-100.00","763","2","0","0","0","","0","0","0","","",""
"080021","0000","0","840000","842000","845000","846000","848000","849000","850000","851000","852000","854000","836000","835000","834000","832000","831000","830000","829000","827000","826000","825000","11","6","99","33","92","12","86","4","4","2","56","11","4","14","34","232","25","52","1","10","349","439","0","0","0","0","0","-830000","5","-100.00","764","-39","-1","0","0","","0","0","0","","",""
"080021","0001","0","840000","842000","845000","846000","848000","849000","850000","851000","852000","854000","836000","835000","834000","832000","831000","830000","829000","827000","826000","825000","11","6","98","33","92","12","86","4","4","2","55","11","4","14","34","232","25","52","1","10","348","438","0","0","0","0","0","-830000","5","-100.00","765","-1","-1","0","0","","0","0","0","","",""
"080021","0002","0","840000","842000","845000","846000","848000","849000","850000","851000","852000","854000","836000","835000","834000","832000","831000","830000","829000","827000","826000","825000","11","6","102","33","92","12","86","4","4","2","56","11","4","13","35","232","25","52","1","10","352","439","0","0","0","0","0","-830000","5","-100.00","765","4","1","0","0","","0","0","0","","",""
"080022","0000","0","842000","845000","846000","847000","848000","849000","850000","851000","852000","854000","840000","836000","835000","834000","832000","831000","830000","829000","827000","826000","7","102","33","1","92","12","86","4","4","2","43","62","11","4","13","35","232","25","52","1","343","478","0","0","0","0","0","-830000","5","-100.00","776","-9","39","0","0","","0","0","0","","",""
"080022","0001","0","842000","845000","846000","847000","848000","849000","850000","851000","852000","854000","840000","836000","835000","834000","832000","831000","830000","829000","827000","826000","7","103","33","1","92","12","86","4","4","2","38","62","11","4","13","35","232","25","52","1","344","473","0","0","0","0","0","-830000","5","-100.00","781","1","-5","0","0","","0","0","0","","",""
"080022","0002","0","842000","845000","846000","847000","848000","849000","850000","851000","852000","854000","840000","836000","835000","834000","832000","831000","830000","829000","827000","826000","7","104","33","1","92","17","86","4","4","2","27","62","12","4","13","35","232","25","52","1","350","463","0","0","0","0","0","-830000","5","-100.00","792","6","-10","0","0","","0","0","0","","",""
"080022","0003","0","845000","846000","847000","848000","849000","850000","851000","852000","854000","855000","842000","840000","836000","835000","834000","832000","831000","830000","829000","827000","104","33","1","92","17","86","5","4","2","45","5","127","62","12","4","13","35","233","25","52","389","568","0","0","0","0","0","-830000","5","-100.00","800","39","105","0","0","","0","0","0","","",""
"080023","0000","0","845000","846000","847000","848000","849000","850000","851000","852000","854000","855000","840000","836000","835000","834000","832000","831000","830000","829000","827000","826000","104","33","1","92","17","86","5","4","2","45","127","62","12","4","13","35","234","25","52","1","389","565","0","0","0","0","0","-830000","5","-100.00","805","0","-3","0","0","","0","0","0","","",""
"080023","0001","0","845000","846000","847000","848000","849000","850000","851000","852000","854000","855000","840000","836000","835000","834000","832000","831000","830000","829000","827000","826000","105","33","1","92","17","86","5","4","2","45","127","62","12","4","13","35","234","25","52","1","390","565","0","0","0","0","0","-830000","5","-100.00","805","1","0","0","0","","0","0","0","","",""
"080024","0000","0","845000","846000","847000","848000","849000","850000","851000","852000","854000","855000","842000","840000","836000","835000","834000","832000","831000","830000","829000","828000","109","33","1","92","17","87","5","4","2","45","1","127","62","12","4","13","35","285","25","1","395","565","0","0","0","0","0","-830000","5","-100.00","805","5","0","0","0","","0","0","0","","",""
"080024","0001","0","845000","846000","847000","848000","849000","850000","851000","852000","854000","855000","842000","840000","836000","835000","834000","832000","831000","830000","829000","828000","113","33","5","92","17","87","5","4","2","45","1","127","62","12","4","13","35","285","25","1","403","565","0","0","0","0","0","-830000","5","-100.00","805","8","0","0","0","","0","0","0","","",""
"080024","0002","0","843000","845000","846000","847000","848000","849000","850000","851000","852000","854000","840000","836000","835000","834000","832000","831000","830000","829000","828000","827000","1","130","33","5","92","21","87","5","4","2","127","62","12","4","13","35","285","25","1","52","380","616","0","0","0","0","0","-830000","5","-100.00","806","-23","51","0","0","","0","0","0","","",""
"080025","0000","0","843000","844000","845000","846000","847000","848000","849000","850000","851000","852000","840000","836000","835000","834000","832000","831000","830000","829000","828000","827000","1","35","132","33","5","92","21","87","5","4","127","62","12","4","13","35","285","25","1","52","415","616","0","0","0","0","0","-830000","5","-100.00","806","35","0","0","0","","0","0","0","","",""
"080025","0001","0","844000","845000","846000","847000","848000","849000","850000","851000","852000","854000","840000","836000","835000","834000","832000","831000","830000","829000","828000","827000","31","132","33","5","92","21","87","5","4","2","127","62","12","4","23","35","286","25","1","52","412","627","0","0","0","0","0","-830000","5","-100.00","811","-3","11","0","0","","0","0","0","","",""
"080025","0002","0","844000","845000","846000","847000","848000","849000","850000","851000","852000","854000","840000","836000","835000","834000","832000","831000","830000","829000","828000","827000","31","132","38","5","92","21","87","5","4","2","128","62","12","4","23","35","286","25","1","52","417","628","0","0","0","0","0","-830000","5","-100.00","811","5","1","0","0","","0","0","0","","",""
"080025","0003","0","844000","845000","846000","847000","848000","849000","850000","851000","852000","854000","840000","838000","836000","835000","834000","832000","831000","830000","829000","828000","31","132","38","5","92","21","87","5","4","2","128","1","62","12","4","23","35","286","25","1","417","577","0","0","0","0","0","-830000","5","-100.00","811","0","-51","0","0","","0","0","0","","",""
"080026","0000","0","844000","845000","846000","847000","848000","849000","850000","851000","852000","854000","840000","838000","836000","835000","834000","832000","831000","830000","829000","828000","20","133","38","5","92","21","87","5","4","2","127","1","63","12","4","23","35","286","25","1","407","577","0","0","0","0","0","-830000","5","-100.00","823","-10","0","0","0","","0","0","0","","",""
"080026","0001","0","844000","845000","846000","847000","848000","849000","850000","851000","852000","854000","840000","838000","836000","835000","834000","832000","831000","830000","829000","828000","21","178","38","5","92","21","87","5","4","2","147","1","63","12","4","23","35","286","25","1","453","597","0","0","0","0","0","-830000","5","-100.00","823","46","20","0","0","","0","0","0","","",""
"080026","0002","0","844000","845000","846000","847000","848000","849000","850000","851000","852000","854000","840000","838000","836000","835000","834000","832000","831000","830000","829000","828000","21","178","38","5","92","21","87","5","4","2","147","1","63","12","4","23","36","286","25","1","453","598","0","0","0","0","0","-830000","5","-100.00","823","0","1","0","0","","0","0","0","","",""
"080026","0003","0","844000","845000","846000","847000","848000","849000","850000","851000","852000","854000","840000","838000","836000","835000","834000","832000","831000","830000","829000","828000","22","178","38","5","92","21","87","5","4","2","147","1","63","12","4","23","36","286","25","1","454","598","0","0","0","0","0","-830000","5","-100.00","823","1","0","0","0","","0","0","0","","",""
"080027","0000","0","844000","845000","846000","847000","848000","849000","850000","851000","852000","854000","840000","838000","836000","835000","834000","832000","831000","830000","829000","828000","22","178","38","5","92","21","87","5","4","2","147","1","73","12","4","23","36","286","25","1","454","608","0","0","0","0","0","-830000","5","-100.00","823","0","10","0","0","","0","0","0","","",""
"080027","0001","0","844000","845000","846000","847000","848000","849000","850000","851000","852000","854000","840000","838000","836000","835000","834000","832000","831000","830000","829000","828000","22","188","38","5","92","21","87","5","4","2","148","1","83","12","5","23","36","286","25","1","464","620","0","0","0","0","0","-830000","5","-100.00","823","10","12","0","0","","0","0","0","","",""
"080027","0002","0","843000","844000","845000","846000","847000","848000","849000","850000","851000","852000","842000","840000","838000","836000","835000","834000","832000","831000","830000","829000","1","22","188","37","5","92","21","87","5","4","2","150","1","83","12","5","23","36","286","25","462","623","0","0","0","0","0","-830000","5","-100.00","823","-2","3","0","0","","0","0","0","","",""
"080028","0000","0","843000","844000","845000","846000","847000","848000","849000","850000","851000","852000","842000","841000","840000","838000","836000","835000","834000","832000","831000","830000","1","22","188","37","10","92","21","87","6","4","2","5","150","1","83","12","5","23","36","281","468","598","0","0","0","0","0","-830000","5","-100.00","823","6","-25","0","0","","0","0","0","","",""
"080028","0001","0","843000","844000","845000","846000","847000","848000","849000","850000","851000","852000","842000","841000","840000","838000","836000","835000","834000","832000","831000","830000","1","22","190","37","10","92","21","87","6","4","2","5","151","2","83","12","5","23","36","281","470","600","0","0","0","0","0","-830000","5","-100.00","823","2","2","0","0","","0","0","0","","",""
"080028","0002","0","843000","844000","845000","846000","847000","848000","849000","850000","851000","852000","842000","841000","840000","838000","836000","835000","834000","832000","831000","830000","1","24","190","37","10","92","21","87","6","4","2","5","161","2","83","12","5","23","36","283","472","612","0","0","0","0","0","-830000","5","-100.00","823","2","12","0","0","","0","0","0","","",""
"080028","0003","0","843000","844000","845000","846000","847000","848000","849000","850000","851000","852000","842000","841000","840000","838000","836000","835000","834000","832000","831000","830000","1","31","190","37","10","92","21","87","6","4","2","5","161","2","83","12","5","23","36","283","479","612","0","0","0","0","0","-830000","5","-100.00","823","7","0","0","0","","0","0","0","","",""
"080029","0000","0","843000","844000","845000","846000","847000","848000","849000","850000","851000","852000","841000","840000","838000","836000","835000","834000","832000","831000","830000","829000","1","32","190","37","10","21","24","87","6","4","3","161","3","83","12","5","23","36","283","25","412","634","0","0","0","0","0","-830000","5","-100.00","827","-67","22","0","0","","0","0","0","","",""
"080029","0001","0","843000","844000","845000","846000","847000","848000","849000","850000","851000","852000","841000","840000","838000","836000","835000","834000","832000","831000","830000","829000","1","32","322","37","11","21","24","87","6","4","3","162","3","84","12","5","23","36","283","25","545","636","0","0","0","0","0","-830000","5","-100.00","827","133","2","0","0","","0","0","0","","",""
"080029","0002","0","844000","845000","846000","847000","848000","849000","850000","851000","852000","854000","841000","840000","838000","836000","835000","834000","832000","831000","830000","829000","32","272","37","11","21","24","87","6","4","2","3","162","53","84","12","5","23","36","283","25","496","686","0","0","0","0","0","-830000","5","-100.00","828","-49","50","0","0","","0","0","0","","",""
"080030","0000","0","844000","845000","846000","847000","848000","849000","850000","851000","852000","854000","842000","841000","840000","838000","836000","835000","834000","832000","831000","830000","32","272","37","11","21","24","87","6","4","2","10","3","162","53","89","12","5","23","36","283","496","676","0","0","0","0","0","-830000","5","-100.00","828","0","-10","0","0","","0","0","0","","",""
"080030","0001","0","845000","846000","847000","848000","849000","850000","851000","852000","854000","855000","842000","841000","840000","838000","836000","835000","834000","832000","831000","830000","208","37","11","21","24","87","6","13","2","45","10","3","162","53","89","12","5","23","36","283","454","676","0","0","0","0","0","-830000","5","-100.00","924","-42","0","0","0","","0","0","0","","",""
"080030","0002","0","845000","846000","847000","848000","849000","850000","851000","852000","854000","855000","842000","841000","840000","838000","836000","835000","834000","832000","831000","830000","208","37","11","21","24","87","6","13","2","45","10","3","163","54","89","12","5","23","36","283","454","678","0","0","0","0","0","-830000","5","-100.00","924","0","2","0","0","","0","0","0","","",""
"080031","0000","0","843000","844000","845000","846000","847000","848000","849000","850000","851000","852000","842000","841000","840000","838000","836000","835000","834000","832000","831000","830000","1","18","208","35","11","21","21","87","9","13","8","3","163","54","89","12","5","23","36","283","424","676","0","0","0","0","0","-830000","5","-100.00","926","-30","-2","0","0","","0","0","0","","",""
"080031","0001","0","843000","844000","845000","846000","847000","848000","849000","850000","851000","852000","842000","841000","840000","838000","836000","835000","834000","832000","831000","830000","1","18","208","35","11","21","21","87","9","13","8","4","163","54","89","12","5","23","36","203","424","597","0","0","0","0","0","-830000","5","-100.00","926","0","-79","0","0","","0","0","0","","",""
"080031","0002","0","843000","844000","845000","846000","847000","848000","849000","850000","851000","852000","842000","841000","840000","838000","836000","835000","834000","833000","832000","831000","1","18","208","35","11","21","21","87","9","30","9","4","163","54","89","12","5","1","23","36","441","396","0","0","0","0","0","-830000","5","-100.00","926","17","-201","0","0","","0","0","0","","",""
"080032","0000","0","844000","845000","846000","847000","848000","849000","850000","851000","852000","854000","842000","841000","840000","838000","836000","835000","834000","833000","832000","831000","14","208","35","11","21","21","87","9","30","3","9","4","163","54","89","12","5","1","23","36","439","396","0","0","0","0","0","-830000","5","-100.00","931","-2","0","0","0","","0","0","0","","",""
"080032","0001","0","844000","845000","846000","847000","848000","849000","850000","851000","852000","854000","842000","841000","840000","838000","836000","835000","834000","833000","832000","831000","14","208","35","11","21","21","87","9","30","3","11","4","164","54","89","12","10","1","23","36","439","404","0","0","0","0","0","-830000","5","-100.00","931","0","8","0","0","","0","0","0","","",""
"080032","0002","0","843000","844000","845000","846000","847000","848000","849000","850000","851000","852000","842000","841000","840000","838000","836000","835000","834000","833000","832000","831000","468","14","208","35","11","21","21","88","9","30","11","4","181","54","91","12","10","1","23","36","905","423","0","0","0","0","0","-830000","5","-100.00","931","466","19","0","0","","0","0","0","","",""
"080033","0000","0","843000","844000","845000","846000","847000","848000","849000","850000","851000","852000","842000","841000","840000","838000","836000","835000","834000","833000","832000","831000","468","16","220","35","11","22","23","88","9","30","11","4","181","54","91","12","10","1","23","36","922","423","0","0","0","0","0","-830000","5","-100.00","931","17","0","0","0","","0","0","0","","",""
"080033","0001","0","843000","844000","845000","846000","847000","848000","849000","850000","851000","852000","842000","841000","840000","838000","836000","835000","834000","833000","832000","831000","467","16","220","35","11","22","23","88","9","30","14","4","182","54","91","12","10","1","23","36","921","427","0","0","0","0","0","-830000","5","-100.00","932","-1","4","0","0","","0","0","0","","",""
"080033","0002","0","843000","844000","845000","846000","847000","848000","849000","850000","851000","852000","842000","841000","840000","838000","836000","835000","834000","833000","832000","831000","460","16","220","35","11","22","23","88","9","30","13","4","182","54","91","22","10","1","23","36","914","436","0","0","0","0","0","-830000","5","-100.00","940","-7","9","0","0","","0","0","0","","",""
"080033","0003","0","843000","844000","845000","846000","847000","848000","849000","850000","851000","852000","842000","841000","840000","838000","836000","835000","834000","833000","832000","831000","460","17","220","35","11","22","23","88","9","30","15","4","182","54","91","22","10","1","23","36","915","438","0","0","0","0","0","-830000","5","-100.00","940","1","2","0","0","","0","0","0","","",""
"080034","0000","0","843000","844000","845000","846000","847000","848000","849000","850000","851000","852000","842000","841000","840000","838000","836000","835000","834000","833000","832000","831000","460","88","220","35","11","22","23","88","9","30","26","9","182","54","91","22","10","9","23","36","986","462","0","0","0","0","0","-830000","5","-100.00","940","71","24","0","0","","0","0","0","","",""
"080034","0001","0","843000","844000","845000","846000","847000","848000","849000","850000","851000","852000","842000","841000","840000","838000","837000","836000","835000","834000","833000","832000","410","88","220","35","11","22","23","88","9","30","35","9","187","54","30","91","22","10","9","23","936","470","0","0","0","0","0","-830000","5","-100.00","990","-50","8","0","0","","0","0","0","","",""
"080034","0002","0","843000","844000","845000","846000","847000","848000","849000","850000","851000","852000","842000","841000","840000","838000","837000","836000","835000","834000","833000","832000","409","88","220","35","11","22","23","88","9","30","34","9","161","55","30","181","22","10","9","23","935","534","0","0","0","0","0","-830000","5","-100.00","992","-1","64","0","0","","0","0","0","","",""
"080035","0000","0","843000","844000","845000","846000","847000","848000","849000","850000","851000","852000","842000","841000","840000","838000","837000","836000","835000","834000","833000","832000","409","88","220","35","11","22","23","88","9","30","34","9","161","55","30","191","23","10","9","23","935","545","0","0","0","0","0","-830000","5","-100.00","992","0","11","0","0","","0","0","0","","",""
"080035","0001","0","843000","844000","845000","846000","847000","848000","849000","850000","851000","852000","842000","841000","840000","838000","837000","836000","835000","834000","833000","832000","398","88","220","35","11","22","23","88","9","30","33","9","161","55","30","191","23","10","9","23","924","544","0","0","0","0","0","-830000","5","-100.00","1004","-11","-1","0","0","","0","0","0","","",""
"080035","0002","0","843000","844000","845000","846000","847000","848000","849000","850000","851000","852000","842000","841000","840000","838000","837000","836000","835000","834000","833000","832000","396","88","220","35","11","22","23","88","9","30","33","9","167","55","30","191","23","10","9","23","922","550","0","0","0","0","0","-830000","5","-100.00","1006","-2","6","0","0","","0","0","0","","",""
"080035","0003","0","843000","844000","845000","846000","847000","848000","849000","850000","851000","852000","842000","841000","840000","838000","837000","836000","835000","834000","833000","832000","396","90","220","35","11","22","23","88","9","30","33","9","167","55","30","191","23","10","9","23","924","550","0","0","0","0","0","-830000","5","-100.00","1006","2","0","0","0","","0","0","0","","",""
"080036","0000","0","843000","844000","845000","846000","847000","848000","849000","850000","851000","852000","842000","841000","840000","838000","837000","836000","835000","834000","833000","832000","395","90","220","35","11","22","23","93","9","30","26","9","167","55","30","191","25","12","11","25","928","551","0","0","0","0","0","-830000","5","-100.00","1014","4","1","0","0","","0","0","0","","",""
"080036","0001","0","843000","844000","845000","846000","847000","848000","849000","850000","851000","852000","842000","841000","840000","838000","837000","836000","835000","834000","833000","832000","395","91","220","35","11","22","23","93","9","30","25","9","167","55","30","191","25","12","11","25","929","550","0","0","0","0","0","-830000","5","-100.00","1015","1","-1","0","0","","0","0","0","","",""
"080036","0002","0","841000","842000","843000","844000","845000","846000","847000","848000","849000","850000","840000","838000","837000","836000","835000","834000","833000","832000","831000","830000","17","1","364","91","220","35","11","22","23","93","167","55","30","191","25","12","11","25","38","199","877","753","0","0","0","0","0","-830000","5","-100.00","1099","-52","203","0","0","","0","0","0","","",""
"080037","0000","0","841000","842000","843000","844000","845000","846000","847000","848000","849000","850000","840000","838000","837000","836000","835000","834000","833000","832000","831000","830000","17","2","368","91","220","35","14","22","23","93","169","55","30","195","25","12","11","25","40","199","885","761","0","0","0","0","0","-830000","5","-100.00","1099","8","8","0","0","","0","0","0","","",""
"080037","0001","0","841000","842000","843000","844000","845000","846000","847000","848000","849000","850000","840000","838000","837000","836000","835000","834000","833000","832000","831000","830000","17","2","368","91","220","35","14","22","23","93","169","55","30","195","25","12","11","25","40","199","885","761","0","0","0","0","0","-830000","5","-100.00","1099","0","0","0","0","","0","0","0","","",""
"080037","0002","0","841000","842000","843000","844000","845000","846000","847000","848000","849000","850000","840000","838000","837000","836000","835000","834000","833000","832000","831000","830000","7","2","368","91","220","35","14","22","23","93","169","55","30","195","25","12","11","25","40","199","875","761","0","0","0","0","0","-830000","5","-100.00","1109","-10","0","0","0","","0","0","0","","",""
"080038","0000","0","841000","842000","843000","844000","845000","846000","847000","848000","849000","850000","840000","838000","837000","836000","835000","834000","833000","832000","831000","830000","7","3","368","91","220","30","14","22","23","93","169","55","30","195","25","12","11","25","40","199","871","761","0","0","0","0","0","-830000","5","-100.00","1109","-4","0","0","0","","0","0","0","","",""
"080038","0001","0","841000","842000","843000","844000","845000","846000","847000","848000","849000","850000","840000","838000","837000","836000","835000","834000","833000","832000","831000","830000","7","3","369","90","221","30","14","22","23","93","169","56","30","195","25","12","11","25","40","199","872","762","0","0","0","0","0","-830000","5","-100.00","1109","1","1","0","0","","0","0","0","","",""
"080038","0002","0","841000","842000","843000","844000","845000","846000","847000","848000","849000","850000","840000","838000","837000","836000","835000","834000","833000","832000","831000","830000","6","3","369","90","221","30","14","22","23","93","169","56","30","195","25","12","11","25","40","199","871","762","0","0","0","0","0","-830000","5","-100.00","1110","-1","0","0","0","","0","0","0","","",""
"080038","0003","0","843000","844000","845000","846000","847000","848000","849000","850000","851000","852000","842000","840000","838000","837000","836000","835000","834000","833000","832000","831000","369","90","221","30","14","22","23","93","9","30","1","169","56","31","195","25","12","11","25","40","901","565","0","0","0","0","0","-830000","5","-100.00","1120","30","-197","0","0","","0","0","0","","",""
"080039","0000","0","841000","843000","844000","845000","846000","847000","848000","849000","850000","851000","840000","838000","837000","836000","835000","834000","833000","832000","831000","830000","2","363","90","221","30","14","22","23","93","9","169","56","31","195","25","12","11","25","40","201","867","765","0","0","0","0","0","-830000","5","-100.00","1131","-34","200","0","0","","0","0","0","","",""
"080039","0001","0","841000","842000","843000","844000","845000","846000","847000","848000","849000","850000","840000","838000","837000","836000","835000","834000","833000","832000","831000","830000","2","263","363","90","221","30","13","22","23","93","169","56","31","195","25","12","11","25","40","201","1120","765","0","0","0","0","0","-830000","5","-100.00","1133","253","0","0","0","","0","0","0","","",""
"080039","0002","0","842000","843000","844000","845000","846000","847000","848000","849000","850000","851000","840000","838000","837000","836000","835000","834000","833000","832000","831000","830000","257","371","90","221","30","13","38","23","93","9","169","56","32","195","25","12","11","25","40","201","1145","766","0","0","0","0","0","-830000","5","-100.00","1141","25","1","0","0","","0","0","0","","",""
"080040","0000","0","842000","843000","844000","845000","846000","847000","848000","849000","850000","851000","840000","838000","837000","836000","835000","834000","833000","832000","831000","830000","281","371","90","221","30","13","41","24","69","9","169","56","32","195","25","12","11","25","40","201","1149","766","0","0","0","0","0","-830000","5","-100.00","1141","4","0","0","0","","0","0","0","","",""
"080040","0001","0","842000","843000","844000","845000","846000","847000","848000","849000","850000","851000","840000","838000","837000","836000","835000","834000","833000","832000","831000","830000","281","371","19","221","30","13","41","24","69","9","166","56","32","195","25","12","11","25","40","361","1078","923","0","0","0","0","0","-830000","5","-100.00","1144","-71","157","0","0","","0","0","0","","",""
"080040","0002","0","842000","843000","844000","845000","846000","847000","848000","849000","850000","851000","840000","838000","837000","836000","835000","834000","833000","832000","831000","830000","282","371","19","221","122","13","41","24","69","9","216","56","32","195","29","12","11","25","40","361","1171","977","0","0","0","0","0","-830000","5","-100.00","1144","93","54","0","0","","0","0","0","","",""
"080040","0003","0","842000","843000","844000","845000","846000","847000","848000","849000","850000","851000","840000","838000","837000","836000","835000","834000","833000","832000","831000","830000","282","371","19","221","122","13","42","24","74","9","249","56","32","195","29","12","11","25","40","361","1177","1010","0","0","0","0","0","-830000","5","-100.00","1144","6","33","0","0","","0","0","0","","",""
"080041","0000","0","842000","843000","844000","845000","846000","847000","848000","849000","850000","851000","840000","838000","837000","836000","835000","834000","833000","832000","831000","830000","287","371","19","221","122","13","42","33","74","9","249","56","32","195","29","12","11","25","40","361","1191","1010","0","0","0","0","0","-830000","5","-100.00","1146","14","0","0","0","","0","0","0","","",""
"080041","0001","0","842000","843000","844000","845000","846000","847000","848000","849000","850000","851000","840000","838000","837000","836000","835000","834000","833000","832000","831000","830000","287","371","19","221","122","13","42","33","74","9","242","56","32","195","29","12","12","26","40","361","1191","1005","0","0","0","0","0","-830000","5","-100.00","1153","0","-5","0","0","","0","0","0","","",""
"080041","0002","0","842000","843000","844000","845000","846000","847000","848000","849000","850000","851000","840000","838000","837000","836000","835000","834000","833000","832000","831000","830000","295","371","20","221","122","13","42","33","74","9","236","56","32","197","29","13","12","26","40","361","1200","1002","0","0","0","0","0","-830000","5","-100.00","1159","9","-3","0","0","","0","0","0","","",""
"080041","0003","0","842000","843000","844000","845000","846000","847000","848000","849000","850000","851000","840000","838000","837000","836000","835000","834000","833000","832000","831000","830000","209","374","20","221","122","13","42","33","74","9","238","56","32","197","29","13","12","26","41","361","1117","1005","0","0","0","0","0","-830000","5","-100.00","1245","-83","3","0","0","","0","0","0","","",""
"080042","0000","0","841000","842000","843000","844000","845000","846000","847000","848000","849000","850000","840000","838000","837000","836000","835000","834000","833000","832000","831000","830000","79","209","374","20","212","122","13","42","33","74","243","56","32","197","29","13","12","26","41","361","1178","1010","0","0","0","0","0","-830000","5","-100.00","1245","61","5","0","0","","0","0","0","","",""
"080042","0001","0","841000","842000","843000","844000","845000","846000","847000","848000","849000","850000","840000","838000","837000","836000","835000","834000","833000","832000","831000","830000","281","214","374","20","212","122","13","52","34","74","243","56","32","197","29","13","12","26","41","362","1396","1011","0","0","0","0","0","-830000","5","-100.00","1245","218","1","0","0","","0","0","0","","",""
"080043","0000","0","841000","842000","843000","844000","845000","846000","847000","848000","849000","850000","840000","838000","837000","836000","835000","834000","833000","832000","831000","830000","267","214","374","20","212","122","13","52","34","74","243","56","32","197","29","13","12","26","41","362","1382","1011","0","0","0","0","0","-830000","5","-100.00","1260","-14","0","0","0","","0","0","0","","",""
"080043","0001","0","841000","842000","843000","844000","845000","846000","847000","848000","849000","850000","840000","838000","837000","836000","835000","834000","833000","832000","831000","830000","268","214","374","20","212","122","13","52","34","74","263","56","32","197","29","13","12","26","41","362","1383","1031","0","0","0","0","0","-830000","5","-100.00","1260","1","20","0","0","","0","0","0","","",""
"080043","0002","0","841000","842000","843000","844000","845000","846000","847000","848000","849000","850000","840000","838000","837000","836000","835000","834000","833000","832000","831000","830000","268","214","374","20","212","122","13","52","34","74","264","56","32","197","29","13","13","26","41","362","1383","1033","0","0","0","0","0","-830000","5","-100.00","1260","0","2","0","0","","0","0","0","","",""
"080044","0000","0","841000","842000","843000","844000","845000","846000","847000","848000","849000","850000","840000","838000","837000","836000","835000","834000","833000","832000","831000","830000","257","214","374","20","212","122","13","52","34","74","265","56","32","197","29","13","13","26","41","362","1372","1034","0","0","0","0","0","-830000","5","-100.00","1271","-11","1","0","0","","0","0","0","","",""
"080044","0001","0","841000","842000","843000","844000","845000","846000","847000","848000","849000","850000","840000","838000","837000","836000","835000","834000","833000","832000","831000","830000","257","214","374","20","212","122","13","52","34","80","265","56","32","197","29","13","13","26","41","362","1378","1034","0","0","0","0","0","-830000","5","-100.00","1271","6","0","0","0","","0","0","0","","",""
"080044","0002","0","841000","842000","843000","844000","845000","846000","847000","848000","849000","850000","840000","838000","837000","836000","835000","834000","833000","832000","831000","830000","258","214","374","20","225","122","13","52","34","80","265","56","32","197","29","13","13","26","41","362","1392","1034","0","0","0","0","0","-830000","5","-100.00","1271","14","0","0","0","","0","0","0","","",""
"080044","0003","0","841000","842000","843000","844000","845000","846000","847000","848000","849000","850000","840000","838000","837000","836000","835000","834000","833000","832000","831000","830000","301","214","376","20","225","122","13","52","34","80","266","56","32","197","29","13","13","26","41","362","1437","1035","0","0","0","0","0","-830000","5","-100.00","1299","45","1","0","0","","0","0","0","","",""
"080045","0000","0","841000","842000","843000","844000","845000","846000","847000","848000","849000","850000","840000","838000","837000","836000","835000","834000","833000","832000","831000","830000","301","214","376","20","225","122","13","52","34","85","266","56","32","197","29","13","13","26","41","362","1442","1035","0","0","0","0","0","-830000","5","-100.00","1299","5","0","0","0","","0","0","0","","",""
"080045","0001","0","841000","842000","843000","844000","845000","846000","847000","848000","849000","850000","840000","838000","837000","836000","835000","834000","833000","832000","831000","830000","289","264","376","20","225","122","13","52","34","86","366","56","32","197","29","13","13","26","41","362","1481","1135","0","0","0","0","0","-830000","5","-100.00","1311","39","100","0","0","","0","0","0","","",""
"080045","0002","0","841000","842000","843000","844000","845000","846000","847000","848000","849000","850000","840000","838000","837000","836000","835000","834000","833000","832000","831000","830000","288","264","376","20","225","122","13","52","34","86","366","56","32","238","29","13","13","26","41","362","1480","1176","0","0","0","0","0","-830000","5","-100.00","1312","-1","41","0","0","","0","0","0","","",""
"080046","0000","0","841000","842000","843000","844000","845000","846000","847000","848000","849000","850000","840000","838000","837000","836000","835000","834000","833000","832000","831000","830000","358","264","376","20","225","122","13","52","34","88","366","256","32","238","29","13","13","26","41","362","1552","1376","0","0","0","0","0","-830000","5","-100.00","1313","72","200","0","0","","0","0","0","","",""
"080046","0001","0","841000","842000","843000","844000","845000","846000","847000","848000","849000","850000","840000","838000","837000","836000","835000","834000","833000","832000","831000","830000","357","275","376","20","225","122","13","52","34","88","367","256","32","238","30","13","13","26","41","362","1562","1378","0","0","0","0","0","-830000","5","-100.00","1314","10","2","0","0","","0","0","0","","",""
"080046","0002","0","841000","842000","843000","844000","845000","846000","847000","848000","849000","850000","840000","838000","837000","836000","835000","834000","833000","832000","831000","830000","365","275","376","20","222","122","13","52","34","89","367","256","32","238","30","13","13","26","41","362","1568","1378","0","0","0","0","0","-830000","5","-100.00","1319","6","0","0","0","","0","0","0","","",""
"080047","0000","0","841000","842000","843000","844000","845000","846000","847000","848000","849000","850000","840000","838000","837000","836000","835000","834000","833000","832000","831000","830000","365","276","376","20","222","122","13","52","34","89","382","261","32","238","30","13","13","26","41","362","1569","1398","0","0","0","0","0","-830000","5","-100.00","1319","1","20","0","0","","0","0","0","","",""
"080047","0001","0","841000","842000","843000","844000","845000","846000","847000","848000","849000","850000","840000","838000","837000","836000","835000","834000","833000","832000","831000","830000","361","276","376","20","222","122","13","52","34","89","384","261","32","238","30","13","13","26","41","362","1565","1400","0","0","0","0","0","-830000","5","-100.00","1323","-4","2","0","0","","0","0","0","","",""
"080047","0002","0","841000","842000","843000","844000","845000","846000","847000","848000","849000","850000","840000","838000","837000","836000","835000","834000","833000","832000","831000","830000","368","266","376","20","222","122","13","52","34","89","384","261","32","238","30","13","13","26","41","362","1562","1400","0","0","0","0","0","-830000","5","-100.00","1324","-3","0","0","0","","0","0","0","","",""
"080047","0003","0","841000","842000","843000","844000","845000","846000","847000","848000","849000","850000","840000","838000","837000","836000","835000","834000","833000","832000","831000","830000","318","267","376","20","222","122","13","52","34","94","335","261","32","241","30","13","13","26","41","362","1518","1354","0","0","0","0","0","-830000","5","-100.00","1374","-44","-46","0","0","","0","0","0","","",""
"080048","0000","0","841000","842000","843000","844000","845000","846000","847000","848000","849000","850000","840000","838000","837000","836000","835000","834000","833000","832000","831000","830000","320","267","376","20","222","122","13","52","34","94","335","261","32","241","30","13","13","26","41","362","1520","1354","0","0","0","0","0","-830000","5","-100.00","1374","2","0","0","0","","0","0","0","","",""
"080048","0001","0","841000","842000","843000","844000","845000","846000","847000","848000","849000","850000","840000","838000","837000","836000","835000","834000","833000","832000","831000","830000","329","268","376","19","222","122","13","52","34","94","363","261","32","215","30","13","13","26","41","362","1529","1356","0","0","0","0","0","-830000","5","-100.00","1374","9","2","0","0","","0","0","0","","",""
"080048","0002","0","841000","842000","843000","844000","845000","846000","847000","848000","849000","850000","840000","838000","837000","836000","835000","834000","833000","832000","831000","830000","329","268","376","19","222","125","10","52","34","94","363","261","32","215","30","13","13","26","41","362","1529","1356","0","0","0","0","0","-830000","5","-100.00","1374","0","0","0","0","","0","0","0","","",""
"080049","0000","0","841000","842000","843000","844000","845000","846000","847000","848000","849000","850000","840000","838000","837000","836000","835000","834000","833000","832000","831000","830000","396","268","376","19","222","125","10","52","34","94","363","261","32","215","30","13","13","26","41","362","1596","1356","0","0","0","0","0","-830000","5","-100.00","1374","67","0","0","0","","0","0","0","","",""
"080049","0001","0","841000","842000","843000","844000","845000","846000","847000","848000","849000","850000","840000","838000","837000","836000","835000","834000","833000","832000","831000","830000","395","268","376","19","222","125","10","52","34","94","364","261","32","216","30","13","13","56","41","362","1595","1388","0","0","0","0","0","-830000","5","-100.00","1377","-1","32","0","0","","0","0","0","","",""
"080049","0002","0","841000","842000","843000","844000","845000","846000","847000","848000","849000","850000","840000","838000","837000","836000","835000","834000","833000","832000","831000","830000","397","268","376","19","222","125","10","52","34","94","376","261","2","226","60","13","13","56","41","362","1597","1410","0","0","0","0","0","-830000","5","-100.00","1379","2","22","0","0","","0","0","0","","",""
"080050","0000","0","841000","842000","843000","844000","845000","846000","847000","848000","849000","850000","840000","838000","837000","836000","835000","834000","833000","832000","831000","830000","397","268","376","19","221","125","10","52","34","95","376","261","2","226","60","13","13","56","41","362","1597","1410","0","0","0","0","0","-830000","5","-100.00","1380","0","0","0","0","","0","0","0","","",""
"080050","0001","0","841000","842000","843000","844000","845000","846000","847000","848000","849000","850000","840000","838000","837000","836000","835000","834000","833000","832000","831000","830000","386","268","376","20","221","125","10","52","34","95","376","261","2","226","60","14","13","56","41","362","1587","1411","0","0","0","0","0","-830000","5","-100.00","1391","-10","1","0","0","","0","0","0","","",""
"080050","0002","0","841000","842000","843000","844000","845000","846000","847000","848000","849000","850000","840000","838000","837000","836000","835000","834000","833000","832000","831000","830000","389","272","376","20","221","125","10","52","34","96","376","261","2","236","60","14","13","56","41","362","1595","1421","0","0","0","0","0","-830000","5","-100.00","1391","8","10","0","0","","0","0","0","","",""
"080051","0000","0","841000","842000","843000","844000","845000","846000","847000","848000","849000","850000","840000","838000","837000","836000","835000","834000","833000","832000","831000","830000","400","272","376","20","221","125","10","52","34","96","376","261","2","236","60","14","13","56","41","362","1606","1421","0","0","0","0","0","-830000","5","-100.00","1391","11","0","0","0","","0","0","0","","",""
"080051","0001","0","841000","842000","843000","844000","845000","846000","847000","848000","849000","850000","840000","838000","837000","836000","835000","834000","833000","832000","831000","830000","401","272","376","20","221","125","10","52","34","96","376","261","2","236","60","14","13","56","41","367","1607","1426","0","0","0","0","0","-830000","5","-100.00","1391","1","5","0","0","","0","0","0","","",""
"080051","0002","0","841000","842000","843000","844000","845000","846000","847000","848000","849000","850000","840000","838000","837000","836000","835000","834000","833000","832000","831000","830000","390","272","376","20","221","125","10","52","34","96","376","261","2","236","60","14","13","57","41","369","1596","1429","0","0","0","0","0","-830000","5","-100.00","1402","-11","3","0","0","","0","0","0","","",""
"080051","0003","0","841000","842000","843000","844000","845000","846000","847000","848000","849000","850000","840000","838000","837000","836000","835000","834000","833000","832000","831000","830000","385","272","376","20","221","125","10","52","34","96","376","261","2","236","60","14","13","57","41","369","1591","1429","0","0","0","0","0","-830000","5","-100.00","1410","-5","0","0","0","","0","0","0","","",""
"080052","0000","0","841000","842000","843000","844000","845000","846000","847000","848000","849000","850000","840000","838000","837000","836000","835000","834000","833000","832000","831000","830000","412","272","376","20","221","125","10","52","34","96","377","261","2","236","60","14","13","57","41","369","1618","1430","0","0","0","0","0","-830000","5","-100.00","1410","27","1","0","0","","0","0","0","","",""
"080052","0001","0","841000","842000","843000","844000","845000","846000","847000","848000","849000","850000","840000","838000","837000","836000","835000","834000","833000","832000","831000","830000","340","272","376","20","221","125","10","52","34","96","377","261","2","236","60","14","13","57","41","369","1546","1430","0","0","0","0","0","-830000","5","-100.00","1411","-72","0","0","0","","0","0","0","","",""
"080052","0002","0","841000","842000","843000","844000","845000","846000","847000","848000","849000","850000","840000","838000","837000","836000","835000","834000","833000","832000","831000","830000","345","267","376","7","221","125","10","52","34","96","377","261","2","236","60","14","13","57","41","369","1533","1430","0","0","0","0","0","-830000","5","-100.00","1411","-13","0","0","0","","0","0","0","","",""
"080053","0000","0","841000","842000","843000","844000","845000","846000","847000","848000","849000","850000","840000","838000","837000","836000","835000","834000","833000","832000","831000","830000","345","267","376","7","221","125","10","52","34","96","378","261","2","236","60","14","13","57","41","369","1533","1431","0","0","0","0","0","-830000","5","-100.00","1411","0","1","0","0","","0","0","0","","",""
"080053","0001","0","841000","842000","843000","844000","845000","846000","847000","848000","849000","850000","840000","838000","837000","836000","835000","834000","833000","832000","831000","830000","403","267","376","7","221","125","10","52","34","96","379","261","2","236","63","14","13","57","41","369","1591","1435","0","0","0","0","0","-830000","5","-100.00","1423","58","4","0","0","","0","0","0","","",""
"080053","0002","0","841000","842000","843000","844000","845000","846000","847000","848000","849000","850000","840000","838000","837000","836000","835000","834000","833000","832000","831000","830000","406","267","376","7","221","125","10","52","34","96","379","261","2","236","63","14","13","57","41","389","1594","1455","0","0","0","0","0","-830000","5","-100.00","1423","3","20","0","0","","0","0","0","","",""
"080054","0000","0","841000","842000","843000","844000","845000","846000","847000","848000","849000","850000","840000","838000","837000","836000","835000","834000","833000","832000","831000","830000","391","268","376","9","221","125","10","52","34","96","380","261","2","235","63","14","13","57","41","389","1582","1455","0","0","0","0","0","-830000","5","-100.00","1438","-12","0","0","0","","0","0","0","","",""
"080054","0001","0","841000","842000","843000","844000","845000","846000","847000","848000","849000","850000","840000","838000","837000","836000","835000","834000","833000","832000","831000","830000","416","268","376","9","262","126","10","52","34","96","379","261","2","235","63","14","13","57","41","389","1649","1454","0","0","0","0","0","-830000","5","-100.00","1438","67","-1","0","0","","0","0","0","","",""
"080054","0002","0","841000","842000","843000","844000","845000","846000","847000","848000","849000","850000","840000","838000","837000","836000","835000","834000","833000","832000","831000","830000","416","268","385","9","262","126","10","52","34","96","485","261","2","235","63","14","13","57","41","390","1658","1561","0","0","0","0","0","-830000","5","-100.00","1438","9","107","0","0","","0","0","0","","",""
"080055","0000","0","841000","842000","843000","844000","845000","846000","847000","848000","849000","850000","840000","838000","837000","836000","835000","834000","833000","832000","831000","830000","409","268","385","9","262","126","10","54","36","96","485","261","2","235","63","14","13","57","41","390","1655","1561","0","0","0","0","0","-830000","5","-100.00","1445","-3","0","0","0","","0","0","0","","",""
"080055","0001","0","841000","842000","843000","844000","845000","846000","847000","848000","849000","850000","840000","838000","837000","836000","835000","834000","833000","832000","831000","830000","20","268","385","9","262","126","10","54","36","96","486","261","2","175","63","14","13","57","41","391","1266","1503","0","0","0","0","0","-830000","5","-100.00","1834","-389","-58","0","0","","0","0","0","","",""
"080055","0002","0","841000","842000","843000","844000","845000","846000","847000","848000","849000","850000","840000","838000","837000","836000","835000","834000","833000","832000","831000","830000","20","268","385","9","262","126","10","54","36","96","487","261","2","175","63","14","13","57","41","391","1266","1504","0","0","0","0","0","-830000","5","-100.00","1834","0","1","0","0","","0","0","0","","",""
"080055","0003","0","841000","842000","843000","844000","845000","846000","847000","848000","849000","850000","840000","838000","837000","836000","835000","834000","833000","832000","831000","830000","20","268","385","9","262","126","10","54","36","101","487","261","2","175","63","14","13","57","41","391","1271","1504","0","0","0","0","0","-830000","5","-100.00","1834","5","0","0","0","","0","0","0","","",""
"080056","0000","0","841000","842000","843000","844000","845000","846000","847000","848000","849000","850000","840000","838000","837000","836000","835000","834000","833000","832000","831000","830000","2","268","385","9","262","126","10","54","36","101","487","262","2","175","63","14","13","57","41","401","1253","1515","0","0","0","0","0","-830000","5","-100.00","1852","-18","11","0","0","","0","0","0","","",""
"080056","0001","0","841000","842000","843000","844000","845000","846000","847000","848000","849000","850000","840000","838000","837000","836000","835000","834000","833000","832000","831000","830000","2","268","385","9","262","126","10","59","36","106","487","262","2","175","63","14","13","57","41","401","1263","1515","0","0","0","0","0","-830000","5","-100.00","1852","10","0","0","0","","0","0","0","","",""
"080056","0002","0","842000","843000","844000","845000","846000","847000","848000","849000","850000","851000","841000","840000","839000","838000","837000","836000","835000","834000","833000","832000","268","385","9","262","126","10","59","36","106","9","3","387","1","262","2","175","63","14","13","57","1270","977","0","0","0","0","0","-830000","5","-100.00","1854","7","-538","0","0","","0","0","0","","",""
"080056","0003","0","842000","843000","844000","845000","846000","847000","848000","849000","850000","851000","841000","840000","839000","838000","837000","836000","835000","834000","833000","832000","268","385","9","262","134","10","59","36","106","9","12","397","1","262","2","175","63","14","13","57","1278","996","0","0","0","0","0","-830000","5","-100.00","1854","8","19","0","0","","0","0","0","","",""
"080057","0000","0","842000","843000","844000","845000","846000","847000","848000","849000","850000","851000","841000","840000","839000","838000","837000","836000","835000","834000","833000","832000","257","385","9","262","134","10","59","36","106","9","13","397","1","262","2","175","63","14","13","57","1267","997","0","0","0","0","0","-830000","5","-100.00","1854","-11","1","0","0","","0","0","0","","",""
"080057","0001","0","842000","843000","844000","845000","846000","847000","848000","849000","850000","851000","841000","840000","839000","838000","837000","836000","835000","834000","833000","832000","256","384","9","262","134","10","59","36","110","9","13","397","1","262","2","175","63","14","13","57","1269","997","0","0","0","0","0","-830000","5","-100.00","1856","2","0","0","0","","0","0","0","","",""
"080057","0002","0","842000","843000","844000","845000","846000","847000","848000","849000","850000","851000","841000","840000","839000","838000","837000","836000","835000","834000","833000","832000","256","384","9","262","134","10","58","36","110","9","23","397","1","262","2","175","63","14","13","57","1268","1007","0","0","0","0","0","-830000","5","-100.00","1856","-1","10","0","0","","0","0","0","","",""
"080058","0000","0","841000","842000","843000","844000","845000","846000","847000","848000","849000","850000","840000","839000","838000","837000","836000","835000","834000","833000","832000","831000","39","256","424","9","262","134","10","58","36","110","397","1","262","2","175","64","14","13","57","41","1338","1026","0","0","0","0","0","-830000","5","-100.00","1898","70","19","0","0","","0","0","0","","",""
"080058","0001","0","841000","842000","843000","844000","845000","846000","847000","848000","849000","850000","840000","839000","838000","837000","836000","835000","834000","833000","832000","831000","33","256","424","9","262","134","10","58","36","110","397","1","262","7","175","64","14","13","57","41","1332","1031","0","0","0","0","0","-830000","5","-100.00","1907","-6","5","0","0","","0","0","0","","",""
"080058","0002","0","841000","842000","843000","844000","845000","846000","847000","848000","849000","850000","840000","839000","838000","837000","836000","835000","834000","833000","832000","831000","32","256","424","9","262","134","10","58","36","110","397","2","262","7","175","64","14","13","57","41","1331","1032","0","0","0","0","0","-830000","5","-100.00","1908","-1","1","0","0","","0","0","0","","",""
"080059","0000","0","841000","842000","843000","844000","845000","846000","847000","848000","849000","850000","840000","839000","838000","837000","836000","835000","834000","833000","832000","831000","102","252","424","9","262","134","10","58","36","110","392","2","281","7","175","64","14","13","57","41","1397","1046","0","0","0","0","0","-830000","5","-100.00","1913","66","14","0","0","","0","0","0","","",""
"080059","0001","0","841000","842000","843000","844000","845000","846000","847000","848000","849000","850000","840000","839000","838000","837000","836000","835000","834000","833000","832000","831000","42","252","424","10","262","134","10","58","36","110","392","2","282","7","175","64","14","13","57","41","1338","1047","0","0","0","0","0","-830000","5","-100.00","1975","-59","1","0","0","","0","0","0","","",""
"080059","0002","0","841000","842000","843000","844000","845000","846000","847000","848000","849000","850000","840000","839000","838000","837000","836000","835000","834000","833000","832000","831000","42","252","424","10","262","134","10","58","36","110","392","2","282","7","175","64","14","13","57","47","1338","1053","0","0","0","0","0","-830000","5","-100.00","1979","0","6","0","0","","0","0","0","","",""
"080059","0003","0","841000","842000","843000","844000","845000","846000","847000","848000","849000","850000","840000","839000","838000","837000","836000","835000","834000","833000","832000","831000","30","252","424","10","262","134","10","58","36","110","391","2","282","7","175","64","14","13","57","47","1326","1052","0","0","0","0","0","-830000","5","-100.00","1991","-12","-1","0","0","","0","0","0","","",""
"080100","0000","0","842000","843000","844000","845000","846000","847000","848000","849000","850000","851000","841000","840000","839000","838000","837000","836000","835000","834000","833000","832000","252","424","10","262","134","10","58","36","115","10","7","391","2","282","7","176","64","14","13","57","1311","1013","0","0","0","0","0","-830000","5","-100.00","2021","-15","-39","0","0","","0","0","0","","",""
"080100","0001","0","842000","843000","844000","845000","846000","847000","848000","849000","850000","851000","841000","840000","839000","838000","837000","836000","835000","834000","833000","832000","252","424","8","262","134","10","58","36","115","10","7","393","2","282","7","176","64","14","13","57","1309","1015","0","0","0","0","0","-830000","5","-100.00","2021","-2","2","0","0","","0","0","0","","",""
"080100","0002","0","842000","843000","844000","845000","846000","847000","848000","849000","850000","851000","841000","840000","839000","838000","837000","836000","835000","834000","833000","832000","252","424","8","262","134","10","58","36","115","10","7","402","3","282","7","176","64","14","13","57","1309","1025","0","0","0","0","0","-830000","5","-100.00","2021","0","10","0","0","","0","0","0","","",""
"080101","0000","0","842000","843000","844000","845000","846000","847000","848000","849000","850000","851000","841000","840000","839000","838000","837000","836000","835000","834000","833000","832000","252","424","8","262","134","10","58","36","115","10","38","402","3","282","7","176","64","14","13","57","1309","1056","0","0","0","0","0","-830000","5","-100.00","2021","0","31","0","0","","0","0","0","","",""
"080101","0001","0","842000","843000","844000","845000","846000","847000","848000","849000","850000","851000","841000","840000","839000","838000","837000","836000","835000","834000","833000","832000","251","424","6","264","134","10","58","36","115","10","38","402","3","283","7","176","66","14","13","57","1308","1059","0","0","0","0","0","-830000","5","-100.00","2022","-1","3","0","0","","0","0","0","","",""
"080101","0002","0","843000","844000","845000","846000","847000","848000","849000","850000","851000","852000","841000","840000","839000","838000","837000","836000","835000","834000","833000","832000","409","6","264","134","10","58","36","115","10","22","38","402","3","283","7","176","66","14","13","57","1064","1059","0","0","0","0","0","-830000","5","-100.00","2293","-244","0","0","0","","0","0","0","","",""
"080101","0003","0","843000","844000","845000","846000","847000","848000","849000","850000","851000","852000","841000","840000","839000","838000","837000","836000","835000","834000","833000","832000","409","6","264","134","10","58","36","115","10","22","38","453","3","283","7","177","66","14","13","57","1064","1111","0","0","0","0","0","-830000","5","-100.00","2293","0","52","0","0","","0","0","0","","",""
"080102","0000","0","843000","844000","845000","846000","847000","848000","849000","850000","851000","852000","841000","840000","839000","838000","837000","836000","835000","834000","833000","832000","409","6","219","134","10","58","36","115","10","22","38","453","3","283","7","177","66","14","13","57","1019","1111","0","0","0","0","0","-830000","5","-100.00","2293","-45","0","0","0","","0","0","0","","",""
"080102","0001","0","843000","844000","845000","846000","847000","848000","849000","850000","851000","852000","841000","840000","839000","838000","837000","836000","835000","834000","833000","832000","410","6","219","134","10","58","36","115","10","22","37","453","3","283","7","177","66","14","13","57","1020","1110","0","0","0","0","0","-830000","5","-100.00","2295","1","-1","0","0","","0","0","0","","",""
"080102","0002","0","843000","844000","845000","846000","847000","848000","849000","850000","851000","852000","841000","840000","839000","838000","837000","836000","835000","834000","833000","832000","410","6","220","134","10","58","36","115","10","22","37","455","3","283","7","177","66","14","13","57","1021","1112","0","0","0","0","0","-830000","5","-100.00","2295","1","2","0","0","","0","0","0","","",""
"080103","0000","0","843000","844000","845000","846000","847000","848000","849000","850000","851000","852000","840000","839000","838000","837000","836000","835000","834000","833000","832000","831000","410","6","220","134","10","58","36","115","10","22","455","3","283","7","177","66","14","13","57","47","1021","1122","0","0","0","0","0","-830000","5","-100.00","2365","0","10","0","0","","0","0","0","","",""
"080103","0001","0","842000","843000","844000","845000","846000","847000","848000","849000","850000","851000","840000","839000","838000","837000","836000","835000","834000","833000","832000","831000","10","210","6","220","134","10","58","36","115","10","456","3","283","7","177","69","14","13","57","47","809","1126","0","0","0","0","0","-830000","5","-100.00","2600","-212","4","0","0","","0","0","0","","",""
"080103","0002","0","842000","843000","844000","845000","846000","847000","848000","849000","850000","851000","840000","839000","838000","837000","836000","835000","834000","833000","832000","831000","10","210","6","221","134","10","58","36","115","10","456","3","283","7","177","69","14","13","57","47","810","1126","0","0","0","0","0","-830000","5","-100.00","2600","1","0","0","0","","0","0","0","","",""
"080103","0003","0","842000","843000","844000","845000","846000","847000","848000","849000","850000","851000","841000","840000","839000","838000","837000","836000","835000","834000","833000","832000","10","210","6","221","134","10","58","36","115","10","1","468","3","283","7","177","69","14","13","57","810","1092","0","0","0","0","0","-830000","5","-100.00","2600","0","-34","0","0","","0","0","0","","",""
"080104","0000","0","842000","843000","844000","845000","846000","847000","848000","849000","850000","851000","841000","840000","839000","838000","837000","836000","835000","834000","833000","832000","10","210","6","221","134","10","58","36","115","11","1","468","3","283","7","177","69","14","13","57","811","1092","0","0","0","0","0","-830000","5","-100.00","2601","1","0","0","0","","0","0","0","","",""
"080104","0001","0","842000","843000","844000","845000","846000","847000","848000","849000","850000","851000","841000","840000","839000","838000","837000","836000","835000","834000","833000","832000","10","211","6","221","134","10","58","36","115","11","35","468","3","283","7","177","69","15","13","57","812","1127","0","0","0","0","0","-830000","5","-100.00","2601","1","35","0","0","","0","0","0","","",""
"080104","0002","0","842000","843000","844000","845000","846000","847000","848000","849000","850000","851000","841000","840000","839000","838000","837000","836000","835000","834000","833000","832000","1","211","6","222","134","10","58","36","115","11","35","473","3","283","7","177","69","15","13","57","804","1132","0","0","0","0","0","-830000","5","-100.00","2610","-8","5","0","0","","0","0","0","","",""
"080105","0000","0","842000","843000","844000","845000","846000","847000","848000","849000","850000","851000","841000","840000","839000","838000","837000","836000","835000","834000","833000","832000","2","211","6","222","134","10","58","36","115","11","35","473","3","283","7","177","69","15","13","57","805","1132","0","0","0","0","0","-830000","5","-100.00","2610","1","0","0","0","","0","0","0","","",""
"080105","0001","0","842000","843000","844000","845000","846000","847000","848000","849000","850000","851000","841000","840000","839000","838000","837000","836000","835000","834000","833000","832000","2","211","6","222","134","10","58","36","116","11","36","473","3","283","7","177","69","15","13","57","806","1133","0","0","0","0","0","-830000","5","-100.00","2611","1","1","0","0","","0","0","0","","",""
"080105","0002","0","842000","843000","844000","845000","846000","847000","848000","849000","850000","851000","841000","840000","839000","838000","837000","836000","835000","834000","833000","832000","3","212","6","223","134","10","58","36","116","11","46","473","3","286","7","177","69","15","13","57","809","1146","0","0","0","0","0","-830000","5","-100.00","2611","3","13","0","0","","0","0","0","","",""
"080105","0003","0","842000","843000","844000","845000","846000","847000","848000","849000","850000","851000","841000","840000","839000","838000","837000","836000","835000","834000","833000","832000","3","212","6","223","134","10","58","36","116","11","47","474","3","286","7","177","69","15","13","57","809","1148","0","0","0","0","0","-830000","5","-100.00","2611","0","2","0","0","","0","0","0","","",""
"080106","0000","0","842000","843000","844000","845000","846000","847000","848000","849000","850000","851000","841000","840000","839000","838000","837000","836000","835000","834000","833000","832000","37","212","6","223","134","10","58","36","116","11","48","474","3","286","7","177","69","15","13","57","843","1149","0","0","0","0","0","-830000","5","-100.00","2612","34","1","0","0","","0","0","0","","",""
"080106","0001","0","842000","843000","844000","845000","846000","847000","848000","849000","850000","851000","841000","840000","839000","838000","837000","836000","835000","834000","833000","832000","32","212","6","223","134","10","58","36","116","11","63","459","3","286","7","177","69","15","13","57","838","1149","0","0","0","0","0","-830000","5","-100.00","2617","-5","0","0","0","","0","0","0","","",""
"080106","0002","0","842000","843000","844000","845000","846000","847000","848000","849000","850000","851000","841000","840000","839000","838000","837000","836000","835000","834000","833000","832000","21","212","6","224","134","10","58","36","116","11","78","459","3","286","7","177","69","15","13","57","828","1164","0","0","0","0","0","-830000","5","-100.00","2628","-10","15","0","0","","0","0","0","","",""
"080107","0000","0","842000","843000","844000","845000","846000","847000","848000","849000","850000","851000","841000","840000","839000","838000","837000","836000","835000","834000","833000","832000","21","212","6","224","134","10","58","36","116","11","79","459","3","286","7","177","69","15","13","57","828","1165","0","0","0","0","0","-830000","5","-100.00","2628","0","1","0","0","","0","0","0","","",""
"080107","0001","0","842000","843000","844000","845000","846000","847000","848000","849000","850000","851000","841000","840000","839000","838000","837000","836000","835000","834000","833000","832000","21","212","6","224","134","10","58","36","116","11","79","459","3","286","7","178","69","15","13","57","828","1166","0","0","0","0","0","-830000","5","-100.00","2628","0","1","0","0","","0","0","0","","",""
"080107","0002","0","842000","843000","844000","845000","846000","847000","848000","849000","850000","851000","841000","840000","839000","838000","837000","836000","835000","834000","833000","832000","43","213","6","246","134","10","58","36","116","11","80","459","4","286","7","178","69","15","13","57","873","1168","0","0","0","0","0","-830000","5","-100.00","2629","45","2","0","0","","0","0","0","","",""
"080107","0003","0","842000","843000","844000","845000","846000","847000","848000","849000","850000","851000","841000","840000","839000","838000","837000","836000","835000","834000","833000","832000","43","210","6","246","134","10","58","36","116","11","86","459","4","286","7","178","69","15","13","57","870","1174","0","0","0","0","0","-830000","5","-100.00","2630","-3","6","0","0","","0","0","0","","",""
"080108","0000","0","842000","843000","844000","845000","846000","847000","848000","849000","850000","851000","841000","840000","839000","838000","837000","836000","835000","834000","833000","832000","43","210","6","246","134","10","58","36","116","11","86","459","4","286","7","178","69","15","13","57","870","1174","0","0","0","0","0","-830000","5","-100.00","2633","0","0","0","0","","0","0","0","","",""
"080108","0001","0","842000","843000","844000","845000","846000","847000","848000","849000","850000","851000","841000","840000","839000","838000","837000","836000","835000","834000","833000","832000","43","210","6","246","134","10","58","36","116","11","88","438","4","286","7","178","69","15","13","57","870","1155","0","0","0","0","0","-830000","5","-100.00","2633","0","-19","0","0","","0","0","0","","",""
"080108","0002","0","842000","843000","844000","845000","846000","847000","848000","849000","850000","851000","841000","840000","839000","838000","837000","836000","835000","834000","833000","832000","40","210","6","246","134","10","58","36","116","11","77","437","4","286","7","178","69","15","13","57","867","1143","0","0","0","0","0","-830000","5","-100.00","2647","-3","-12","0","0","","0","0","0","","",""
"080109","0000","0","842000","843000","844000","845000","846000","847000","848000","849000","850000","851000","841000","840000","839000","838000","837000","836000","835000","834000","833000","832000","40","210","6","247","134","10","64","36","116","11","78","437","4","286","7","178","69","15","13","57","874","1144","0","0","0","0","0","-830000","5","-100.00","2647","7","1","0","0","","0","0","0","","",""
"080109","0001","0","843000","844000","845000","846000","847000","848000","849000","850000","851000","852000","842000","841000","840000","839000","838000","837000","836000","835000","834000","833000","210","6","247","134","10","64","86","117","11","23","136","79","440","5","286","8","178","69","15","28","908","1244","0","0","0","0","0","-830000","5","-100.00","2688","34","100","0","0","","0","0","0","","",""
"080109","0002","0","843000","844000","845000","846000","847000","848000","849000","850000","851000","852000","842000","841000","840000","839000","838000","837000","836000","835000","834000","833000","210","6","247","134","10","64","86","117","11","23","134","79","440","5","286","8","178","69","15","28","908","1242","0","0","0","0","0","-830000","5","-100.00","2690","0","-2","0","0","","0","0","0","","",""
"080110","0000","0","843000","844000","845000","846000","847000","848000","849000","850000","851000","852000","842000","841000","840000","839000","838000","837000","836000","835000","834000","833000","210","6","247","134","10","64","86","117","11","23","126","79","440","5","286","8","178","69","15","28","908","1234","0","0","0","0","0","-830000","5","-100.00","2698","0","-8","0","0","","0","0","0","","",""
"080110","0001","0","843000","844000","845000","846000","847000","848000","849000","850000","851000","852000","842000","841000","840000","839000","838000","837000","836000","835000","834000","833000","210","6","247","134","10","64","86","117","11","23","126","79","440","5","288","8","178","69","15","28","908","1236","0","0","0","0","0","-830000","5","-100.00","2698","0","2","0","0","","0","0","0","","",""
"080110","0002","0","843000","844000","845000","846000","847000","848000","849000","850000","851000","852000","842000","841000","840000","839000","838000","837000","836000","835000","834000","833000","210","6","247","134","10","64","86","117","11","23","124","79","440","5","288","8","178","69","15","28","908","1234","0","0","0","0","0","-830000","5","-100.00","2700","0","-2","0","0","","0","0","0","","",""
"080110","0003","0","843000","844000","845000","846000","847000","848000","849000","850000","851000","852000","842000","841000","840000","839000","838000","837000","836000","835000","834000","833000","210","6","247","134","10","64","86","117","11","23","125","79","440","10","288","8","178","69","15","28","908","1240","0","0","0","0","0","-830000","5","-100.00","2700","0","6","0","0","","0","0","0","","",""
"080111","0000","0","843000","844000","845000","846000","847000","848000","849000","850000","851000","852000","842000","841000","840000","839000","838000","837000","836000","835000","834000","833000","210","6","247","134","10","64","86","117","11","23","117","79","440","10","288","8","178","69","15","28","908","1232","0","0","0","0","0","-830000","5","-100.00","2710","0","-8","0","0","","0","0","0","","",""
"080111","0001","0","843000","844000","845000","846000","847000","848000","849000","850000","851000","852000","842000","841000","840000","839000","838000","837000","836000","835000","834000","833000","210","6","247","134","10","64","86","117","11","23","132","79","440","10","288","8","178","69","15","28","908","1247","0","0","0","0","0","-830000","5","-100.00","2710","0","15","0","0","","0","0","0","","",""
"080111","0002","0","843000","844000","845000","846000","847000","848000","849000","850000","851000","852000","842000","841000","840000","839000","838000","837000","836000","835000","834000","833000","210","6","247","134","10","64","86","117","11","23","137","81","440","10","288","8","178","69","15","28","908","1254","0","0","0","0","0","-830000","5","-100.00","2715","0","7","0","0","","0","0","0","","",""
"080111","0003","0","843000","844000","845000","846000","847000","848000","849000","850000","851000","852000","842000","841000","840000","839000","838000","837000","836000","835000","834000","833000","202","6","247","134","10","64","86","117","11","23","135","81","440","10","288","8","178","69","15","28","900","1252","0","0","0","0","0","-830000","5","-100.00","2725","-8","-2","0","0","","0","0","0","","",""
"080112","0000","0","843000","844000","845000","846000","847000","848000","849000","850000","851000","852000","842000","841000","840000","839000","838000","837000","836000","835000","834000","833000","202","6","247","134","10","64","86","117","11","23","144","81","440","10","288","8","178","69","15","28","900","1261","0","0","0","0","0","-830000","5","-100.00","2725","0","9","0","0","","0","0","0","","",""
"080112","0001","0","843000","844000","845000","846000","847000","848000","849000","850000","851000","852000","842000","841000","840000","839000","838000","837000","836000","835000","834000","833000","210","6","248","134","10","64","86","117","11","23","145","82","440","10","288","8","178","69","15","29","909","1264","0","0","0","0","0","-830000","5","-100.00","2725","9","3","0","0","","0","0","0","","",""
"080112","0002","0","843000","844000","845000","846000","847000","848000","849000","850000","851000","852000","842000","841000","840000","839000","838000","837000","836000","835000","834000","833000","175","6","248","134","10","64","86","117","12","23","135","87","442","51","288","8","137","69","15","29","875","1261","0","0","0","0","0","-830000","5","-100.00","2770","-34","-3","0","0","","0","0","0","","",""
"080113","0000","0","843000","844000","845000","846000","847000","848000","849000","850000","851000","852000","842000","841000","840000","839000","838000","837000","836000","835000","834000","833000","176","6","248","134","10","64","86","117","12","23","135","87","442","51","288","8","137","69","15","29","876","1261","0","0","0","0","0","-830000","5","-100.00","2770","1","0","0","0","","0","0","0","","",""
"080113","0001","0","843000","844000","845000","846000","847000","848000","849000","850000","851000","852000","842000","841000","840000","839000","838000","837000","836000","835000","834000","833000","175","6","248","134","10","64","86","117","12","23","160","87","442","51","287","8","137","69","15","29","875","1285","0","0","0","0","0","-830000","5","-100.00","2771","-1","24","0","0","","0","0","0","","",""
"080114","0000","0","845000","846000","847000","848000","849000","850000","851000","852000","853000","854000","843000","842000","841000","840000","839000","838000","837000","836000","835000","834000","248","134","10","64","86","117","12","23","2","5","75","955","87","442","51","287","8","137","69","15","701","2126","0","0","0","0","0","-830000","5","-100.00","2952","-174","841","0","0","","0","0","0","","",""
"080114","0001","0","845000","846000","847000","848000","849000","850000","851000","852000","853000","854000","843000","842000","841000","840000","839000","838000","837000","836000","835000","834000","248","134","10","64","86","117","12","23","2","5","75","976","87","442","51","287","8","137","69","26","701","2158","0","0","0","0","0","-830000","5","-100.00","2952","0","32","0","0","","0","0","0","","",""
"080114","0002","0","846000","847000","848000","849000","850000","851000","852000","853000","854000","855000","845000","843000","842000","841000","840000","839000","838000","837000","836000","835000","129","10","64","86","117","12","23","2","5","50","72","85","1001","73","442","51","287","8","137","69","498","2225","0","0","0","0","0","-830000","5","-100.00","3205","-203","67","0","0","","0","0","0","","",""
"080114","0003","0","846000","847000","848000","849000","850000","851000","852000","853000","854000","855000","845000","843000","842000","841000","840000","839000","838000","837000","836000","835000","129","10","64","86","117","12","23","2","5","50","72","85","1012","73","442","51","287","8","137","69","498","2236","0","0","0","0","0","-830000","5","-100.00","3205","0","11","0","0","","0","0","0","","",""
"080115","0000","0","846000","847000","848000","849000","850000","851000","852000","853000","854000","855000","845000","843000","842000","841000","840000","839000","838000","837000","836000","835000","129","10","64","86","117","12","23","2","5","50","72","85","1012","73","442","51","287","9","137","69","498","2237","0","0","0","0","0","-830000","5","-100.00","3205","0","1","0","0","","0","0","0","","",""
"080115","0001","0","846000","847000","848000","849000","850000","851000","852000","853000","854000","855000","845000","843000","842000","841000","840000","839000","838000","837000","836000","835000","129","10","64","86","117","12","23","2","5","50","72","94","1017","73","442","51","287","9","137","69","498","2251","0","0","0","0","0","-830000","5","-100.00","3205","0","14","0","0","","0","0","0","","",""
"080115","0002","0","846000","847000","848000","849000","850000","851000","852000","853000","854000","855000","845000","843000","842000","841000","840000","839000","838000","837000","836000","835000","129","10","64","86","118","12","23","2","5","50","72","94","1017","73","442","51","287","9","137","69","499","2251","0","0","0","0","0","-830000","5","-100.00","3205","1","0","0","0","","0","0","0","","",""
