"time","millisec","HOUR_CLS_CODE","ASKP1","ASKP2","ASKP3","ASKP4","ASKP5","ASKP6","ASKP7","ASKP8","ASKP9","ASKP10","BIDP1","BIDP2","BIDP3","BIDP4","BIDP5","BIDP6","BIDP7","BIDP8","BIDP9","BIDP10","ASKP_RSQN1","ASKP_RSQN2","ASKP_RSQN3","ASKP_RSQN4","ASKP_RSQN5","ASKP_RSQN6","ASKP_RSQN7","ASKP_RSQN8","ASKP_RSQN9","ASKP_RSQN10","BIDP_RSQN1","BIDP_RSQN2","BIDP_RSQN3","BIDP_RSQN4","BIDP_RSQN5","BIDP_RSQN6","BIDP_RSQN7","BIDP_RSQN8","BIDP_RSQN9","BIDP_RSQN10","TOTAL_ASKP_RSQN","TOTAL_BIDP_RSQN","OVTM_TOTAL_ASKP_RSQN","OVTM_TOTAL_BIDP_RSQN","ANTC_CNPR","ANTC_CNQN","ANTC_VOL","ANTC_CNTG_VRSS","ANTC_CNTG_VRSS_SIGN","ANTC_CNTG_PRDY_CTRT","ACML_VOL","TOTAL_ASKP_RSQN_ICDC","TOTAL_BIDP_RSQN_ICDC","OVTM_TOTAL_ASKP_ICDC","OVTM_TOTAL_BIDP_ICDC","STCK_DEAL_CLS_CODE","KMID_PRC","KMID_TOTAL_RSQN","KMID_CLS_CODE","NMID_PRC","NMID_TOTAL_RSQN","NMID_CLS_CODE"
"080000","0000","0","1520000","1550000","1600000","1713000","1715000","0","0","0","0","0","1400000","1370000","1031000","1022000","0","0","0","0","0","0","6","5","44","1","1","0","0","0","0","0","5","5","1","16","0","0","0","0","0","0","57","27","0","0","0","0","0","-1454000","5","-100.00","0","0","0","0","0","","0","0","0","","",""
"080000","0001","0","1470000","1480000","1485000","1490000","1495000","1499000","1500000","1520000","1550000","1600000","1455000","1440000","1420000","1400000","1370000","1367000","1350000","1333000","1255000","1233000","6","2","2","2","2","1","2","6","5","44","9","1","1","6","5","2","5","1","1","1","72","32","0","0","0","0","0","-1454000","5","-100.00","0","15","5","0","0","","0","0","0","","",""
"080001","0000","0","1470000","1480000","1485000","1490000","1495000","1499000","1500000","1520000","1550000","1600000","1455000","1440000","1420000","1401000","1400000","1370000","1367000","1350000","1333000","1308000","6","32","2","2","2","1","3","6","5","44","9","1","1","2","7","5","2","5","1","5","103","38","0","0","0","0","0","-1454000","5","-100.00","0","31","6","0","0","","0","0","0","","",""
"080002","0000","0","1470000","1480000","1485000","1490000","1495000","1499000","1500000","1512000","1515000","1520000","1455000","1450000","1440000","1420000","1401000","1400000","1370000","1367000","1350000","1333000","6","32","2","2","2","1","7","5","2","6","9","4","1","1","2","7","5","2","5","1","65","37","0","0","0","0","0","-1454000","5","-100.00","0","-38","-1","0","0","","0","0","0","","",""
"080002","0001","0","1469000","1470000","1480000","1485000","1490000","1495000","1499000","1500000","1503000","1512000","1455000","1454000","1450000","1440000","1430000","1420000","1410000","1401000","1400000","1390000","1","6","32","2","2","2","1","7","777","5","9","30","4","2","1","2","1","2","8","1","835","60","0","0","0","0","0","-1454000","5","-100.00","0","770","23","0","0","","0","0","0","","",""
"080003","0000","0","1469000","1470000","1473000","1477000","1480000","1485000","1490000","1494000","1495000","1499000","1455000","1454000","1450000","1440000","1430000","1420000","1410000","1401000","1400000","1390000","1","6","1","1","33","2","2","5","2","1","9","30","4","2","1","2","1","2","8","2","54","61","0","0","0","0","0","-1454000","5","-100.00","0","-781","1","0","0","","0","0","0","","",""
"080003","0001","0","1469000","1470000","1473000","1477000","1480000","1485000","1490000","1494000","1495000","1499000","1455000","1454000","1450000","1440000","1430000","1420000","1410000","1401000","1400000","1390000","1","7","1","1","33","2","2","5","2","1","19","30","4","2","1","2","1","2","8","2","55","71","0","0","0","0","0","-1454000","5","-100.00","0","1","10","0","0","","0","0","0","","",""
"080004","0000","0","1469000","1470000","1473000","1477000","1478000","1480000","1485000","1490000","1494000","1495000","1455000","1454000","1450000","1440000","1430000","1427000","1425000","1420000","1410000","1405000","1","7","1","1","1","33","2","2","5","2","19","30","4","2","1","1","1","3","1","1","55","63","0","0","0","0","0","-1454000","5","-100.00","0","0","-8","0","0","","0","0","0","","",""
"080005","0000","0","1469000","1470000","1473000","1477000","1478000","1480000","1485000","1490000","1494000","1495000","1455000","1454000","1450000","1445000","1440000","1431000","1430000","1427000","1425000","1420000","1","7","1","1","1","33","2","2","5","2","19","30","4","1","2","2","1","1","1","3","55","64","0","0","0","0","0","-1454000","5","-100.00","0","0","1","0","0","","0","0","0","","",""
"080006","0000","0","1469000","1470000","1473000","1477000","1478000","1480000","1485000","1490000","1494000","1495000","1455000","1454000","1450000","1445000","1440000","1431000","1430000","1429000","1427000","1425000","1","7","1","1","1","33","2","2","5","2","19","30","4","1","2","2","1","1","1","1","55","62","0","0","0","0","0","-1454000","5","-100.00","0","0","-2","0","0","","0","0","0","","",""
"080006","0001","0","1469000","1470000","1473000","1477000","1478000","1480000","1485000","1490000","1494000","1495000","1455000","1454000","1450000","1445000","1440000","1431000","1430000","1429000","1427000","1425000","1","7","1","1","1","33","2","2","5","2","20","30","4","1","2","2","1","1","1","1","55","63","0","0","0","0","0","-1454000","5","-100.00","0","0","1","0","0","","0","0","0","","",""
"080006","0002","0","1465000","1469000","1470000","1473000","1477000","1478000","1480000","1485000","1490000","1494000","1455000","1454000","1450000","1445000","1440000","1431000","1430000","1429000","1427000","1425000","5","2","7","1","1","1","33","2","2","5","20","30","4","1","2","2","3","1","1","1","59","65","0","0","0","0","0","-1454000","5","-100.00","0","4","2","0","0","","0","0","0","","",""
"080007","0000","0","1465000","1469000","1470000","1473000","1477000","1478000","1480000","1485000","1490000","1494000","1455000","1454000","1450000","1445000","1440000","1431000","1430000","1429000","1427000","1425000","5","2","7","1","1","1","33","2","2","5","20","34","4","1","2","2","3","1","1","1","59","69","0","0","0","0","0","-1454000","5","-100.00","0","0","4","0","0","","0","0","0","","",""
"080007","0001","0","1465000","1469000","1470000","1473000","1477000","1478000","1480000","1485000","1490000","1494000","1455000","1454000","1450000","1445000","1440000","1431000","1430000","1429000","1427000","1425000","5","3","7","1","1","1","33","2","2","5","20","35","4","1","2","2","3","1","1","1","60","70","0","0","0","0","0","-1454000","5","-100.00","0","1","1","0","0","","0","0","0","","",""
"080008","0000","0","1465000","1469000","1470000","1473000","1477000","1478000","1480000","1485000","1490000","1494000","1455000","1454000","1450000","1445000","1440000","1431000","1430000","1429000","1427000","1425000","5","3","7","1","1","1","33","2","2","5","20","36","4","1","2","2","3","1","1","1","60","71","0","0","0","0","0","-1454000","5","-100.00","0","0","1","0","0","","0","0","0","","",""
"080009","0000","0","1465000","1469000","1470000","1473000","1477000","1478000","1480000","1485000","1490000","1494000","1455000","1454000","1450000","1445000","1440000","1431000","1430000","1429000","1427000","1425000","6","3","7","1","1","1","33","2","2","5","20","36","4","1","2","2","3","1","1","1","61","71","0","0","0","0","0","-1454000","5","-100.00","0","1","0","0","0","","0","0","0","","",""
"080010","0000","0","1465000","1469000","1470000","1473000","1477000","1478000","1480000","1485000","1490000","1494000","1455000","1454000","1453000","1450000","1445000","1440000","1431000","1430000","1429000","1427000","6","3","7","1","1","1","33","2","2","5","20","36","1","4","1","2","2","3","1","1","61","71","0","0","0","0","0","-1454000","5","-100.00","0","0","0","0","0","","0","0","0","","",""
"080011","0000","0","1460000","1465000","1469000","1470000","1473000","1477000","1478000","1480000","1485000","1490000","1455000","1454000","1453000","1451000","1450000","1445000","1440000","1431000","1430000","1429000","1","6","3","7","1","1","1","33","2","2","20","36","1","8","4","1","2","2","3","1","57","78","0","0","0","0","0","-1454000","5","-100.00","0","-4","7","0","0","","0","0","0","","",""
"080011","0001","0","1460000","1465000","1469000","1470000","1473000","1477000","1478000","1480000","1485000","1490000","1455000","1454000","1453000","1451000","1450000","1445000","1440000","1431000","1430000","1429000","1","6","3","7","1","1","1","33","2","2","19","36","1","8","4","1","2","2","3","1","57","77","0","0","0","0","0","-1454000","5","-100.00","1","0","-1","0","0","","0","0","0","","",""
"080011","0002","0","1460000","1465000","1469000","1470000","1473000","1477000","1478000","1480000","1485000","1490000","1455000","1454000","1453000","1451000","1450000","1445000","1440000","1431000","1430000","1429000","1","6","3","7","1","1","1","33","2","19","19","36","1","8","4","1","2","2","3","1","74","77","0","0","0","0","0","-1454000","5","-100.00","1","17","0","0","0","","0","0","0","","",""
"080012","0000","0","1460000","1465000","1469000","1470000","1473000","1477000","1478000","1480000","1485000","1490000","1455000","1454000","1453000","1451000","1450000","1445000","1440000","1431000","1430000","1429000","1","6","2","7","1","1","1","33","2","19","19","36","1","8","4","1","2","2","3","1","73","77","0","0","0","0","0","-1454000","5","-100.00","1","-1","0","0","0","","0","0","0","","",""
"080012","0001","0","1460000","1465000","1469000","1470000","1473000","1477000","1478000","1480000","1485000","1490000","1455000","1454000","1453000","1451000","1450000","1445000","1440000","1431000","1430000","1429000","1","6","2","7","1","1","1","33","2","19","19","36","1","8","4","1","22","2","3","1","73","97","0","0","0","0","0","-1454000","5","-100.00","1","0","20","0","0","","0","0","0","","",""
"080012","0002","0","1460000","1465000","1469000","1470000","1473000","1477000","1478000","1480000","1485000","1490000","1455000","1454000","1453000","1451000","1450000","1445000","1440000","1431000","1430000","1429000","1","6","2","7","1","1","1","33","2","19","19","36","1","8","4","6","22","2","4","1","73","103","0","0","0","0","0","-1454000","5","-100.00","1","0","6","0","0","","0","0","0","","",""
"080013","0000","0","1465000","1469000","1470000","1473000","1477000","1478000","1480000","1485000","1490000","1494000","1460000","1455000","1454000","1453000","1451000","1450000","1445000","1440000","1431000","1430000","6","2","7","1","1","1","33","2","19","5","1","19","36","1","8","4","6","22","2","4","77","103","0","0","0","0","0","-1454000","5","-100.00","2","4","0","0","0","","0","0","0","","",""
"080013","0001","0","1465000","1469000","1470000","1473000","1477000","1478000","1480000","1485000","1490000","1494000","1460000","1455000","1454000","1453000","1451000","1450000","1445000","1440000","1431000","1430000","6","2","7","1","1","2","33","2","19","5","1","19","36","1","8","4","6","22","2","4","78","103","0","0","0","0","0","-1454000","5","-100.00","2","1","0","0","0","","0","0","0","","",""
"080014","0000","0","1465000","1469000","1470000","1473000","1477000","1478000","1480000","1485000","1490000","1494000","1460000","1455000","1454000","1453000","1451000","1450000","1445000","1440000","1431000","1430000","5","2","7","1","1","2","33","2","19","5","1","19","36","1","8","4","6","22","2","4","77","103","0","0","0","0","0","-1454000","5","-100.00","3","-1","0","0","0","","0","0","0","","",""
"080014","0001","0","1465000","1469000","1470000","1473000","1477000","1478000","1480000","1485000","1490000","1494000","1460000","1455000","1454000","1453000","1451000","1450000","1445000","1440000","1434000","1431000","5","2","7","1","1","2","33","2","19","5","1","19","36","1","8","4","6","22","1","2","77","100","0","0","0","0","0","-1454000","5","-100.00","3","0","-3","0","0","","0","0","0","","",""
"080016","0000","0","1465000","1469000","1470000","1473000","1477000","1478000","1480000","1485000","1490000","1494000","1460000","1455000","1454000","1453000","1451000","1450000","1445000","1440000","1434000","1431000","5","2","7","1","1","2","33","2","19","5","2","18","36","1","8","4","6","22","1","2","77","100","0","0","0","0","0","-1454000","5","-100.00","3","0","0","0","0","","0","0","0","","",""
"080016","0001","0","1465000","1469000","1470000","1473000","1477000","1478000","1480000","1485000","1490000","1494000","1460000","1455000","1454000","1453000","1451000","1450000","1445000","1440000","1434000","1431000","5","2","7","1","1","2","33","2","19","5","16","18","36","1","8","4","6","22","1","2","77","114","0","0","0","0","0","-1454000","5","-100.00","3","0","14","0","0","","0","0","0","","",""
"080016","0002","0","1465000","1469000","1470000","1473000","1477000","1478000","1480000","1485000","1490000","1494000","1460000","1455000","1454000","1453000","1451000","1450000","1445000","1440000","1434000","1431000","5","2","7","1","1","2","33","2","21","5","16","18","36","1","8","4","6","22","1","2","79","114","0","0","0","0","0","-1454000","5","-100.00","3","2","0","0","0","","0","0","0","","",""
"080017","0000","0","1465000","1469000","1470000","1473000","1477000","1478000","1480000","1483000","1485000","1490000","1460000","1455000","1454000","1453000","1451000","1450000","1447000","1445000","1440000","1434000","5","2","7","1","1","2","33","1","2","21","16","18","36","1","8","4","15","6","22","1","75","127","0","0","0","0","0","-1454000","5","-100.00","3","-4","13","0","0","","0","0","0","","",""
"080018","0000","0","1465000","1469000","1470000","1473000","1477000","1478000","1480000","1483000","1485000","1490000","1460000","1455000","1454000","1453000","1451000","1450000","1447000","1445000","1440000","1434000","5","2","7","1","1","2","33","1","2","21","16","18","36","1","8","7","15","6","22","1","75","130","0","0","0","0","0","-1454000","5","-100.00","3","0","3","0","0","","0","0","0","","",""
"080018","0001","0","1465000","1469000","1470000","1473000","1477000","1478000","1480000","1483000","1485000","1490000","1460000","1455000","1454000","1453000","1451000","1450000","1447000","1445000","1440000","1434000","25","2","7","1","1","2","33","1","2","21","16","18","36","1","8","7","15","6","22","1","95","130","0","0","0","0","0","-1454000","5","-100.00","3","20","0","0","0","","0","0","0","","",""
"080019","0000","0","1465000","1469000","1470000","1473000","1477000","1478000","1480000","1483000","1485000","1490000","1460000","1455000","1454000","1453000","1451000","1450000","1447000","1445000","1440000","1434000","25","2","7","1","1","2","33","1","2","21","15","18","36","1","8","7","15","6","22","1","95","129","0","0","0","0","0","-1454000","5","-100.00","4","0","-1","0","0","","0","0","0","","",""
"080019","0001","0","1465000","1469000","1470000","1473000","1477000","1478000","1480000","1483000","1485000","1490000","1460000","1455000","1454000","1453000","1451000","1450000","1447000","1445000","1440000","1434000","30","2","7","1","1","2","33","1","2","21","15","18","36","1","8","7","15","6","22","1","100","129","0","0","0","0","0","-1454000","5","-100.00","4","5","0","0","0","","0","0","0","","",""
"080020","0000","0","1465000","1469000","1470000","1473000","1477000","1478000","1480000","1483000","1485000","1490000","1460000","1455000","1454000","1453000","1451000","1450000","1447000","1445000","1440000","1434000","29","2","7","1","1","2","33","1","2","21","14","18","36","1","8","7","15","6","25","1","99","131","0","0","0","0","0","-1454000","5","-100.00","5","-1","2","0","0","","0","0","0","","",""
"080020","0001","0","1465000","1469000","1470000","1473000","1477000","1478000","1480000","1483000","1485000","1490000","1460000","1455000","1454000","1453000","1451000","1450000","1447000","1445000","1440000","1434000","71","2","7","1","1","2","33","1","2","21","14","18","36","1","8","7","15","6","25","1","141","131","0","0","0","0","0","-1454000","5","-100.00","5","42","0","0","0","","0","0","0","","",""
"080020","0002","0","1465000","1469000","1470000","1473000","1477000","1478000","1480000","1483000","1485000","1490000","1460000","1455000","1454000","1453000","1451000","1450000","1447000","1445000","1440000","1434000","83","2","7","1","1","2","33","1","2","21","14","18","36","1","8","7","15","6","25","1","153","131","0","0","0","0","0","-1454000","5","-100.00","5","12","0","0","0","","0","0","0","","",""
"080021","0000","0","1465000","1469000","1470000","1473000","1477000","1478000","1480000","1483000","1485000","1490000","1460000","1455000","1454000","1453000","1451000","1450000","1447000","1445000","1440000","1434000","83","2","7","1","1","2","33","1","2","21","14","19","36","1","8","7","15","6","25","1","153","132","0","0","0","0","0","-1454000","5","-100.00","5","0","1","0","0","","0","0","0","","",""
"080021","0001","0","1465000","1469000","1470000","1473000","1477000","1478000","1480000","1483000","1485000","1490000","1460000","1455000","1454000","1453000","1451000","1450000","1447000","1445000","1440000","1434000","82","2","9","1","1","2","35","1","2","21","14","19","36","1","8","7","15","6","25","1","156","132","0","0","0","0","0","-1454000","5","-100.00","6","3","0","0","0","","0","0","0","","",""
"080023","0000","0","1465000","1469000","1470000","1473000","1477000","1478000","1480000","1483000","1485000","1490000","1460000","1455000","1454000","1453000","1451000","1450000","1447000","1445000","1440000","1434000","78","2","9","1","1","2","35","1","2","21","14","19","36","1","8","7","15","6","25","1","152","132","0","0","0","0","0","-1454000","5","-100.00","10","-4","0","0","0","","0","0","0","","",""
"080023","0001","0","1465000","1469000","1470000","1473000","1477000","1478000","1480000","1483000","1485000","1490000","1460000","1455000","1454000","1453000","1451000","1450000","1447000","1445000","1440000","1434000","78","2","9","1","1","2","35","1","2","21","16","19","36","1","8","7","15","6","25","1","152","134","0","0","0","0","0","-1454000","5","-100.00","10","0","2","0","0","","0","0","0","","",""
"080024","0000","0","1465000","1469000","1470000","1473000","1477000","1478000","1480000","1483000","1485000","1490000","1460000","1455000","1454000","1453000","1451000","1450000","1447000","1445000","1440000","1434000","78","2","9","1","1","24","35","1","2","26","16","19","36","1","8","7","15","6","25","1","179","134","0","0","0","0","0","-1454000","5","-100.00","10","27","0","0","0","","0","0","0","","",""
"080024","0001","0","1465000","1469000","1470000","1473000","1477000","1478000","1480000","1483000","1485000","1490000","1460000","1455000","1454000","1453000","1451000","1450000","1447000","1445000","1440000","1434000","86","2","9","1","1","24","35","1","2","26","16","19","36","1","8","7","15","6","25","1","187","134","0","0","0","0","0","-1454000","5","-100.00","10","8","0","0","0","","0","0","0","","",""
"080025","0000","0","1465000","1469000","1470000","1473000","1477000","1478000","1480000","1483000","1485000","1490000","1460000","1455000","1454000","1453000","1451000","1450000","1447000","1445000","1440000","1434000","76","2","9","1","1","24","35","1","2","26","16","19","36","1","8","7","15","6","25","1","177","134","0","0","0","0","0","-1454000","5","-100.00","20","-10","0","0","0","","0","0","0","","",""
"080025","0001","0","1465000","1469000","1470000","1473000","1477000","1478000","1480000","1483000","1485000","1490000","1460000","1455000","1454000","1453000","1451000","1450000","1447000","1445000","1440000","1434000","76","2","9","1","1","24","35","1","2","26","18","19","36","1","8","7","15","6","25","1","177","136","0","0","0","0","0","-1454000","5","-100.00","20","0","2","0","0","","0","0","0","","",""
"080026","0000","0","1465000","1469000","1470000","1473000","1477000","1478000","1480000","1483000","1485000","1490000","1460000","1455000","1454000","1453000","1451000","1450000","1447000","1445000","1440000","1434000","76","2","9","1","1","24","35","1","2","26","17","19","36","1","8","7","15","6","25","1","177","135","0","0","0","0","0","-1454000","5","-100.00","21","0","-1","0","0","","0","0","0","","",""
"080026","0001","0","1465000","1469000","1470000","1473000","1477000","1478000","1480000","1483000","1485000","1490000","1460000","1455000","1454000","1453000","1451000","1450000","1447000","1445000","1440000","1434000","98","2","9","1","1","24","35","1","2","28","17","19","36","1","8","7","15","6","25","1","201","135","0","0","0","0","0","-1454000","5","-100.00","21","24","0","0","0","","0","0","0","","",""
"080026","0002","0","1465000","1469000","1470000","1473000","1477000","1478000","1480000","1483000","1485000","1490000","1460000","1455000","1454000","1453000","1451000","1450000","1447000","1445000","1440000","1434000","104","2","9","1","1","24","35","1","2","28","17","19","36","1","8","7","15","6","25","1","207","135","0","0","0","0","0","-1454000","5","-100.00","21","6","0","0","0","","0","0","0","","",""
"080027","0000","0","1465000","1469000","1470000","1473000","1477000","1478000","1480000","1483000","1485000","1490000","1460000","1455000","1454000","1453000","1451000","1450000","1447000","1445000","1440000","1434000","104","3","9","1","1","24","35","1","2","28","15","19","36","1","8","7","15","6","25","1","208","133","0","0","0","0","0","-1454000","5","-100.00","23","1","-2","0","0","","0","0","0","","",""
"080027","0001","0","1465000","1469000","1470000","1473000","1477000","1478000","1480000","1483000","1485000","1490000","1460000","1455000","1454000","1453000","1451000","1450000","1447000","1445000","1440000","1434000","104","3","9","1","1","24","35","1","2","29","14","19","37","1","8","7","15","6","25","1","209","133","0","0","0","0","0","-1454000","5","-100.00","23","1","0","0","0","","0","0","0","","",""
"080028","0000","0","1465000","1469000","1470000","1473000","1477000","1478000","1480000","1483000","1485000","1490000","1460000","1455000","1454000","1453000","1451000","1450000","1447000","1445000","1440000","1434000","105","3","9","1","1","24","35","1","2","29","14","19","37","1","8","7","15","6","25","1","210","133","0","0","0","0","0","-1454000","5","-100.00","23","1","0","0","0","","0","0","0","","",""
"080028","0001","0","1464000","1465000","1469000","1470000","1473000","1477000","1478000","1480000","1483000","1485000","1460000","1455000","1454000","1453000","1451000","1450000","1447000","1445000","1440000","1434000","1","105","3","9","1","1","24","35","1","2","14","19","38","1","8","7","15","6","25","1","182","134","0","0","0","0","0","-1454000","5","-100.00","23","-28","1","0","0","","0","0","0","","",""
"080029","0000","0","1465000","1469000","1470000","1473000","1477000","1478000","1480000","1483000","1485000","1490000","1460000","1455000","1454000","1453000","1451000","1450000","1447000","1445000","1440000","1434000","103","3","9","1","1","24","35","1","2","29","14","19","38","1","8","7","15","6","25","1","208","134","0","0","0","0","0","-1454000","5","-100.00","26","26","0","0","0","","0","0","0","","",""
"080029","0001","0","1465000","1469000","1470000","1473000","1477000","1478000","1480000","1483000","1485000","1490000","1460000","1455000","1454000","1453000","1451000","1450000","1447000","1445000","1440000","1434000","103","4","9","1","1","24","35","1","2","31","14","19","38","1","8","7","15","6","25","1","211","134","0","0","0","0","0","-1454000","5","-100.00","26","3","0","0","0","","0","0","0","","",""
"080029","0002","0","1465000","1469000","1470000","1473000","1477000","1478000","1480000","1483000","1485000","1490000","1460000","1455000","1454000","1453000","1451000","1450000","1447000","1445000","1440000","1434000","103","4","9","1","1","24","36","1","2","31","14","19","38","1","8","7","15","6","25","1","212","134","0","0","0","0","0","-1454000","5","-100.00","26","1","0","0","0","","0","0","0","","",""
"080030","0000","0","1465000","1469000","1470000","1473000","1477000","1478000","1480000","1483000","1485000","1490000","1460000","1455000","1454000","1453000","1451000","1450000","1447000","1445000","1440000","1434000","103","4","9","1","1","24","36","1","3","31","14","19","38","1","8","7","15","6","25","1","213","134","0","0","0","0","0","-1454000","5","-100.00","26","1","0","0","0","","0","0","0","","",""
"080030","0001","0","1465000","1469000","1470000","1473000","1477000","1478000","1480000","1483000","1485000","1490000","1460000","1455000","1454000","1453000","1451000","1450000","1447000","1445000","1440000","1434000","103","6","9","1","1","24","36","1","3","31","14","19","39","1","8","7","15","6","25","1","215","135","0","0","0","0","0","-1454000","5","-100.00","26","2","1","0","0","","0","0","0","","",""
"080030","0002","0","1465000","1469000","1470000","1473000","1477000","1478000","1480000","1483000","1485000","1490000","1460000","1455000","1454000","1453000","1451000","1450000","1447000","1445000","1440000","1434000","103","6","10","1","1","24","36","1","3","51","14","19","39","1","8","7","15","6","25","1","236","135","0","0","0","0","0","-1454000","5","-100.00","26","21","0","0","0","","0","0","0","","",""
"080031","0000","0","1465000","1469000","1470000","1473000","1477000","1478000","1480000","1483000","1485000","1490000","1460000","1455000","1454000","1453000","1451000","1450000","1447000","1445000","1440000","1434000","103","6","10","1","1","24","36","1","3","51","15","19","39","1","8","7","15","6","25","1","236","136","0","0","0","0","0","-1454000","5","-100.00","26","0","1","0","0","","0","0","0","","",""
"080031","0001","0","1465000","1469000","1470000","1473000","1477000","1478000","1480000","1483000","1485000","1490000","1460000","1455000","1454000","1453000","1451000","1450000","1447000","1445000","1440000","1434000","103","6","10","1","1","24","36","1","3","51","15","9","39","1","8","7","15","6","25","1","236","126","0","0","0","0","0","-1454000","5","-100.00","26","0","-10","0","0","","0","0","0","","",""
"080032","0000","0","1460000","1465000","1469000","1470000","1473000","1477000","1478000","1480000","1483000","1485000","1455000","1454000","1453000","1451000","1450000","1447000","1445000","1440000","1434000","1431000","5","103","6","10","1","1","24","36","1","3","9","39","1","8","7","15","6","25","1","2","190","113","0","0","0","0","0","-1454000","5","-100.00","41","-46","-13","0","0","","0","0","0","","",""
"080032","0001","0","1460000","1465000","1469000","1470000","1473000","1474000","1477000","1478000","1480000","1483000","1455000","1454000","1453000","1451000","1450000","1447000","1445000","1440000","1434000","1431000","5","108","6","10","1","3","1","24","36","1","9","39","2","8","7","15","6","25","1","2","195","114","0","0","0","0","0","-1454000","5","-100.00","41","5","1","0","0","","0","0","0","","",""
"080033","0000","0","1465000","1469000","1470000","1473000","1474000","1477000","1478000","1480000","1483000","1485000","1460000","1455000","1454000","1453000","1451000","1450000","1447000","1445000","1440000","1434000","108","6","10","1","3","1","24","36","1","5","15","9","9","2","8","7","15","6","25","1","195","97","0","0","0","0","0","-1454000","5","-100.00","57","0","-17","0","0","","0","0","0","","",""
"080034","0000","0","1465000","1469000","1470000","1473000","1474000","1477000","1478000","1480000","1483000","1485000","1460000","1455000","1454000","1453000","1451000","1450000","1447000","1445000","1440000","1434000","113","6","10","1","3","1","24","36","1","5","15","9","9","2","8","7","15","6","25","1","200","97","0","0","0","0","0","-1454000","5","-100.00","57","5","0","0","0","","0","0","0","","",""
"080035","0000","0","1465000","1469000","1470000","1473000","1474000","1477000","1478000","1480000","1483000","1485000","1460000","1455000","1454000","1453000","1451000","1450000","1447000","1445000","1440000","1434000","113","6","11","1","3","1","24","6","1","5","15","9","9","2","8","7","15","6","25","1","171","97","0","0","0","0","0","-1454000","5","-100.00","57","-29","0","0","0","","0","0","0","","",""
"080035","0001","0","1465000","1469000","1470000","1473000","1474000","1477000","1478000","1480000","1483000","1485000","1460000","1455000","1454000","1453000","1451000","1450000","1447000","1445000","1440000","1434000","113","6","11","1","3","1","24","8","1","5","14","9","9","2","8","7","15","6","25","1","173","96","0","0","0","0","0","-1454000","5","-100.00","58","2","-1","0","0","","0","0","0","","",""
"080036","0000","0","1465000","1469000","1470000","1473000","1474000","1477000","1478000","1480000","1483000","1485000","1460000","1455000","1454000","1453000","1451000","1450000","1447000","1445000","1440000","1434000","112","6","11","1","3","1","24","8","1","5","14","9","9","2","8","7","15","6","25","1","172","96","0","0","0","0","0","-1454000","5","-100.00","59","-1","0","0","0","","0","0","0","","",""
"080036","0001","0","1465000","1469000","1470000","1473000","1474000","1477000","1478000","1480000","1483000","1485000","1460000","1455000","1454000","1453000","1451000","1450000","1447000","1445000","1440000","1434000","112","6","11","1","3","1","24","8","1","5","12","9","9","2","8","7","15","6","25","1","172","94","0","0","0","0","0","-1454000","5","-100.00","61","0","-2","0","0","","0","0","0","","",""
"080036","0002","0","1465000","1469000","1470000","1473000","1474000","1477000","1478000","1480000","1483000","1485000","1460000","1455000","1454000","1453000","1451000","1450000","1447000","1445000","1440000","1434000","112","6","11","1","3","21","24","8","1","5","12","9","9","2","8","7","15","6","25","1","192","94","0","0","0","0","0","-1454000","5","-100.00","61","20","0","0","0","","0","0","0","","",""
"080037","0000","0","1465000","1469000","1470000","1473000","1474000","1477000","1478000","1480000","1483000","1485000","1460000","1455000","1454000","1453000","1451000","1450000","1447000","1445000","1440000","1434000","112","96","11","1","3","21","24","8","1","5","12","9","9","2","8","7","15","6","25","1","282","94","0","0","0","0","0","-1454000","5","-100.00","61","90","0","0","0","","0","0","0","","",""
"080037","0001","0","1465000","1469000","1470000","1473000","1474000","1477000","1478000","1480000","1483000","1485000","1460000","1455000","1454000","1453000","1451000","1450000","1447000","1445000","1440000","1434000","112","96","11","1","3","21","24","8","1","5","17","9","9","2","8","7","15","6","25","1","282","99","0","0","0","0","0","-1454000","5","-100.00","61","0","5","0","0","","0","0","0","","",""
"080037","0002","0","1465000","1468000","1469000","1470000","1473000","1474000","1477000","1478000","1480000","1483000","1460000","1455000","1454000","1453000","1451000","1450000","1447000","1445000","1440000","1434000","112","1","96","11","1","3","21","24","8","1","17","9","9","2","8","7","15","6","25","1","278","99","0","0","0","0","0","-1454000","5","-100.00","61","-4","0","0","0","","0","0","0","","",""
"080038","0000","0","1465000","1468000","1469000","1470000","1471000","1473000","1474000","1477000","1478000","1480000","1460000","1455000","1454000","1453000","1451000","1450000","1447000","1445000","1440000","1434000","112","1","96","11","1","1","3","21","24","8","17","9","9","2","8","7","15","6","25","1","278","99","0","0","0","0","0","-1454000","5","-100.00","61","0","0","0","0","","0","0","0","","",""
"080038","0001","0","1461000","1465000","1468000","1469000","1470000","1471000","1473000","1474000","1477000","1478000","1460000","1455000","1454000","1453000","1451000","1450000","1447000","1445000","1440000","1434000","1","112","1","96","11","1","1","3","21","24","17","9","9","2","8","7","15","6","25","1","271","99","0","0","0","0","0","-1454000","5","-100.00","61","-7","0","0","0","","0","0","0","","",""
"080038","0002","0","1461000","1465000","1468000","1469000","1470000","1471000","1473000","1474000","1477000","1478000","1460000","1455000","1454000","1453000","1451000","1450000","1447000","1445000","1440000","1434000","1","112","1","96","11","1","1","3","21","24","17","9","10","2","8","7","15","6","25","1","271","100","0","0","0","0","0","-1454000","5","-100.00","61","0","1","0","0","","0","0","0","","",""
"080039","0000","0","1461000","1465000","1468000","1469000","1470000","1471000","1473000","1474000","1477000","1478000","1460000","1455000","1454000","1453000","1451000","1450000","1447000","1445000","1440000","1434000","1","112","2","96","11","1","1","3","21","24","17","9","10","2","8","7","15","6","25","1","272","100","0","0","0","0","0","-1454000","5","-100.00","61","1","0","0","0","","0","0","0","","",""
"080039","0001","0","1461000","1465000","1468000","1469000","1470000","1471000","1473000","1474000","1477000","1478000","1460000","1455000","1454000","1453000","1451000","1450000","1447000","1445000","1440000","1434000","1","112","2","96","11","1","1","3","21","24","8","9","10","2","8","7","15","6","25","1","272","91","0","0","0","0","0","-1454000","5","-100.00","70","0","-9","0","0","","0","0","0","","",""
"080039","0002","0","1461000","1465000","1468000","1469000","1470000","1471000","1473000","1474000","1477000","1478000","1460000","1455000","1454000","1453000","1451000","1450000","1447000","1445000","1440000","1434000","1","113","2","96","11","1","1","3","21","24","8","9","10","2","8","7","15","6","25","1","273","91","0","0","0","0","0","-1454000","5","-100.00","70","1","0","0","0","","0","0","0","","",""
"080039","0003","0","1461000","1465000","1468000","1469000","1470000","1471000","1473000","1474000","1476000","1477000","1460000","1455000","1454000","1453000","1451000","1450000","1447000","1445000","1440000","1434000","1","113","2","96","11","1","1","3","1","21","8","9","10","2","8","7","15","6","25","1","250","91","0","0","0","0","0","-1454000","5","-100.00","70","-23","0","0","0","","0","0","0","","",""
"080040","0000","0","1461000","1465000","1468000","1469000","1470000","1471000","1473000","1474000","1476000","1477000","1460000","1455000","1454000","1453000","1451000","1450000","1447000","1445000","1440000","1434000","1","113","2","96","11","1","1","3","1","21","8","10","10","2","8","7","15","6","25","1","250","92","0","0","0","0","0","-1454000","5","-100.00","70","0","1","0","0","","0","0","0","","",""
"080040","0001","0","1461000","1465000","1468000","1469000","1470000","1471000","1472000","1473000","1474000","1476000","1460000","1455000","1454000","1453000","1451000","1450000","1447000","1445000","1440000","1434000","1","113","2","96","11","1","1","1","3","1","8","10","10","2","8","7","15","6","25","1","230","92","0","0","0","0","0","-1454000","5","-100.00","70","-20","0","0","0","","0","0","0","","",""
"080041","0000","0","1461000","1465000","1468000","1469000","1470000","1471000","1472000","1473000","1474000","1476000","1460000","1455000","1454000","1453000","1451000","1450000","1447000","1445000","1440000","1434000","1","114","2","96","11","1","1","1","3","1","8","10","10","2","8","7","15","6","25","1","231","92","0","0","0","0","0","-1454000","5","-100.00","70","1","0","0","0","","0","0","0","","",""
"080041","0001","0","1460000","1461000","1465000","1468000","1469000","1470000","1471000","1472000","1473000","1474000","1455000","1454000","1453000","1451000","1450000","1447000","1445000","1440000","1434000","1431000","26","1","114","2","96","11","1","1","1","3","10","11","2","8","7","15","6","25","1","3","256","88","0","0","0","0","0","-1454000","5","-100.00","78","25","-4","0","0","","0","0","0","","",""
"080041","0002","0","1460000","1461000","1465000","1468000","1469000","1470000","1471000","1472000","1473000","1474000","1455000","1454000","1453000","1451000","1450000","1447000","1445000","1440000","1434000","1431000","27","1","115","3","96","11","1","1","1","3","10","11","2","8","7","15","6","25","1","3","259","88","0","0","0","0","0","-1454000","5","-100.00","78","3","0","0","0","","0","0","0","","",""
"080042","0000","0","1460000","1461000","1465000","1468000","1469000","1470000","1471000","1472000","1473000","1474000","1455000","1454000","1453000","1451000","1450000","1447000","1445000","1440000","1434000","1431000","20","1","115","3","96","11","1","1","1","3","10","11","2","8","7","15","6","25","1","3","252","88","0","0","0","0","0","-1454000","5","-100.00","85","-7","0","0","0","","0","0","0","","",""
"080042","0001","0","1460000","1461000","1465000","1468000","1469000","1470000","1471000","1472000","1473000","1474000","1455000","1454000","1453000","1451000","1450000","1447000","1445000","1440000","1434000","1431000","20","1","115","3","96","11","1","1","2","3","10","11","2","8","7","15","6","25","1","3","253","88","0","0","0","0","0","-1454000","5","-100.00","85","1","0","0","0","","0","0","0","","",""
"080043","0000","0","1460000","1461000","1465000","1468000","1469000","1470000","1471000","1472000","1473000","1474000","1455000","1454000","1453000","1451000","1450000","1447000","1445000","1440000","1434000","1431000","20","1","107","3","96","11","1","1","2","3","10","11","2","8","7","15","6","25","1","3","245","88","0","0","0","0","0","-1454000","5","-100.00","85","-8","0","0","0","","0","0","0","","",""
"080044","0000","0","1460000","1461000","1465000","1468000","1469000","1470000","1471000","1472000","1473000","1474000","1455000","1454000","1453000","1451000","1450000","1447000","1446000","1445000","1440000","1434000","20","1","107","3","97","11","1","1","2","3","10","11","2","8","7","15","1","6","25","1","246","86","0","0","0","0","0","-1454000","5","-100.00","85","1","-2","0","0","","0","0","0","","",""
"080044","0001","0","1460000","1461000","1465000","1468000","1469000","1470000","1471000","1472000","1473000","1474000","1455000","1454000","1453000","1451000","1450000","1447000","1446000","1445000","1440000","1434000","20","1","107","4","97","11","1","1","2","3","10","11","2","8","7","15","1","6","25","1","247","86","0","0","0","0","0","-1454000","5","-100.00","85","1","0","0","0","","0","0","0","","",""
"080044","0002","0","1460000","1461000","1462000","1465000","1468000","1469000","1470000","1471000","1472000","1473000","1455000","1454000","1453000","1451000","1450000","1447000","1446000","1445000","1440000","1434000","20","1","3","107","4","97","12","1","1","2","10","11","2","8","7","15","1","6","25","1","248","86","0","0","0","0","0","-1454000","5","-100.00","85","1","0","0","0","","0","0","0","","",""
"080045","0000","0","1460000","1461000","1462000","1465000","1468000","1469000","1470000","1471000","1472000","1473000","1455000","1454000","1453000","1451000","1450000","1447000","1446000","1445000","1440000","1434000","19","1","3","107","4","97","12","1","1","2","10","11","2","8","7","15","2","6","5","1","247","67","0","0","0","0","0","-1454000","5","-100.00","86","-1","-19","0","0","","0","0","0","","",""
"080046","0000","0","1460000","1461000","1462000","1465000","1468000","1469000","1470000","1471000","1472000","1473000","1455000","1454000","1453000","1451000","1450000","1447000","1446000","1445000","1440000","1434000","19","1","3","107","4","97","91","1","1","2","10","11","2","8","7","15","2","6","5","1","326","67","0","0","0","0","0","-1454000","5","-100.00","86","79","0","0","0","","0","0","0","","",""
"080046","0001","0","1460000","1461000","1462000","1464000","1465000","1468000","1469000","1470000","1471000","1472000","1455000","1454000","1453000","1451000","1450000","1447000","1446000","1445000","1440000","1434000","19","1","3","1","107","4","97","91","1","1","10","11","2","8","7","15","2","6","5","1","325","67","0","0","0","0","0","-1454000","5","-100.00","86","-1","0","0","0","","0","0","0","","",""
"080046","0002","0","1460000","1461000","1462000","1463000","1464000","1465000","1468000","1469000","1470000","1471000","1455000","1454000","1453000","1451000","1450000","1447000","1446000","1445000","1440000","1434000","19","1","3","1","1","107","4","97","91","1","10","11","2","8","7","15","2","6","5","1","325","67","0","0","0","0","0","-1454000","5","-100.00","86","0","0","0","0","","0","0","0","","",""
"080047","0000","0","1460000","1461000","1462000","1463000","1464000","1465000","1468000","1469000","1470000","1471000","1455000","1454000","1453000","1451000","1450000","1447000","1446000","1445000","1440000","1434000","19","1","3","1","1","85","4","97","91","1","10","11","2","8","7","15","2","6","5","1","303","67","0","0","0","0","0","-1454000","5","-100.00","86","-22","0","0","0","","0","0","0","","",""
"080047","0001","0","1460000","1461000","1462000","1463000","1464000","1465000","1468000","1469000","1470000","1471000","1455000","1454000","1453000","1451000","1450000","1447000","1446000","1445000","1440000","1434000","19","1","3","1","1","85","6","95","91","1","10","11","2","8","7","15","2","6","5","1","303","67","0","0","0","0","0","-1454000","5","-100.00","86","0","0","0","0","","0","0","0","","",""
"080048","0000","0","1460000","1461000","1462000","1463000","1464000","1465000","1468000","1469000","1470000","1471000","1455000","1454000","1453000","1451000","1450000","1447000","1446000","1445000","1440000","1434000","19","1","3","1","1","86","6","95","91","1","10","11","2","8","8","15","2","6","5","1","304","68","0","0","0","0","0","-1454000","5","-100.00","86","1","1","0","0","","0","0","0","","",""
"080049","0000","0","1460000","1461000","1462000","1463000","1464000","1465000","1468000","1469000","1470000","1471000","1455000","1454000","1453000","1451000","1450000","1447000","1446000","1445000","1440000","1434000","19","1","3","1","1","89","6","95","91","1","10","11","2","8","8","15","2","6","5","1","307","68","0","0","0","0","0","-1454000","5","-100.00","86","3","0","0","0","","0","0","0","","",""
"080049","0001","0","1460000","1461000","1462000","1463000","1464000","1465000","1468000","1469000","1470000","1471000","1455000","1454000","1453000","1451000","1450000","1447000","1446000","1445000","1440000","1434000","18","1","3","1","1","89","6","95","91","1","10","11","2","8","8","15","2","6","5","1","306","68","0","0","0","0","0","-1454000","5","-100.00","87","-1","0","0","0","","0","0","0","","",""
"080050","0000","0","1460000","1461000","1462000","1463000","1464000","1465000","1468000","1469000","1470000","1471000","1455000","1454000","1453000","1451000","1450000","1447000","1446000","1445000","1440000","1434000","5","1","3","1","1","89","6","95","91","1","10","11","2","8","8","15","2","6","5","1","293","68","0","0","0","0","0","-1454000","5","-100.00","108","-13","0","0","0","","0","0","0","","",""
"080050","0001","0","1460000","1461000","1462000","1463000","1464000","1465000","1468000","1469000","1470000","1471000","1455000","1454000","1453000","1451000","1450000","1447000","1446000","1445000","1440000","1434000","5","1","3","1","1","89","6","95","91","1","10","12","2","8","8","15","2","6","5","1","293","69","0","0","0","0","0","-1454000","5","-100.00","108","0","1","0","0","","0","0","0","","",""
"080050","0002","0","1460000","1461000","1462000","1463000","1464000","1465000","1468000","1469000","1470000","1471000","1455000","1454000","1453000","1451000","1450000","1447000","1446000","1445000","1440000","1434000","5","1","3","1","1","90","6","95","91","1","10","12","2","8","8","15","2","6","5","1","294","69","0","0","0","0","0","-1454000","5","-100.00","108","1","0","0","0","","0","0","0","","",""
"080050","0003","0","1460000","1461000","1462000","1463000","1464000","1465000","1468000","1469000","1470000","1471000","1455000","1454000","1453000","1451000","1450000","1447000","1446000","1445000","1440000","1434000","6","1","3","1","1","91","6","95","91","1","10","12","2","8","8","15","2","6","5","1","296","69","0","0","0","0","0","-1454000","5","-100.00","108","2","0","0","0","","0","0","0","","",""
"080051","0000","0","1460000","1461000","1462000","1463000","1464000","1465000","1468000","1469000","1470000","1471000","1455000","1454000","1453000","1451000","1450000","1447000","1446000","1445000","1440000","1434000","6","1","3","1","1","91","6","95","91","1","10","12","2","8","8","15","2","6","25","1","296","89","0","0","0","0","0","-1454000","5","-100.00","108","0","20","0","0","","0","0","0","","",""
"080052","0000","0","1460000","1461000","1462000","1463000","1464000","1465000","1468000","1469000","1470000","1471000","1455000","1454000","1453000","1451000","1450000","1447000","1446000","1445000","1440000","1434000","6","1","3","1","1","91","6","95","91","1","10","12","2","8","8","15","2","6","25","1","296","89","0","0","0","0","0","-1454000","5","-100.00","108","0","0","0","0","","0","0","0","","",""
"080052","0001","0","1461000","1462000","1463000","1464000","1465000","1468000","1469000","1470000","1471000","1472000","1460000","1455000","1454000","1453000","1451000","1450000","1447000","1446000","1445000","1440000","1","3","1","1","91","6","95","91","1","1","4","10","12","2","8","8","15","2","6","25","291","92","0","0","0","0","0","-1454000","5","-100.00","114","-5","3","0","0","","0","0","0","","",""
"080053","0000","0","1461000","1462000","1463000","1464000","1465000","1468000","1469000","1470000","1471000","1472000","1460000","1455000","1454000","1453000","1451000","1450000","1447000","1446000","1445000","1440000","1","3","2","1","91","6","95","91","1","1","4","10","13","2","8","8","15","2","6","25","292","93","0","0","0","0","0","-1454000","5","-100.00","114","1","1","0","0","","0","0","0","","",""
"080053","0001","0","1461000","1462000","1463000","1464000","1465000","1468000","1469000","1470000","1471000","1472000","1460000","1455000","1454000","1453000","1451000","1450000","1447000","1446000","1445000","1440000","1","3","2","1","91","6","95","91","1","1","4","10","13","2","8","9","15","2","6","25","292","94","0","0","0","0","0","-1454000","5","-100.00","114","0","1","0","0","","0","0","0","","",""
"080054","0000","0","1461000","1462000","1463000","1464000","1465000","1467000","1468000","1469000","1470000","1471000","1460000","1455000","1454000","1453000","1451000","1450000","1447000","1446000","1445000","1440000","1","3","2","1","91","1","6","95","91","1","4","10","13","2","8","9","15","2","6","25","292","94","0","0","0","0","0","-1454000","5","-100.00","114","0","0","0","0","","0","0","0","","",""
"080055","0000","0","1461000","1462000","1463000","1464000","1465000","1467000","1468000","1469000","1470000","1471000","1460000","1455000","1454000","1453000","1451000","1450000","1447000","1446000","1445000","1440000","4","3","2","1","91","1","6","95","91","1","4","10","13","2","8","9","15","2","6","25","295","94","0","0","0","0","0","-1454000","5","-100.00","114","3","0","0","0","","0","0","0","","",""
"080056","0000","0","1461000","1462000","1463000","1464000","1465000","1467000","1468000","1469000","1470000","1471000","1460000","1455000","1454000","1453000","1451000","1450000","1447000","1446000","1445000","1440000","4","3","2","1","91","1","6","95","91","1","4","10","13","2","8","9","15","2","6","35","295","104","0","0","0","0","0","-1454000","5","-100.00","114","0","10","0","0","","0","0","0","","",""
"080056","0001","0","1461000","1462000","1463000","1464000","1465000","1467000","1468000","1469000","1470000","1471000","1460000","1455000","1454000","1453000","1451000","1450000","1447000","1446000","1445000","1440000","4","3","2","1","91","1","6","95","91","1","3","10","13","2","8","9","15","2","6","35","295","103","0","0","0","0","0","-1454000","5","-100.00","115","0","-1","0","0","","0","0","0","","",""
"080056","0002","0","1461000","1462000","1463000","1464000","1465000","1467000","1468000","1469000","1470000","1471000","1460000","1455000","1454000","1453000","1451000","1450000","1447000","1446000","1445000","1440000","4","3","2","1","91","1","6","95","91","1","3","10","14","2","8","9","15","2","6","35","295","104","0","0","0","0","0","-1454000","5","-100.00","115","0","1","0","0","","0","0","0","","",""
"080056","0003","0","1461000","1462000","1463000","1464000","1465000","1467000","1468000","1469000","1470000","1471000","1460000","1455000","1454000","1453000","1451000","1450000","1447000","1446000","1445000","1440000","4","3","2","1","49","1","6","95","91","1","3","10","14","2","8","9","15","2","6","35","253","104","0","0","0","0","0","-1454000","5","-100.00","115","-42","0","0","0","","0","0","0","","",""
"080057","0000","0","1460000","1461000","1462000","1463000","1464000","1465000","1467000","1468000","1469000","1470000","1455000","1454000","1453000","1451000","1450000","1447000","1446000","1445000","1440000","1434000","46","4","3","2","1","49","1","8","95","91","10","14","2","8","9","15","2","6","35","1","300","102","0","0","0","0","0","-1454000","5","-100.00","118","47","-2","0","0","","0","0","0","","",""
"080058","0000","0","1459000","1461000","1462000","1463000","1464000","1465000","1467000","1468000","1469000","1470000","1455000","1454000","1453000","1451000","1450000","1447000","1446000","1445000","1440000","1434000","46","4","3","2","1","49","1","8","96","91","10","14","2","8","9","15","2","6","35","1","301","102","0","0","0","0","0","-1454000","5","-100.00","118","1","0","0","0","","0","0","0","","",""
"080059","0000","0","1458000","1461000","1462000","1463000","1464000","1465000","1467000","1468000","1469000","1470000","1455000","1454000","1453000","1451000","1450000","1447000","1446000","1445000","1440000","1434000","46","4","3","2","1","49","1","8","96","91","10","14","2","8","9","15","2","6","35","1","301","102","0","0","0","0","0","-1454000","5","-100.00","118","0","0","0","0","","0","0","0","","",""
"080059","0001","0","1457000","1461000","1463000","1464000","1465000","1467000","1468000","1469000","1470000","1471000","1455000","1454000","1453000","1451000","1450000","1447000","1446000","1445000","1440000","1434000","46","4","2","1","52","1","8","96","91","1","10","14","1","8","9","15","2","6","35","1","302","101","0","0","0","0","0","-1454000","5","-100.00","118","1","-1","0","0","","0","0","0","","",""
"080100","0000","0","1457000","1461000","1463000","1464000","1465000","1467000","1468000","1469000","1470000","1471000","1455000","1454000","1453000","1451000","1450000","1447000","1446000","1445000","1440000","1434000","46","4","2","1","52","1","8","96","91","1","10","14","1","8","9","15","3","6","35","1","302","102","0","0","0","0","0","-1454000","5","-100.00","118","0","1","0","0","","0","0","0","","",""
"080100","0001","0","1457000","1460000","1461000","1463000","1464000","1465000","1467000","1468000","1469000","1470000","1455000","1454000","1453000","1451000","1450000","1447000","1446000","1445000","1440000","1434000","46","5","4","4","1","52","1","8","96","91","10","14","1","8","9","15","3","6","35","1","308","102","0","0","0","0","0","-1454000","5","-100.00","118","6","0","0","0","","0","0","0","","",""
"080100","0002","0","1457000","1460000","1461000","1463000","1464000","1465000","1467000","1468000","1469000","1470000","1455000","1454000","1453000","1451000","1450000","1447000","1446000","1445000","1440000","1434000","46","7","4","4","1","52","1","8","96","91","10","14","1","8","9","15","3","6","35","1","310","102","0","0","0","0","0","-1454000","5","-100.00","118","2","0","0","0","","0","0","0","","",""
"080100","0003","0","1457000","1460000","1461000","1463000","1464000","1465000","1467000","1468000","1469000","1470000","1455000","1454000","1453000","1451000","1450000","1447000","1446000","1445000","1440000","1434000","46","8","4","4","1","52","1","8","96","91","10","14","1","8","9","15","3","6","35","1","311","102","0","0","0","0","0","-1454000","5","-100.00","118","1","0","0","0","","0","0","0","","",""
"080101","0000","0","1457000","1460000","1461000","1463000","1464000","1465000","1467000","1468000","1469000","1470000","1455000","1454000","1453000","1451000","1450000","1447000","1446000","1445000","1440000","1434000","46","8","4","4","1","52","1","8","96","93","10","14","1","8","9","15","3","6","35","1","313","102","0","0","0","0","0","-1454000","5","-100.00","118","2","0","0","0","","0","0","0","","",""
"080102","0000","0","1457000","1460000","1461000","1463000","1464000","1465000","1467000","1468000","1469000","1470000","1455000","1454000","1453000","1451000","1450000","1447000","1446000","1445000","1440000","1434000","46","8","4","4","1","53","1","8","96","93","10","14","1","8","9","15","3","6","35","1","314","102","0","0","0","0","0","-1454000","5","-100.00","118","1","0","0","0","","0","0","0","","",""
"080102","0001","0","1457000","1460000","1461000","1463000","1464000","1465000","1467000","1468000","1469000","1470000","1455000","1454000","1453000","1451000","1450000","1447000","1446000","1445000","1440000","1434000","46","8","4","4","1","53","1","8","96","93","9","15","1","8","9","15","3","6","35","1","314","102","0","0","0","0","0","-1454000","5","-100.00","118","0","0","0","0","","0","0","0","","",""
"080102","0002","0","1457000","1460000","1461000","1463000","1464000","1465000","1467000","1468000","1469000","1470000","1455000","1454000","1453000","1451000","1450000","1447000","1446000","1445000","1442000","1440000","46","8","4","4","1","53","1","8","96","93","9","15","1","8","9","15","3","6","1","35","314","102","0","0","0","0","0","-1454000","5","-100.00","118","0","0","0","0","","0","0","0","","",""
"080103","0000","0","1457000","1460000","1461000","1463000","1464000","1465000","1467000","1468000","1469000","1470000","1455000","1454000","1453000","1451000","1450000","1447000","1446000","1445000","1442000","1440000","46","8","4","4","1","53","1","8","96","93","9","15","1","8","9","15","3","6","3","35","314","104","0","0","0","0","0","-1454000","5","-100.00","118","0","2","0","0","","0","0","0","","",""
"080103","0001","0","1457000","1460000","1461000","1463000","1464000","1465000","1467000","1468000","1469000","1470000","1455000","1454000","1453000","1451000","1450000","1447000","1446000","1445000","1442000","1440000","46","8","4","4","16","53","1","8","96","93","10","15","1","8","9","15","3","6","3","35","329","105","0","0","0","0","0","-1454000","5","-100.00","118","15","1","0","0","","0","0","0","","",""
"080104","0000","0","1457000","1460000","1461000","1463000","1464000","1465000","1467000","1468000","1469000","1470000","1455000","1454000","1453000","1451000","1450000","1447000","1446000","1445000","1442000","1440000","46","8","4","4","16","53","2","8","96","93","11","15","1","8","9","15","3","6","3","35","330","106","0","0","0","0","0","-1454000","5","-100.00","118","1","1","0","0","","0","0","0","","",""
"080105","0000","0","1457000","1460000","1461000","1463000","1464000","1465000","1467000","1468000","1469000","1470000","1455000","1454000","1453000","1451000","1450000","1447000","1446000","1445000","1442000","1440000","45","8","4","4","16","53","2","8","96","93","11","15","1","8","9","15","3","6","3","35","329","106","0","0","0","0","0","-1454000","5","-100.00","119","-1","0","0","0","","0","0","0","","",""
"080106","0000","0","1457000","1460000","1461000","1463000","1464000","1465000","1467000","1468000","1469000","1470000","1455000","1454000","1453000","1451000","1450000","1447000","1446000","1445000","1442000","1440000","45","8","4","4","16","53","2","8","96","93","11","15","1","8","9","15","3","6","8","35","329","111","0","0","0","0","0","-1454000","5","-100.00","119","0","5","0","0","","0","0","0","","",""
"080106","0001","0","1457000","1460000","1461000","1463000","1464000","1465000","1467000","1468000","1469000","1470000","1455000","1454000","1453000","1451000","1450000","1447000","1446000","1445000","1442000","1440000","45","8","4","4","16","53","2","8","96","93","12","15","1","8","9","15","3","6","8","35","329","112","0","0","0","0","0","-1454000","5","-100.00","119","0","1","0","0","","0","0","0","","",""
"080107","0000","0","1457000","1460000","1461000","1463000","1464000","1465000","1467000","1468000","1469000","1470000","1455000","1454000","1453000","1451000","1450000","1447000","1446000","1445000","1442000","1440000","45","8","4","4","16","53","2","8","96","93","12","15","1","8","9","15","3","6","8","35","329","112","0","0","0","0","0","-1454000","5","-100.00","119","0","0","0","0","","0","0","0","","",""
"080107","0001","0","1457000","1460000","1461000","1463000","1464000","1465000","1467000","1468000","1469000","1470000","1455000","1454000","1453000","1451000","1450000","1447000","1446000","1445000","1442000","1440000","45","8","4","4","16","52","2","8","96","93","12","15","1","8","9","15","3","6","8","35","328","112","0","0","0","0","0","-1454000","5","-100.00","119","-1","0","0","0","","0","0","0","","",""
"080107","0002","0","1457000","1460000","1461000","1463000","1464000","1465000","1467000","1468000","1469000","1470000","1455000","1454000","1453000","1451000","1450000","1447000","1446000","1445000","1442000","1440000","44","8","4","4","16","52","2","8","96","93","12","15","1","8","9","15","3","6","8","35","327","112","0","0","0","0","0","-1454000","5","-100.00","120","-1","0","0","0","","0","0","0","","",""
"080107","0003","0","1457000","1460000","1461000","1463000","1464000","1465000","1467000","1468000","1469000","1470000","1455000","1454000","1453000","1451000","1450000","1447000","1446000","1445000","1442000","1440000","43","8","4","4","16","52","2","8","96","93","12","15","1","8","9","15","3","6","8","35","326","112","0","0","0","0","0","-1454000","5","-100.00","121","-1","0","0","0","","0","0","0","","",""
"080108","0000","0","1457000","1460000","1461000","1463000","1464000","1465000","1467000","1468000","1469000","1470000","1455000","1454000","1453000","1451000","1450000","1447000","1446000","1445000","1442000","1440000","7","8","4","4","16","52","2","8","96","93","12","15","1","8","9","15","3","6","8","35","290","112","0","0","0","0","0","-1454000","5","-100.00","157","-36","0","0","0","","0","0","0","","",""
"080108","0001","0","1457000","1460000","1461000","1463000","1464000","1465000","1467000","1468000","1469000","1470000","1455000","1454000","1453000","1451000","1450000","1447000","1446000","1445000","1442000","1440000","7","8","4","4","16","52","2","8","96","93","12","14","1","8","9","15","3","6","8","35","290","111","0","0","0","0","0","-1454000","5","-100.00","157","0","-1","0","0","","0","0","0","","",""
"080109","0000","0","1457000","1460000","1461000","1463000","1464000","1465000","1467000","1468000","1469000","1470000","1455000","1454000","1453000","1451000","1450000","1447000","1446000","1445000","1442000","1440000","7","8","4","4","16","52","3","8","96","93","12","14","1","8","9","15","3","6","8","35","291","111","0","0","0","0","0","-1454000","5","-100.00","157","1","0","0","0","","0","0","0","","",""
"080109","0001","0","1457000","1460000","1461000","1463000","1464000","1465000","1467000","1468000","1469000","1470000","1455000","1454000","1453000","1451000","1450000","1449000","1447000","1446000","1445000","1442000","7","8","4","4","16","52","3","8","96","93","12","14","1","8","9","1","15","3","6","8","291","77","0","0","0","0","0","-1454000","5","-100.00","157","0","-34","0","0","","0","0","0","","",""
"080109","0002","0","1457000","1460000","1461000","1463000","1464000","1465000","1467000","1468000","1469000","1470000","1455000","1454000","1453000","1451000","1450000","1449000","1447000","1446000","1445000","1442000","7","8","4","18","16","52","3","8","96","93","12","14","1","8","9","1","15","3","6","8","305","77","0","0","0","0","0","-1454000","5","-100.00","157","14","0","0","0","","0","0","0","","",""
"080110","0000","0","1457000","1460000","1461000","1463000","1464000","1465000","1467000","1468000","1469000","1470000","1455000","1454000","1453000","1451000","1450000","1449000","1447000","1446000","1445000","1442000","7","8","4","18","16","52","3","8","96","93","12","15","1","8","9","1","15","3","6","8","305","78","0","0","0","0","0","-1454000","5","-100.00","157","0","1","0","0","","0","0","0","","",""
"080110","0001","0","1457000","1460000","1461000","1463000","1464000","1465000","1467000","1468000","1469000","1470000","1455000","1454000","1453000","1451000","1450000","1449000","1447000","1446000","1445000","1442000","6","8","4","18","16","52","3","8","96","93","12","15","1","8","9","1","15","3","6","8","304","78","0","0","0","0","0","-1454000","5","-100.00","158","-1","0","0","0","","0","0","0","","",""
"080111","0000","0","1457000","1460000","1461000","1463000","1464000","1465000","1467000","1468000","1469000","1470000","1455000","1454000","1453000","1451000","1450000","1449000","1447000","1446000","1445000","1442000","6","8","4","18","16","52","3","8","96","93","13","15","1","8","9","1","15","3","6","8","304","79","0","0","0","0","0","-1454000","5","-100.00","158","0","1","0","0","","0","0","0","","",""
"080111","0001","0","1460000","1461000","1463000","1464000","1465000","1467000","1468000","1469000","1470000","1471000","1457000","1455000","1454000","1453000","1451000","1450000","1449000","1447000","1446000","1445000","8","4","18","16","52","3","8","96","93","1","29","13","15","1","8","9","1","15","3","6","299","100","0","0","0","0","0","-1454000","5","-100.00","164","-5","21","0","0","","0","0","0","","",""
"080112","0000","0","1460000","1461000","1463000","1464000","1465000","1467000","1468000","1469000","1470000","1471000","1457000","1455000","1454000","1453000","1451000","1450000","1449000","1447000","1446000","1445000","8","4","18","16","52","3","8","96","93","1","29","13","15","1","8","9","1","15","3","6","299","100","0","0","0","0","0","-1454000","5","-100.00","164","0","0","0","0","","0","0","0","","",""
"080113","0000","0","1460000","1461000","1463000","1464000","1465000","1467000","1468000","1469000","1470000","1471000","1457000","1455000","1454000","1453000","1451000","1450000","1449000","1447000","1446000","1445000","8","4","18","16","52","3","8","96","93","1","28","13","15","1","8","9","1","15","3","6","299","99","0","0","0","0","0","-1454000","5","-100.00","165","0","-1","0","0","","0","0","0","","",""
"080114","0000","0","1460000","1461000","1463000","1464000","1465000","1467000","1468000","1469000","1470000","1471000","1457000","1455000","1454000","1453000","1451000","1450000","1449000","1447000","1446000","1445000","8","4","18","16","47","3","8","96","93","1","22","13","15","1","8","9","1","15","3","6","294","93","0","0","0","0","0","-1454000","5","-100.00","171","-5","-6","0","0","","0","0","0","","",""
"080116","0000","0","1460000","1461000","1463000","1464000","1465000","1467000","1468000","1469000","1470000","1471000","1457000","1455000","1454000","1453000","1451000","1450000","1449000","1447000","1446000","1445000","8","4","18","16","47","3","8","96","93","1","20","13","15","1","8","9","1","15","3","6","294","91","0","0","0","0","0","-1454000","5","-100.00","173","0","-2","0","0","","0","0","0","","",""
"080116","0001","0","1460000","1461000","1463000","1464000","1465000","1467000","1468000","1469000","1470000","1471000","1457000","1455000","1454000","1453000","1451000","1450000","1449000","1447000","1446000","1445000","8","4","18","16","47","3","8","96","93","1","20","14","15","1","8","9","1","15","3","6","294","92","0","0","0","0","0","-1454000","5","-100.00","173","0","1","0","0","","0","0","0","","",""
"080116","0002","0","1460000","1461000","1463000","1464000","1465000","1467000","1468000","1469000","1470000","1471000","1457000","1455000","1454000","1453000","1451000","1450000","1449000","1447000","1446000","1445000","8","4","18","16","47","3","8","96","93","1","20","14","15","1","8","9","1","25","3","6","294","102","0","0","0","0","0","-1454000","5","-100.00","173","0","10","0","0","","0","0","0","","",""
"080117","0000","0","1460000","1461000","1463000","1464000","1465000","1467000","1468000","1469000","1470000","1471000","1457000","1455000","1454000","1453000","1451000","1450000","1449000","1447000","1446000","1445000","8","4","18","16","47","3","8","96","93","1","20","14","15","1","8","9","2","25","3","6","294","103","0","0","0","0","0","-1454000","5","-100.00","173","0","1","0","0","","0","0","0","","",""
"080118","0000","0","1461000","1463000","1464000","1465000","1467000","1468000","1469000","1470000","1471000","1472000","1460000","1457000","1455000","1454000","1453000","1451000","1450000","1449000","1447000","1446000","4","18","16","47","3","8","96","93","1","2","3","20","14","15","1","8","9","2","25","3","288","100","0","0","0","0","0","-1454000","5","-100.00","181","-6","-3","0","0","","0","0","0","","",""
"080121","0000","0","1461000","1463000","1464000","1465000","1467000","1468000","1469000","1470000","1471000","1472000","1460000","1457000","1455000","1454000","1453000","1451000","1450000","1449000","1447000","1446000","4","18","16","47","3","8","96","93","1","2","1","20","14","15","1","8","9","2","25","3","288","98","0","0","0","0","0","-1454000","5","-100.00","183","0","-2","0","0","","0","0","0","","",""
"080121","0001","0","1461000","1463000","1464000","1465000","1467000","1468000","1469000","1470000","1471000","1472000","1457000","1455000","1454000","1453000","1451000","1450000","1449000","1447000","1446000","1445000","4","18","16","47","3","8","96","93","1","2","20","14","15","1","8","9","2","25","3","7","288","104","0","0","0","0","0","-1454000","5","-100.00","184","0","6","0","0","","0","0","0","","",""
"080122","0000","0","1461000","1463000","1464000","1465000","1467000","1468000","1469000","1470000","1471000","1472000","1457000","1455000","1454000","1453000","1451000","1450000","1449000","1447000","1446000","1445000","4","18","16","47","3","8","96","95","1","2","20","14","15","1","8","9","2","25","3","7","290","104","0","0","0","0","0","-1454000","5","-100.00","184","2","0","0","0","","0","0","0","","",""
"080123","0000","0","1461000","1463000","1464000","1465000","1467000","1468000","1469000","1470000","1471000","1472000","1457000","1455000","1454000","1453000","1451000","1450000","1449000","1447000","1446000","1445000","4","18","16","47","3","8","96","95","1","2","20","13","15","1","8","9","2","25","3","7","290","103","0","0","0","0","0","-1454000","5","-100.00","184","0","-1","0","0","","0","0","0","","",""
"080124","0000","0","1461000","1463000","1464000","1465000","1467000","1468000","1469000","1470000","1471000","1472000","1457000","1455000","1454000","1453000","1451000","1450000","1449000","1447000","1446000","1445000","4","18","16","47","3","13","96","95","1","2","20","13","15","1","8","9","2","25","3","7","295","103","0","0","0","0","0","-1454000","5","-100.00","184","5","0","0","0","","0","0","0","","",""
"080124","0001","0","1461000","1463000","1464000","1465000","1467000","1468000","1469000","1470000","1471000","1472000","1458000","1457000","1455000","1454000","1453000","1451000","1450000","1449000","1447000","1446000","4","18","16","47","3","13","96","95","1","2","5","20","13","16","1","8","9","2","25","3","295","102","0","0","0","0","0","-1454000","5","-100.00","184","0","-1","0","0","","0","0","0","","",""
"080125","0000","0","1460000","1461000","1463000","1464000","1465000","1467000","1468000","1469000","1470000","1471000","1458000","1457000","1455000","1454000","1453000","1451000","1450000","1449000","1447000","1446000","5","4","18","16","47","3","13","96","95","1","5","20","13","15","1","8","9","2","25","3","298","101","0","0","0","0","0","-1454000","5","-100.00","184","3","-1","0","0","","0","0","0","","",""
"080125","0001","0","1460000","1461000","1463000","1464000","1465000","1467000","1468000","1469000","1470000","1471000","1458000","1457000","1455000","1454000","1453000","1451000","1450000","1449000","1447000","1446000","5","4","18","16","47","3","13","96","95","1","5","21","13","14","1","8","9","2","25","3","298","101","0","0","0","0","0","-1454000","5","-100.00","184","0","0","0","0","","0","0","0","","",""
"080125","0002","0","1460000","1461000","1463000","1464000","1465000","1467000","1468000","1469000","1470000","1471000","1458000","1457000","1455000","1454000","1453000","1451000","1450000","1449000","1447000","1446000","5","4","18","16","47","3","13","96","95","1","5","21","12","14","1","8","9","2","25","3","298","100","0","0","0","0","0","-1454000","5","-100.00","184","0","-1","0","0","","0","0","0","","",""
"080126","0000","0","1460000","1461000","1463000","1464000","1465000","1467000","1468000","1469000","1470000","1471000","1458000","1457000","1455000","1454000","1453000","1451000","1450000","1449000","1447000","1446000","5","4","18","16","47","3","13","96","95","1","5","21","11","14","1","8","10","2","25","3","298","100","0","0","0","0","0","-1454000","5","-100.00","184","0","0","0","0","","0","0","0","","",""
"080127","0000","0","1460000","1461000","1463000","1464000","1465000","1467000","1468000","1469000","1470000","1471000","1458000","1457000","1455000","1454000","1453000","1451000","1450000","1449000","1447000","1446000","5","4","23","16","47","3","13","96","95","1","5","21","11","14","1","8","10","2","25","3","303","100","0","0","0","0","0","-1454000","5","-100.00","184","5","0","0","0","","0","0","0","","",""
"080127","0001","0","1460000","1461000","1463000","1464000","1465000","1467000","1468000","1469000","1470000","1471000","1458000","1457000","1455000","1454000","1453000","1451000","1450000","1449000","1447000","1446000","5","4","23","16","47","3","13","96","95","1","5","22","11","14","1","8","10","2","25","3","303","101","0","0","0","0","0","-1454000","5","-100.00","184","0","1","0","0","","0","0","0","","",""
"080127","0002","0","1460000","1461000","1463000","1464000","1465000","1467000","1468000","1469000","1470000","1471000","1458000","1457000","1455000","1454000","1453000","1451000","1450000","1449000","1447000","1446000","5","4","23","16","47","3","13","96","95","1","4","22","11","14","1","8","10","2","25","3","303","100","0","0","0","0","0","-1454000","5","-100.00","185","0","-1","0","0","","0","0","0","","",""
"080129","0000","0","1460000","1461000","1463000","1464000","1465000","1467000","1468000","1469000","1470000","1471000","1458000","1457000","1455000","1454000","1453000","1451000","1450000","1449000","1447000","1446000","5","4","23","16","47","3","13","96","95","1","4","22","11","14","1","9","10","2","25","3","303","101","0","0","0","0","0","-1454000","5","-100.00","185","0","1","0","0","","0","0","0","","",""
"080130","0000","0","1460000","1461000","1463000","1464000","1465000","1467000","1468000","1469000","1470000","1471000","1458000","1457000","1455000","1454000","1453000","1451000","1450000","1449000","1447000","1446000","6","4","23","16","47","3","13","96","95","1","4","24","11","14","1","9","10","2","25","3","304","103","0","0","0","0","0","-1454000","5","-100.00","185","1","2","0","0","","0","0","0","","",""
"080130","0001","0","1460000","1461000","1463000","1464000","1465000","1467000","1468000","1469000","1470000","1471000","1458000","1457000","1455000","1454000","1453000","1451000","1450000","1449000","1447000","1446000","6","4","23","16","47","3","13","96","95","1","3","24","11","14","1","9","10","2","25","3","304","102","0","0","0","0","0","-1454000","5","-100.00","186","0","-1","0","0","","0","0","0","","",""
"080131","0000","0","1460000","1461000","1463000","1464000","1465000","1467000","1468000","1469000","1470000","1471000","1458000","1457000","1455000","1454000","1453000","1451000","1450000","1449000","1447000","1446000","5","4","23","16","47","3","13","96","95","1","3","24","11","14","1","9","10","4","25","3","303","104","0","0","0","0","0","-1454000","5","-100.00","187","-1","2","0","0","","0","0","0","","",""
"080131","0001","0","1460000","1461000","1463000","1464000","1465000","1467000","1468000","1469000","1470000","1471000","1458000","1457000","1455000","1454000","1453000","1451000","1450000","1449000","1447000","1446000","5","1","23","16","47","3","13","96","95","1","3","24","11","14","1","9","10","4","25","3","300","104","0","0","0","0","0","-1454000","5","-100.00","187","-3","0","0","0","","0","0","0","","",""
"080132","0000","0","1460000","1461000","1463000","1464000","1465000","1467000","1468000","1469000","1470000","1471000","1458000","1457000","1455000","1454000","1453000","1451000","1450000","1449000","1447000","1446000","2","1","23","16","47","3","13","96","95","1","3","24","11","14","1","9","10","4","25","3","297","104","0","0","0","0","0","-1454000","5","-100.00","190","-3","0","0","0","","0","0","0","","",""
"080132","0001","0","1460000","1461000","1463000","1464000","1465000","1467000","1468000","1469000","1470000","1471000","1458000","1457000","1455000","1454000","1453000","1451000","1450000","1449000","1447000","1446000","2","1","23","16","47","3","13","156","95","1","3","24","11","14","1","9","10","4","25","3","357","104","0","0","0","0","0","-1454000","5","-100.00","190","60","0","0","0","","0","0","0","","",""
"080133","0000","0","1460000","1461000","1463000","1464000","1465000","1467000","1468000","1469000","1470000","1471000","1458000","1457000","1455000","1454000","1453000","1451000","1450000","1449000","1447000","1446000","2","1","23","16","47","3","13","156","95","1","5","24","11","14","1","9","10","4","25","3","357","106","0","0","0","0","0","-1454000","5","-100.00","190","0","2","0","0","","0","0","0","","",""
"080133","0001","0","1460000","1461000","1463000","1464000","1465000","1467000","1468000","1469000","1470000","1471000","1458000","1457000","1455000","1454000","1453000","1451000","1450000","1449000","1447000","1446000","2","1","23","16","57","3","13","156","95","1","5","24","12","14","1","9","10","4","25","3","367","107","0","0","0","0","0","-1454000","5","-100.00","190","10","1","0","0","","0","0","0","","",""
"080133","0002","0","1460000","1461000","1463000","1464000","1465000","1467000","1468000","1469000","1470000","1471000","1458000","1457000","1455000","1454000","1453000","1451000","1450000","1449000","1447000","1446000","2","1","23","16","57","3","13","156","95","1","5","27","12","14","1","9","10","4","25","3","367","110","0","0","0","0","0","-1454000","5","-100.00","190","0","3","0","0","","0","0","0","","",""
"080134","0000","0","1460000","1461000","1463000","1464000","1465000","1467000","1468000","1469000","1470000","1471000","1458000","1457000","1455000","1454000","1453000","1451000","1450000","1449000","1447000","1446000","2","1","23","16","57","3","13","156","95","1","4","27","12","14","1","9","10","4","25","3","367","109","0","0","0","0","0","-1454000","5","-100.00","191","0","-1","0","0","","0","0","0","","",""
"080135","0000","0","1460000","1461000","1463000","1464000","1465000","1467000","1468000","1469000","1470000","1471000","1459000","1458000","1457000","1455000","1454000","1453000","1451000","1450000","1449000","1447000","3","1","23","16","57","3","13","156","95","1","1","5","26","12","14","1","9","10","4","25","368","107","0","0","0","0","0","-1454000","5","-100.00","191","1","-2","0","0","","0","0","0","","",""
"080135","0001","0","1460000","1461000","1463000","1464000","1465000","1467000","1468000","1469000","1470000","1471000","1459000","1458000","1457000","1455000","1454000","1453000","1451000","1450000","1449000","1447000","3","1","9","16","57","3","27","156","95","1","1","5","26","12","14","1","9","10","4","25","368","107","0","0","0","0","0","-1454000","5","-100.00","191","0","0","0","0","","0","0","0","","",""
"080136","0000","0","1460000","1461000","1462000","1463000","1464000","1465000","1467000","1468000","1469000","1470000","1459000","1458000","1457000","1455000","1454000","1453000","1451000","1450000","1449000","1447000","3","1","1","9","16","57","3","27","156","95","1","5","26","12","14","1","9","10","4","25","368","107","0","0","0","0","0","-1454000","5","-100.00","191","0","0","0","0","","0","0","0","","",""
"080136","0001","0","1460000","1461000","1462000","1463000","1464000","1465000","1467000","1468000","1469000","1470000","1459000","1458000","1457000","1455000","1454000","1453000","1451000","1450000","1449000","1447000","3","1","1","9","16","57","3","27","156","95","1","35","26","12","14","1","9","10","4","25","368","137","0","0","0","0","0","-1454000","5","-100.00","191","0","30","0","0","","0","0","0","","",""
"080137","0000","0","1460000","1461000","1462000","1463000","1464000","1465000","1467000","1468000","1469000","1470000","1459000","1458000","1457000","1455000","1454000","1453000","1451000","1450000","1449000","1447000","3","1","1","9","16","57","3","27","156","95","1","35","26","12","14","1","9","10","5","25","368","138","0","0","0","0","0","-1454000","5","-100.00","191","0","1","0","0","","0","0","0","","",""
"080138","0000","0","1460000","1461000","1462000","1463000","1464000","1465000","1467000","1468000","1469000","1470000","1459000","1458000","1457000","1455000","1454000","1453000","1451000","1450000","1449000","1447000","3","1","1","9","16","57","3","27","156","95","1","45","26","12","14","1","9","10","5","25","368","148","0","0","0","0","0","-1454000","5","-100.00","191","0","10","0","0","","0","0","0","","",""
"080138","0001","0","1460000","1461000","1462000","1463000","1464000","1465000","1467000","1468000","1469000","1470000","1459000","1458000","1457000","1455000","1454000","1453000","1451000","1450000","1449000","1447000","3","1","1","9","16","57","3","27","156","95","1","47","26","12","14","1","9","10","5","25","368","150","0","0","0","0","0","-1454000","5","-100.00","191","0","2","0","0","","0","0","0","","",""
"080139","0000","0","1460000","1461000","1462000","1463000","1464000","1465000","1467000","1468000","1469000","1470000","1459000","1458000","1457000","1455000","1454000","1453000","1451000","1450000","1449000","1447000","3","1","1","9","16","57","3","27","156","95","1","49","26","12","14","1","9","10","5","25","368","152","0","0","0","0","0","-1454000","5","-100.00","191","0","2","0","0","","0","0","0","","",""
"080139","0001","0","1460000","1461000","1462000","1463000","1464000","1465000","1467000","1468000","1469000","1470000","1459000","1458000","1457000","1455000","1454000","1453000","1451000","1450000","1449000","1447000","3","1","1","9","16","57","3","27","156","95","1","49","26","22","14","1","9","10","5","25","368","162","0","0","0","0","0","-1454000","5","-100.00","191","0","10","0","0","","0","0","0","","",""
"080141","0000","0","1460000","1461000","1462000","1463000","1464000","1465000","1467000","1468000","1469000","1470000","1459000","1458000","1457000","1455000","1454000","1453000","1451000","1450000","1449000","1447000","3","1","1","9","16","57","3","27","156","95","1","49","26","22","14","1","9","11","5","25","368","163","0","0","0","0","0","-1454000","5","-100.00","191","0","1","0","0","","0","0","0","","",""
"080141","0001","0","1460000","1461000","1462000","1463000","1464000","1465000","1467000","1468000","1469000","1470000","1459000","1458000","1457000","1455000","1454000","1453000","1451000","1450000","1449000","1447000","3","1","1","9","16","57","3","27","156","95","1","59","26","22","14","1","9","11","5","25","368","173","0","0","0","0","0","-1454000","5","-100.00","191","0","10","0","0","","0","0","0","","",""
"080141","0002","0","1460000","1461000","1462000","1463000","1464000","1465000","1467000","1468000","1469000","1470000","1459000","1458000","1457000","1455000","1454000","1453000","1451000","1450000","1449000","1447000","3","1","1","9","16","57","3","27","156","95","1","61","26","22","14","1","9","11","5","25","368","175","0","0","0","0","0","-1454000","5","-100.00","191","0","2","0","0","","0","0","0","","",""
"080142","0000","0","1460000","1461000","1462000","1463000","1464000","1465000","1467000","1468000","1469000","1470000","1459000","1458000","1457000","1455000","1454000","1453000","1451000","1450000","1449000","1447000","3","1","1","9","16","57","3","27","156","95","1","61","26","22","14","1","9","11","5","25","368","175","0","0","0","0","0","-1454000","5","-100.00","191","0","0","0","0","","0","0","0","","",""
"080143","0000","0","1460000","1461000","1462000","1463000","1464000","1465000","1467000","1468000","1469000","1470000","1459000","1458000","1457000","1455000","1454000","1453000","1451000","1450000","1449000","1447000","3","1","1","9","16","57","3","27","156","95","9","61","26","22","14","1","9","11","5","25","368","183","0","0","0","0","0","-1454000","5","-100.00","191","0","8","0","0","","0","0","0","","",""
"080143","0001","0","1460000","1461000","1462000","1463000","1464000","1465000","1467000","1468000","1469000","1470000","1459000","1458000","1457000","1455000","1454000","1453000","1451000","1450000","1449000","1447000","3","1","1","9","16","57","3","27","156","95","9","91","26","22","14","1","9","11","5","25","368","213","0","0","0","0","0","-1454000","5","-100.00","191","0","30","0","0","","0","0","0","","",""
"080144","0000","0","1460000","1461000","1462000","1463000","1464000","1465000","1467000","1468000","1469000","1470000","1459000","1458000","1457000","1455000","1454000","1453000","1451000","1450000","1449000","1447000","3","1","1","9","16","57","3","27","156","95","8","91","26","22","14","1","9","11","5","25","368","212","0","0","0","0","0","-1454000","5","-100.00","192","0","-1","0","0","","0","0","0","","",""
"080144","0001","0","1460000","1461000","1462000","1463000","1464000","1465000","1467000","1468000","1469000","1470000","1459000","1458000","1457000","1455000","1454000","1453000","1451000","1450000","1449000","1447000","3","1","1","9","17","57","3","27","156","95","8","91","26","22","15","1","9","11","5","25","369","213","0","0","0","0","0","-1454000","5","-100.00","192","1","1","0","0","","0","0","0","","",""
"080144","0002","0","1460000","1461000","1462000","1463000","1464000","1465000","1467000","1468000","1469000","1470000","1459000","1458000","1457000","1455000","1454000","1453000","1451000","1450000","1449000","1447000","3","1","1","9","17","57","3","27","156","95","8","92","26","22","15","1","9","11","5","25","369","214","0","0","0","0","0","-1454000","5","-100.00","192","0","1","0","0","","0","0","0","","",""
"080144","0003","0","1460000","1461000","1462000","1463000","1464000","1465000","1467000","1468000","1469000","1470000","1459000","1458000","1457000","1455000","1454000","1453000","1451000","1450000","1449000","1447000","3","1","1","9","17","57","3","27","156","95","8","92","26","22","15","1","9","12","5","25","369","215","0","0","0","0","0","-1454000","5","-100.00","192","0","1","0","0","","0","0","0","","",""
"080145","0000","0","1460000","1461000","1462000","1463000","1464000","1465000","1467000","1468000","1469000","1470000","1459000","1458000","1457000","1455000","1454000","1453000","1451000","1450000","1449000","1447000","3","1","1","9","17","57","3","27","156","95","8","93","26","22","15","1","9","12","5","25","369","216","0","0","0","0","0","-1454000","5","-100.00","192","0","1","0","0","","0","0","0","","",""
"080145","0001","0","1460000","1461000","1462000","1463000","1464000","1465000","1467000","1468000","1469000","1470000","1458000","1457000","1455000","1454000","1453000","1451000","1450000","1449000","1447000","1446000","3","1","1","9","17","57","3","27","166","95","52","26","37","25","1","9","12","5","25","3","379","195","0","0","0","0","0","-1454000","5","-100.00","242","10","-21","0","0","","0","0","0","","",""
"080146","0000","0","1460000","1461000","1462000","1463000","1464000","1465000","1467000","1468000","1469000","1470000","1459000","1458000","1457000","1455000","1454000","1453000","1451000","1450000","1449000","1447000","3","1","1","9","17","57","3","27","166","95","3","52","26","37","25","1","9","12","5","25","379","195","0","0","0","0","0","-1454000","5","-100.00","242","0","0","0","0","","0","0","0","","",""
"080146","0001","0","1460000","1461000","1462000","1463000","1464000","1465000","1467000","1468000","1469000","1470000","1459000","1458000","1457000","1455000","1454000","1453000","1451000","1450000","1449000","1447000","3","1","1","9","18","57","3","27","166","121","3","52","26","37","25","1","9","12","5","25","406","195","0","0","0","0","0","-1454000","5","-100.00","242","27","0","0","0","","0","0","0","","",""
"080147","0000","0","1460000","1461000","1462000","1463000","1464000","1465000","1467000","1468000","1469000","1470000","1459000","1458000","1457000","1455000","1454000","1453000","1451000","1450000","1449000","1447000","3","1","1","9","18","57","3","27","166","121","3","52","26","38","25","1","9","12","5","25","406","196","0","0","0","0","0","-1454000","5","-100.00","242","0","1","0","0","","0","0","0","","",""
"080148","0000","0","1460000","1461000","1462000","1463000","1464000","1465000","1467000","1468000","1469000","1470000","1459000","1458000","1457000","1455000","1454000","1453000","1451000","1450000","1449000","1447000","3","1","1","9","18","57","3","27","166","121","3","52","26","38","27","1","9","12","5","25","406","198","0","0","0","0","0","-1454000","5","-100.00","242","0","2","0","0","","0","0","0","","",""
"080148","0001","0","1460000","1461000","1462000","1463000","1464000","1465000","1467000","1468000","1469000","1470000","1459000","1458000","1457000","1455000","1454000","1453000","1451000","1450000","1449000","1447000","3","1","1","9","18","57","3","27","166","122","3","52","26","38","27","1","9","12","5","25","407","198","0","0","0","0","0","-1454000","5","-100.00","242","1","0","0","0","","0","0","0","","",""
"080149","0000","0","1460000","1461000","1462000","1463000","1464000","1465000","1467000","1468000","1469000","1470000","1459000","1458000","1457000","1455000","1454000","1453000","1451000","1450000","1449000","1447000","3","1","1","9","18","57","3","27","166","122","3","57","26","38","27","1","9","12","5","25","407","203","0","0","0","0","0","-1454000","5","-100.00","242","0","5","0","0","","0","0","0","","",""
"080150","0000","0","1460000","1461000","1462000","1463000","1464000","1465000","1467000","1468000","1469000","1470000","1458000","1457000","1455000","1454000","1453000","1451000","1450000","1449000","1447000","1446000","3","1","1","9","18","57","3","27","166","122","9","26","38","27","1","9","12","5","25","3","407","155","0","0","0","0","0","-1454000","5","-100.00","293","0","-48","0","0","","0","0","0","","",""
"080150","0001","0","1460000","1461000","1462000","1463000","1464000","1465000","1467000","1468000","1469000","1470000","1459000","1458000","1457000","1455000","1454000","1453000","1451000","1450000","1449000","1447000","3","1","1","9","18","57","3","27","166","122","1","9","26","37","27","1","9","12","5","25","407","152","0","0","0","0","0","-1454000","5","-100.00","293","0","-3","0","0","","0","0","0","","",""
"080150","0002","0","1460000","1461000","1462000","1463000","1464000","1465000","1467000","1468000","1469000","1470000","1459000","1458000","1457000","1455000","1454000","1453000","1451000","1450000","1449000","1447000","3","1","1","9","19","57","3","27","166","122","1","9","26","37","27","1","9","12","5","25","408","152","0","0","0","0","0","-1454000","5","-100.00","293","1","0","0","0","","0","0","0","","",""
"080150","0003","0","1460000","1461000","1462000","1463000","1464000","1465000","1467000","1468000","1469000","1470000","1459000","1458000","1457000","1455000","1454000","1453000","1451000","1450000","1449000","1447000","3","1","1","9","19","57","3","27","166","122","2","9","26","37","27","1","9","12","5","25","408","153","0","0","0","0","0","-1454000","5","-100.00","293","0","1","0","0","","0","0","0","","",""
"080151","0000","0","1460000","1461000","1462000","1463000","1464000","1465000","1467000","1468000","1469000","1470000","1459000","1458000","1457000","1455000","1454000","1453000","1452000","1451000","1450000","1449000","3","1","1","9","19","57","3","27","166","122","2","9","26","37","27","1","3","9","12","5","408","131","0","0","0","0","0","-1454000","5","-100.00","293","0","-22","0","0","","0","0","0","","",""
"080152","0000","0","1460000","1461000","1462000","1463000","1464000","1465000","1467000","1468000","1469000","1470000","1458000","1457000","1455000","1454000","1453000","1452000","1451000","1450000","1449000","1447000","3","1","1","9","19","57","3","27","166","122","6","26","37","27","1","3","9","12","5","25","408","151","0","0","0","0","0","-1454000","5","-100.00","298","0","20","0","0","","0","0","0","","",""
"080154","0000","0","1460000","1461000","1462000","1463000","1464000","1465000","1467000","1468000","1469000","1470000","1458000","1457000","1455000","1454000","1453000","1452000","1451000","1450000","1449000","1447000","3","1","1","9","19","57","3","27","166","122","6","26","38","27","1","3","9","12","5","25","408","152","0","0","0","0","0","-1454000","5","-100.00","298","0","1","0","0","","0","0","0","","",""
"080154","0001","0","1460000","1461000","1462000","1463000","1464000","1465000","1467000","1468000","1469000","1470000","1458000","1457000","1455000","1454000","1453000","1452000","1451000","1450000","1449000","1447000","3","1","1","9","19","57","3","27","166","122","6","26","38","27","1","3","9","22","5","25","408","162","0","0","0","0","0","-1454000","5","-100.00","298","0","10","0","0","","0","0","0","","",""
"080154","0002","0","1460000","1461000","1462000","1463000","1464000","1465000","1467000","1468000","1469000","1470000","1458000","1457000","1455000","1454000","1453000","1452000","1451000","1450000","1449000","1447000","3","1","1","9","19","57","3","27","166","125","6","26","38","27","1","3","9","22","5","25","411","162","0","0","0","0","0","-1454000","5","-100.00","298","3","0","0","0","","0","0","0","","",""
"080155","0000","0","1460000","1461000","1462000","1463000","1464000","1465000","1467000","1468000","1469000","1470000","1458000","1457000","1455000","1454000","1453000","1452000","1451000","1450000","1449000","1447000","3","1","1","9","19","57","3","27","166","125","7","26","38","27","1","3","9","22","5","25","411","163","0","0","0","0","0","-1454000","5","-100.00","298","0","1","0","0","","0","0","0","","",""
"080155","0001","0","1460000","1461000","1462000","1463000","1464000","1465000","1467000","1468000","1469000","1470000","1458000","1457000","1455000","1454000","1453000","1452000","1451000","1450000","1449000","1447000","3","1","1","9","19","57","3","27","166","125","7","26","39","27","1","3","9","22","5","25","411","164","0","0","0","0","0","-1454000","5","-100.00","298","0","1","0","0","","0","0","0","","",""
"080156","0000","0","1460000","1461000","1462000","1463000","1464000","1465000","1467000","1468000","1469000","1470000","1459000","1458000","1457000","1455000","1454000","1453000","1452000","1451000","1450000","1449000","3","1","1","9","19","57","3","27","166","125","3","6","26","39","27","1","3","9","22","5","411","141","0","0","0","0","0","-1454000","5","-100.00","299","0","-23","0","0","","0","0","0","","",""
"080156","0001","0","1460000","1461000","1462000","1463000","1464000","1465000","1467000","1468000","1469000","1470000","1459000","1458000","1457000","1455000","1454000","1453000","1452000","1451000","1450000","1449000","3","1","1","9","19","57","3","27","166","125","3","8","26","39","27","1","3","9","22","5","411","143","0","0","0","0","0","-1454000","5","-100.00","299","0","2","0","0","","0","0","0","","",""
"080157","0000","0","1460000","1461000","1462000","1463000","1464000","1465000","1467000","1468000","1469000","1470000","1459000","1458000","1457000","1455000","1454000","1453000","1452000","1451000","1450000","1449000","3","1","1","9","19","57","3","27","166","125","2","8","26","39","27","1","3","9","22","5","411","142","0","0","0","0","0","-1454000","5","-100.00","300","0","-1","0","0","","0","0","0","","",""
"080158","0000","0","1460000","1461000","1462000","1463000","1464000","1465000","1467000","1468000","1469000","1470000","1459000","1458000","1457000","1455000","1454000","1453000","1452000","1451000","1450000","1449000","3","1","1","9","19","58","3","27","165","125","2","8","26","39","27","1","3","9","22","5","411","142","0","0","0","0","0","-1454000","5","-100.00","300","0","0","0","0","","0","0","0","","",""
"080158","0001","0","1460000","1461000","1462000","1463000","1464000","1465000","1467000","1468000","1469000","1470000","1459000","1458000","1457000","1455000","1454000","1453000","1452000","1451000","1450000","1449000","3","1","1","9","19","58","3","27","165","125","2","12","26","39","27","1","3","9","22","5","411","146","0","0","0","0","0","-1454000","5","-100.00","300","0","4","0","0","","0","0","0","","",""
"080159","0000","0","1460000","1461000","1462000","1463000","1464000","1465000","1467000","1468000","1469000","1470000","1459000","1458000","1457000","1455000","1454000","1453000","1452000","1451000","1450000","1449000","3","1","1","9","19","58","3","27","165","125","2","12","26","39","27","1","3","19","22","5","411","156","0","0","0","0","0","-1454000","5","-100.00","300","0","10","0","0","","0","0","0","","",""
"080159","0001","0","1460000","1461000","1462000","1463000","1464000","1465000","1467000","1468000","1469000","1470000","1459000","1458000","1457000","1455000","1454000","1453000","1452000","1451000","1450000","1449000","3","1","1","9","19","59","3","27","165","125","2","12","26","39","27","1","3","19","22","5","412","156","0","0","0","0","0","-1454000","5","-100.00","300","1","0","0","0","","0","0","0","","",""
"080159","0002","0","1460000","1461000","1462000","1463000","1464000","1465000","1467000","1468000","1469000","1470000","1459000","1458000","1457000","1455000","1454000","1453000","1452000","1451000","1450000","1449000","3","1","1","9","19","59","3","27","165","125","1","12","26","39","27","1","3","19","22","5","412","155","0","0","0","0","0","-1454000","5","-100.00","301","0","-1","0","0","","0","0","0","","",""
"080201","0000","0","1460000","1461000","1462000","1463000","1464000","1465000","1467000","1468000","1469000","1470000","1459000","1458000","1457000","1455000","1454000","1453000","1452000","1451000","1450000","1449000","3","1","1","9","19","59","3","27","165","125","1","12","26","39","27","1","3","19","24","5","412","157","0","0","0","0","0","-1454000","5","-100.00","301","0","2","0","0","","0","0","0","","",""
"080202","0000","0","1460000","1461000","1462000","1463000","1464000","1465000","1467000","1468000","1469000","1470000","1459000","1458000","1457000","1455000","1454000","1453000","1452000","1451000","1450000","1449000","3","1","1","9","19","59","3","27","165","125","1","15","28","39","27","1","3","19","24","5","412","162","0","0","0","0","0","-1454000","5","-100.00","301","0","5","0","0","","0","0","0","","",""
"080202","0001","0","1459000","1460000","1461000","1462000","1463000","1464000","1465000","1467000","1468000","1469000","1458000","1457000","1455000","1454000","1453000","1452000","1451000","1450000","1449000","1447000","4","3","1","1","9","19","59","3","27","165","15","28","39","27","1","3","19","24","5","25","291","186","0","0","0","0","0","-1454000","5","-100.00","302","-121","24","0","0","","0","0","0","","",""
"080204","0000","0","1459000","1460000","1461000","1462000","1463000","1464000","1465000","1467000","1468000","1469000","1458000","1457000","1455000","1454000","1453000","1452000","1451000","1450000","1449000","1447000","4","3","1","1","9","19","59","3","27","165","15","28","39","27","1","3","19","25","5","25","291","187","0","0","0","0","0","-1454000","5","-100.00","302","0","1","0","0","","0","0","0","","",""
"080205","0000","0","1459000","1460000","1461000","1462000","1463000","1464000","1465000","1467000","1468000","1469000","1458000","1457000","1455000","1454000","1453000","1452000","1451000","1450000","1449000","1447000","53","3","1","1","9","19","59","3","27","165","15","28","39","27","1","3","19","25","5","25","340","187","0","0","0","0","0","-1454000","5","-100.00","302","49","0","0","0","","0","0","0","","",""
"080206","0000","0","1458000","1459000","1460000","1461000","1462000","1463000","1464000","1465000","1467000","1468000","1457000","1455000","1454000","1453000","1452000","1451000","1450000","1449000","1447000","1446000","34","11","3","1","1","9","19","59","3","27","28","39","27","1","3","19","25","5","25","3","167","175","0","0","0","0","0","-1454000","5","-100.00","317","-173","-12","0","0","","0","0","0","","",""
"080206","0001","0","1458000","1459000","1460000","1461000","1462000","1463000","1464000","1465000","1467000","1468000","1457000","1455000","1454000","1453000","1452000","1451000","1450000","1449000","1447000","1446000","43","11","3","1","1","9","19","59","3","13","28","39","27","1","3","19","25","5","25","3","162","175","0","0","0","0","0","-1454000","5","-100.00","322","-5","0","0","0","","0","0","0","","",""
"080208","0000","0","1458000","1459000","1460000","1461000","1462000","1463000","1464000","1465000","1467000","1468000","1457000","1455000","1454000","1453000","1452000","1451000","1450000","1449000","1447000","1446000","29","11","3","1","1","9","19","59","3","13","14","39","27","1","3","19","25","5","25","3","148","161","0","0","0","0","0","-1454000","5","-100.00","336","-14","-14","0","0","","0","0","0","","",""
"080209","0000","0","1458000","1459000","1460000","1461000","1462000","1463000","1464000","1465000","1467000","1468000","1457000","1455000","1454000","1453000","1452000","1451000","1450000","1449000","1447000","1446000","29","11","3","1","1","9","19","59","3","13","14","39","28","1","3","19","25","5","25","3","148","162","0","0","0","0","0","-1454000","5","-100.00","336","0","1","0","0","","0","0","0","","",""
"080209","0001","0","1458000","1459000","1460000","1461000","1462000","1463000","1464000","1465000","1467000","1468000","1457000","1455000","1454000","1453000","1452000","1451000","1450000","1449000","1447000","1446000","29","11","4","1","1","9","19","59","3","13","14","39","28","1","3","19","25","5","25","3","149","162","0","0","0","0","0","-1454000","5","-100.00","336","1","0","0","0","","0","0","0","","",""
"080209","0002","0","1458000","1459000","1460000","1461000","1462000","1463000","1464000","1465000","1467000","1468000","1457000","1455000","1454000","1453000","1452000","1451000","1450000","1449000","1447000","1446000","26","11","4","1","1","9","19","59","3","13","14","39","28","1","3","19","25","5","25","3","146","162","0","0","0","0","0","-1454000","5","-100.00","339","-3","0","0","0","","0","0","0","","",""
"080210","0000","0","1458000","1459000","1460000","1461000","1462000","1463000","1464000","1465000","1467000","1468000","1457000","1455000","1454000","1453000","1452000","1451000","1450000","1449000","1447000","1446000","26","11","4","1","1","9","19","59","3","13","12","39","28","1","3","19","25","5","25","3","146","160","0","0","0","0","0","-1454000","5","-100.00","341","0","-2","0","0","","0","0","0","","",""
"080211","0000","0","1457000","1459000","1460000","1461000","1462000","1463000","1464000","1465000","1467000","1468000","1455000","1454000","1453000","1452000","1451000","1450000","1449000","1447000","1446000","1445000","16","11","4","1","1","9","19","59","3","13","40","30","1","3","19","25","5","25","3","8","136","159","0","0","0","0","0","-1454000","5","-100.00","351","-10","-1","0","0","","0","0","0","","",""
"080211","0001","0","1457000","1459000","1460000","1461000","1462000","1463000","1464000","1465000","1467000","1468000","1455000","1454000","1453000","1452000","1451000","1450000","1449000","1447000","1446000","1445000","16","15","4","1","1","9","19","59","3","13","40","30","1","3","19","25","5","25","3","8","140","159","0","0","0","0","0","-1454000","5","-100.00","351","4","0","0","0","","0","0","0","","",""
"080212","0000","0","1457000","1459000","1460000","1461000","1462000","1463000","1464000","1465000","1467000","1468000","1455000","1454000","1453000","1452000","1451000","1450000","1449000","1447000","1446000","1445000","16","15","4","1","1","9","19","59","3","13","70","30","1","3","19","25","5","25","3","8","140","189","0","0","0","0","0","-1454000","5","-100.00","351","0","30","0","0","","0","0","0","","",""
"080212","0001","0","1457000","1459000","1460000","1461000","1462000","1463000","1464000","1465000","1467000","1468000","1455000","1454000","1453000","1452000","1451000","1450000","1449000","1447000","1446000","1445000","17","15","4","1","1","9","19","59","3","13","70","30","1","3","19","25","5","25","3","8","141","189","0","0","0","0","0","-1454000","5","-100.00","351","1","0","0","0","","0","0","0","","",""
