"time","millisec","HOUR_CLS_CODE","ASKP1","ASKP2","ASKP3","ASKP4","ASKP5","ASKP6","ASKP7","ASKP8","ASKP9","ASKP10","BIDP1","BIDP2","BIDP3","BIDP4","BIDP5","BIDP6","BIDP7","BIDP8","BIDP9","BIDP10","ASKP_RSQN1","ASKP_RSQN2","ASKP_RSQN3","ASKP_RSQN4","ASKP_RSQN5","ASKP_RSQN6","ASKP_RSQN7","ASKP_RSQN8","ASKP_RSQN9","ASKP_RSQN10","BIDP_RSQN1","BIDP_RSQN2","BIDP_RSQN3","BIDP_RSQN4","BIDP_RSQN5","BIDP_RSQN6","BIDP_RSQN7","BIDP_RSQN8","BIDP_RSQN9","BIDP_RSQN10","TOTAL_ASKP_RSQN","TOTAL_BIDP_RSQN","OVTM_TOTAL_ASKP_RSQN","OVTM_TOTAL_BIDP_RSQN","ANTC_CNPR","ANTC_CNQN","ANTC_VOL","ANTC_CNTG_VRSS","ANTC_CNTG_VRSS_SIGN","ANTC_CNTG_PRDY_CTRT","ACML_VOL","TOTAL_ASKP_RSQN_ICDC","TOTAL_BIDP_RSQN_ICDC","OVTM_TOTAL_ASKP_ICDC","OVTM_TOTAL_BIDP_ICDC","STCK_DEAL_CLS_CODE","KMID_PRC","KMID_TOTAL_RSQN","KMID_CLS_CODE","NMID_PRC","NMID_TOTAL_RSQN","NMID_CLS_CODE"
"080000","0000","0","0","0","0","0","0","0","0","0","0","0","61000","0","0","0","0","0","0","0","0","0","0","0","0","0","0","0","0","0","0","0","500","0","0","0","0","0","0","0","0","0","0","500","0","0","0","0","0","-61900","5","-100.00","0","0","0","0","0","","0","0","0","","",""
"080000","0001","0","64000","64100","65900","69100","0","0","0","0","0","0","62300","61700","61300","61000","60100","60000","0","0","0","0","100","1","1000","11","0","0","0","0","0","0","99","20","10","500","5","499","0","0","0","0","1112","1133","0","0","0","0","0","-61900","5","-100.00","1","1112","633","0","0","","0","0","0","","",""
"080001","0000","0","62900","64000","64100","64200","64600","65300","65900","66000","67300","68100","62300","61900","61700","61300","61100","61000","60100","60000","0","0","5","120","1","1","20","2","1000","100","2","5","99","641","20","10","19","500","5","499","0","0","1256","1793","0","0","0","0","0","-61900","5","-100.00","1","144","660","0","0","","0","0","0","","",""
"080001","0001","0","62900","63200","63500","64000","64100","64200","64300","64600","65300","65500","62400","62300","62100","61900","61800","61700","61300","61100","61000","60800","1","50","1","120","1","1","12","20","2","15","240","99","101","641","1","20","10","19","500","18","223","1649","0","0","0","0","0","-61900","5","-100.00","5","-1033","-144","0","0","","0","0","0","","",""
"080001","0002","0","62900","63200","63500","63700","64000","64100","64200","64300","64600","65300","62400","62300","62100","61900","61800","61700","61500","61300","61100","61000","1","50","1","100","120","1","1","12","20","2","240","99","101","847","1","20","193","10","19","561","308","2091","0","0","0","0","0","-61900","5","-100.00","5","85","442","0","0","","0","0","0","","",""
"080002","0000","0","62900","63200","63400","63500","63700","64000","64100","64200","64300","64600","62100","61900","61800","61700","61500","61300","61200","61100","61000","60800","1","50","7","1","100","170","1","1","12","20","92","949","21","20","193","10","100","119","561","18","363","2083","0","0","0","0","0","-61900","5","-100.00","353","55","-8","0","0","","0","0","0","","",""
"080002","0001","0","62900","63200","63400","63500","63700","64000","64100","64200","64300","64600","62200","62100","61900","61800","61700","61500","61300","61200","61100","61000","1","50","7","1","100","170","1","1","12","20","24","92","949","21","20","292","10","100","119","561","363","2188","0","0","0","0","0","-61900","5","-100.00","353","0","105","0","0","","0","0","0","","",""
"080003","0000","0","62900","63200","63400","63500","63700","64000","64100","64200","64300","64400","62200","62100","61900","61800","61700","61500","61300","61200","61100","61000","1","50","7","1","100","170","1","1","12","70","24","92","949","21","20","292","10","100","119","561","413","2188","0","0","0","0","0","-61900","5","-100.00","353","50","0","0","0","","0","0","0","","",""
"080003","0001","0","62900","63200","63400","63500","63700","63900","64000","64100","64200","64300","62200","62100","61900","61800","61700","61500","61300","61200","61100","61000","1","50","7","1","100","5","170","1","1","12","24","92","1252","21","120","292","10","100","119","561","348","2591","0","0","0","0","0","-61900","5","-100.00","353","-65","403","0","0","","0","0","0","","",""
"080003","0002","0","62900","63200","63400","63500","63700","63900","64000","64100","64200","64300","62200","62100","61900","61800","61700","61500","61300","61200","61100","61000","1","50","7","1","100","5","170","1","1","12","24","92","1252","243","120","292","10","100","100","561","348","2794","0","0","0","0","0","-61900","5","-100.00","353","0","203","0","0","","0","0","0","","",""
"080004","0000","0","62900","63200","63300","63400","63500","63700","63900","64000","64100","64200","62200","62100","61900","61800","61700","61500","61300","61200","61100","61000","1","50","1","7","1","100","5","170","1","1","24","337","1252","243","120","294","10","100","100","561","337","3041","0","0","0","0","0","-61900","5","-100.00","353","-11","247","0","0","","0","0","0","","",""
"080005","0000","0","62900","63200","63300","63400","63500","63700","63900","64000","64100","64200","62200","62100","61900","61800","61700","61500","61300","61200","61100","61000","1","50","1","7","1","100","5","170","3","7","24","337","1255","463","120","294","10","100","100","561","345","3264","0","0","0","0","0","-61900","5","-100.00","353","4","220","0","0","","0","0","0","","",""
"080006","0000","0","62900","63200","63300","63400","63500","63700","63900","64000","64100","64200","62200","62100","62000","61900","61800","61700","61500","61300","61200","61100","1","50","1","7","1","100","5","170","3","7","24","337","40","1265","463","120","294","10","100","100","345","2753","0","0","0","0","0","-61900","5","-100.00","353","0","-511","0","0","","0","0","0","","",""
"080006","0001","0","62500","62800","62900","63200","63300","63400","63500","63700","63900","64000","62200","62100","62000","61900","61800","61700","61500","61300","61200","61100","1","2","1","50","1","7","1","100","5","170","23","337","40","1265","463","120","394","10","100","100","338","2852","0","0","0","0","0","-61900","5","-100.00","354","-7","99","0","0","","0","0","0","","",""
"080006","0002","0","62500","62800","62900","63000","63200","63300","63400","63500","63700","63900","62200","62100","62000","61900","61800","61700","61500","61300","61200","61100","1","2","1","5","50","1","7","1","100","5","23","337","40","1265","463","120","394","10","100","100","173","2852","0","0","0","0","0","-61900","5","-100.00","354","-165","0","0","0","","0","0","0","","",""
"080006","0003","0","62500","62700","62800","62900","63000","63200","63300","63400","63500","63700","62200","62100","62000","61900","61800","61700","61500","61300","61200","61100","1","1","2","1","5","50","1","11","1","100","23","337","40","1265","463","120","394","10","100","100","173","2852","0","0","0","0","0","-61900","5","-100.00","354","-4","0","0","0","","0","0","0","","",""
"080006","0004","0","62200","62500","62700","62800","62900","63000","63200","63300","63400","63500","62100","62000","61900","61800","61700","61500","61300","61200","61100","61000","202","1","1","2","1","5","50","1","11","1","337","40","624","463","120","394","10","100","100","661","275","2849","0","0","0","0","0","-61900","5","-100.00","476","102","-3","0","0","","0","0","0","","",""
"080006","0005","0","62200","62500","62700","62800","62900","63000","63200","63300","63400","63500","62100","62000","61900","61800","61700","61500","61300","61200","61100","61000","202","1","1","2","1","5","50","1","11","1","342","40","624","463","120","394","10","100","100","661","275","2854","0","0","0","0","0","-61900","5","-100.00","476","0","5","0","0","","0","0","0","","",""
"080007","0000","0","62200","62500","62700","62800","62900","63000","63200","63300","63400","63500","62100","62000","61900","61800","61700","61500","61300","61200","61100","61000","202","1","1","2","1","5","50","1","11","1","342","40","624","463","125","394","10","107","100","661","275","2866","0","0","0","0","0","-61900","5","-100.00","476","0","12","0","0","","0","0","0","","",""
"080008","0000","0","62200","62500","62700","62800","62900","63000","63200","63300","63400","63500","62100","62000","61900","61800","61700","61500","61300","61200","61100","61000","202","1","1","2","1","5","51","1","11","1","341","40","624","463","125","394","10","107","100","661","276","2865","0","0","0","0","0","-61900","5","-100.00","477","1","-1","0","0","","0","0","0","","",""
"080008","0001","0","62200","62500","62700","62800","62900","63000","63200","63300","63400","63500","62100","62000","61900","61800","61700","61500","61300","61200","61100","61000","202","1","1","2","1","5","51","1","11","1","341","40","624","463","130","394","10","127","100","661","276","2890","0","0","0","0","0","-61900","5","-100.00","477","0","25","0","0","","0","0","0","","",""
"080008","0002","0","62200","62500","62700","62800","62900","63000","63200","63300","63400","63500","62100","62000","61900","61800","61700","61500","61300","61200","61100","61000","202","1","1","2","1","5","51","1","11","1","349","40","624","463","130","394","10","127","100","664","276","2901","0","0","0","0","0","-61900","5","-100.00","477","0","11","0","0","","0","0","0","","",""
"080008","0003","0","62200","62500","62700","62800","62900","63000","63200","63300","63400","63500","62100","62000","61900","61800","61700","61500","61300","61200","61100","61000","203","1","1","2","1","5","51","1","11","1","349","40","624","463","130","394","10","127","100","664","277","2901","0","0","0","0","0","-61900","5","-100.00","477","1","0","0","0","","0","0","0","","",""
"080009","0000","0","62200","62500","62700","62800","62900","63000","63200","63300","63400","63500","62100","62000","61900","61800","61700","61500","61300","61200","61100","61000","188","1","1","2","1","5","51","1","11","1","349","65","624","463","130","394","10","127","100","664","262","2926","0","0","0","0","0","-61900","5","-100.00","492","0","25","0","0","","0","0","0","","",""
"080009","0001","0","62200","62300","62500","62700","62800","62900","63000","63200","63300","63400","62100","62000","61900","61800","61700","61500","61300","61200","61100","61000","188","1","1","1","2","1","5","51","1","11","349","65","624","463","130","394","10","127","100","664","262","2926","0","0","0","0","0","-61900","5","-100.00","492","0","0","0","0","","0","0","0","","",""
"080009","0002","0","62200","62300","62500","62700","62800","62900","63000","63200","63300","63400","62100","62000","61900","61800","61700","61500","61300","61200","61100","61000","138","1","1","1","2","1","5","51","1","11","399","65","624","463","130","394","10","127","100","664","212","2976","0","0","0","0","0","-61900","5","-100.00","542","-50","50","0","0","","0","0","0","","",""
"080009","0003","0","62300","62500","62700","62800","62900","63000","63200","63300","63400","63500","62200","62100","62000","61900","61800","61700","61500","61300","61200","61100","1","1","1","2","1","5","51","1","11","1","77","399","65","624","463","130","394","10","127","100","75","2389","0","0","0","0","0","-61900","5","-100.00","680","-137","-587","0","0","","0","0","0","","",""
"080009","0004","0","62300","62500","62700","62800","62900","63000","63200","63300","63400","63500","62200","62100","62000","61900","61800","61700","61500","61300","61200","61100","1","1","1","2","1","5","51","1","11","1","77","499","65","624","463","130","394","10","127","100","75","2489","0","0","0","0","0","-61900","5","-100.00","680","0","100","0","0","","0","0","0","","",""
"080009","0005","0","62300","62400","62500","62700","62800","62900","63000","63200","63300","63400","62200","62100","62000","61900","61800","61700","61500","61300","61200","61100","1","1","1","1","2","1","5","51","1","11","715","499","65","624","463","130","394","10","127","100","75","3127","0","0","0","0","0","-61900","5","-100.00","680","0","638","0","0","","0","0","0","","",""
"080010","0000","0","62300","62400","62500","62700","62800","62900","63000","63200","63300","63400","62200","62100","62000","61900","61800","61700","61500","61300","61200","61100","24","1","1","1","2","1","5","51","1","11","715","503","65","624","463","130","394","10","127","100","98","3131","0","0","0","0","0","-61900","5","-100.00","680","23","4","0","0","","0","0","0","","",""
"080010","0001","0","62300","62400","62500","62700","62800","62900","63000","63200","63300","63400","61900","61800","61700","61500","61300","61200","61100","61000","60800","60700","24","1","1","1","2","1","5","51","1","11","442","463","130","394","10","127","100","664","28","53","98","2411","0","0","0","0","0","-61900","5","-100.00","2145","0","-720","0","0","","0","0","0","","",""
"080010","0002","0","62300","62400","62500","62700","62800","62900","63000","63200","63300","63400","61900","61800","61700","61500","61300","61200","61100","61000","60800","60700","24","1","2","1","2","1","5","51","1","11","442","463","130","394","10","127","100","664","28","53","99","2411","0","0","0","0","0","-61900","5","-100.00","2145","1","0","0","0","","0","0","0","","",""
"080011","0000","0","62300","62400","62500","62600","62700","62800","62900","63000","63200","63300","61900","61800","61700","61500","61300","61200","61100","61000","60800","60700","24","1","2","1","1","2","1","5","51","1","442","463","130","394","10","127","100","664","28","53","89","2411","0","0","0","0","0","-61900","5","-100.00","2145","-10","0","0","0","","0","0","0","","",""
"080011","0001","0","62300","62400","62500","62600","62700","62800","62900","63000","63200","63300","62100","61900","61800","61700","61500","61300","61200","61100","61000","60800","24","1","2","1","1","2","1","5","51","1","200","442","463","130","394","10","127","100","664","28","89","2558","0","0","0","0","0","-61900","5","-100.00","2145","0","147","0","0","","0","0","0","","",""
"080011","0002","0","62300","62400","62500","62600","62700","62800","62900","63000","63200","63300","62100","61900","61800","61700","61600","61500","61300","61200","61100","61000","24","1","2","1","1","2","1","5","51","1","200","442","463","130","20","394","10","127","100","664","89","2550","0","0","0","0","0","-61900","5","-100.00","2145","0","-8","0","0","","0","0","0","","",""
"080011","0003","0","62300","62400","62500","62600","62700","62800","62900","63000","63200","63300","62100","61900","61800","61700","61600","61500","61300","61200","61100","61000","24","1","2","1","2","2","1","5","51","1","200","442","463","130","20","394","10","127","100","664","90","2550","0","0","0","0","0","-61900","5","-100.00","2145","1","0","0","0","","0","0","0","","",""
"080012","0000","0","62300","62400","62500","62600","62700","62800","62900","63000","63200","63300","62100","61900","61800","61700","61600","61500","61300","61200","61100","61000","24","1","2","1","2","3","1","5","51","1","200","442","463","130","20","394","10","127","100","664","91","2550","0","0","0","0","0","-61900","5","-100.00","2145","1","0","0","0","","0","0","0","","",""
"080012","0001","0","62300","62400","62500","62600","62700","62800","62900","63000","63200","63300","62100","61900","61800","61700","61600","61500","61300","61200","61100","61000","24","1","2","1","2","8","2","5","51","1","200","442","463","130","20","394","10","127","100","664","97","2550","0","0","0","0","0","-61900","5","-100.00","2145","1","0","0","0","","0","0","0","","",""
"080013","0000","0","62300","62400","62500","62600","62700","62800","62900","63000","63200","63300","62100","61900","61800","61700","61600","61500","61300","61200","61100","61000","24","1","2","1","2","8","2","5","51","1","200","442","463","130","20","394","110","127","100","664","97","2650","0","0","0","0","0","-61900","5","-100.00","2145","0","100","0","0","","0","0","0","","",""
"080013","0001","0","62300","62400","62500","62600","62700","62800","62900","63000","63200","63300","62100","61900","61800","61700","61600","61500","61300","61200","61100","61000","24","1","2","1","2","8","2","5","51","1","200","442","463","130","20","394","110","127","100","664","97","2650","0","0","0","0","0","-61900","5","-100.00","2145","0","0","0","0","","0","0","0","","",""
"080013","0002","0","62300","62400","62500","62600","62700","62800","62900","63000","63200","63300","62100","61900","61800","61700","61600","61500","61300","61200","61100","61000","24","1","2","1","2","8","2","6","51","1","400","442","463","130","20","394","110","127","100","664","98","2850","0","0","0","0","0","-61900","5","-100.00","2145","1","200","0","0","","0","0","0","","",""
"080013","0003","0","62900","63000","63200","63300","63400","63500","63700","63900","64000","64100","62100","61900","61800","61700","61600","61500","61300","61200","61100","61000","2","6","51","1","11","2","101","9","170","3","400","442","463","130","20","394","110","127","100","664","356","2850","0","0","0","0","0","-61900","5","-100.00","2185","258","0","0","0","","0","0","0","","",""
"080013","0004","0","62900","63000","63100","63200","63300","63400","63500","63700","63900","64000","62200","62100","61900","61800","61700","61600","61500","61300","61200","61100","2","6","1","51","1","11","2","101","9","170","48","400","442","463","130","20","394","110","127","100","354","2234","0","0","0","0","0","-61900","5","-100.00","2185","-2","24","0","0","","0","0","0","","",""
"080014","0000","0","62900","63000","63100","63200","63300","63400","63500","63700","63900","64000","62200","62100","61900","61800","61700","61600","61500","61300","61200","61100","2","6","1","52","1","11","2","101","9","170","48","400","442","463","130","20","399","110","127","100","355","2239","0","0","0","0","0","-61900","5","-100.00","2185","1","5","0","0","","0","0","0","","",""
"080014","0001","0","62900","63000","63100","63200","63300","63400","63500","63700","63900","64000","62300","62200","62100","61900","61800","61700","61600","61500","61300","61200","2","6","1","52","1","11","2","101","9","170","10","48","400","442","463","130","20","399","110","127","355","2149","0","0","0","0","0","-61900","5","-100.00","2185","0","-90","0","0","","0","0","0","","",""
"080014","0002","0","62900","63000","63100","63200","63300","63400","63500","63700","63900","64000","62300","62200","62100","62000","61900","61800","61700","61600","61500","61300","2","6","1","52","1","11","2","101","9","170","10","78","400","8","452","463","130","20","399","110","355","2070","0","0","0","0","0","-61900","5","-100.00","2185","0","-79","0","0","","0","0","0","","",""
"080015","0000","0","62900","63000","63100","63200","63300","63400","63500","63700","63900","64000","62300","62200","62100","62000","61900","61800","61700","61600","61500","61300","2","6","1","52","2","11","2","101","9","170","10","78","400","8","455","463","130","20","399","110","356","2073","0","0","0","0","0","-61900","5","-100.00","2185","0","3","0","0","","0","0","0","","",""
"080015","0001","0","62900","63000","63100","63200","63300","63400","63500","63700","63900","64000","62300","62200","62100","62000","61900","61800","61700","61600","61500","61300","2","87","1","52","2","11","2","101","9","170","10","78","400","8","455","463","130","20","399","110","437","2073","0","0","0","0","0","-61900","5","-100.00","2185","81","0","0","0","","0","0","0","","",""
"080015","0002","0","62900","63000","63100","63200","63300","63400","63500","63700","63900","64000","62300","62200","62100","62000","61900","61800","61700","61600","61500","61300","2","87","1","52","2","12","2","101","9","173","10","78","400","8","457","463","130","20","399","110","441","2075","0","0","0","0","0","-61900","5","-100.00","2185","0","2","0","0","","0","0","0","","",""
"080016","0000","0","62900","63000","63100","63200","63300","63400","63500","63700","63900","64000","62300","62200","62100","62000","61900","61800","61700","61600","61500","61300","2","87","1","52","2","12","2","101","9","173","10","78","400","8","507","463","130","20","399","110","441","2125","0","0","0","0","0","-61900","5","-100.00","2185","0","50","0","0","","0","0","0","","",""
"080016","0001","0","62900","63000","63100","63200","63300","63400","63500","63700","63900","64000","62300","62200","62100","62000","61900","61800","61700","61600","61500","61300","2","87","1","52","2","12","3","101","9","173","10","78","400","8","507","463","130","20","399","110","442","2125","0","0","0","0","0","-61900","5","-100.00","2185","1","0","0","0","","0","0","0","","",""
"080016","0002","0","62900","63000","63100","63200","63300","63400","63500","63700","63900","64000","62300","62200","62100","62000","61900","61800","61700","61600","61500","61300","2","87","1","52","2","12","3","101","9","173","10","78","400","8","508","463","130","20","399","110","442","2126","0","0","0","0","0","-61900","5","-100.00","2185","0","1","0","0","","0","0","0","","",""
"080016","0003","0","62900","63000","63100","63200","63300","63400","63500","63700","63900","64000","62300","62200","62100","62000","61900","61800","61700","61600","61500","61300","2","87","1","52","2","12","3","101","9","173","10","78","400","18","508","463","130","20","399","110","442","2136","0","0","0","0","0","-61900","5","-100.00","2185","0","10","0","0","","0","0","0","","",""
"080016","0004","0","62900","63000","63100","63200","63300","63400","63500","63600","63700","63900","62300","62200","62100","62000","61900","61800","61700","61600","61500","61300","2","87","1","52","2","12","3","1","101","9","10","78","400","18","508","463","130","20","399","110","270","2136","0","0","0","0","0","-61900","5","-100.00","2185","-172","0","0","0","","0","0","0","","",""
"080017","0000","0","62900","63000","63100","63200","63300","63400","63500","63600","63700","63900","62300","62200","62100","62000","61900","61800","61700","61600","61500","61300","2","87","1","52","2","12","3","1","101","9","10","78","400","18","508","473","130","20","399","110","270","2146","0","0","0","0","0","-61900","5","-100.00","2185","0","10","0","0","","0","0","0","","",""
"080017","0001","0","62800","62900","63000","63100","63200","63300","63400","63500","63600","63700","62300","62200","62100","62000","61900","61800","61700","61600","61500","61300","20","2","87","1","52","2","12","3","1","102","10","78","400","18","508","473","130","20","399","110","282","2146","0","0","0","0","0","-61900","5","-100.00","2185","12","0","0","0","","0","0","0","","",""
"080017","0002","0","62800","62900","63000","63100","63200","63300","63400","63500","63600","63700","62300","62200","62100","62000","61900","61800","61700","61600","61500","61300","20","2","87","1","52","2","12","3","1","102","10","78","400","26","509","473","130","20","399","110","282","2155","0","0","0","0","0","-61900","5","-100.00","2185","0","1","0","0","","0","0","0","","",""
"080018","0000","0","62800","62900","63000","63100","63200","63300","63400","63500","63600","63700","62300","62200","62100","62000","61900","61800","61700","61600","61500","61300","15","2","87","1","52","2","12","3","1","102","10","78","400","26","509","473","130","20","399","110","277","2155","0","0","0","0","0","-61900","5","-100.00","2190","-5","0","0","0","","0","0","0","","",""
"080018","0001","0","62800","62900","63000","63100","63200","63300","63400","63500","63600","63700","62300","62200","62100","62000","61900","61800","61700","61600","61500","61300","15","2","87","1","52","2","12","3","1","102","10","78","400","26","509","473","130","20","407","110","277","2163","0","0","0","0","0","-61900","5","-100.00","2190","0","8","0","0","","0","0","0","","",""
"080018","0002","0","62800","62900","63000","63100","63200","63300","63400","63500","63600","63700","62300","62200","62100","62000","61900","61800","61700","61600","61500","61300","15","2","87","1","52","2","12","3","1","102","10","78","450","26","509","473","130","20","407","110","277","2213","0","0","0","0","0","-61900","5","-100.00","2190","0","50","0","0","","0","0","0","","",""
"080018","0003","0","62800","62900","63000","63100","63200","63300","63400","63500","63600","63700","62300","62200","62100","62000","61900","61800","61700","61600","61500","61300","20","2","87","1","52","2","12","3","1","102","10","78","450","26","509","473","130","20","407","110","282","2213","0","0","0","0","0","-61900","5","-100.00","2190","5","0","0","0","","0","0","0","","",""
"080018","0004","0","62800","62900","63000","63100","63200","63300","63400","63500","63600","63700","62300","62200","62100","62000","61900","61800","61700","61600","61500","61300","20","2","87","1","52","2","12","3","1","102","10","78","450","26","509","493","130","20","407","110","282","2233","0","0","0","0","0","-61900","5","-100.00","2190","0","20","0","0","","0","0","0","","",""
"080019","0000","0","62800","62900","63000","63100","63200","63300","63400","63500","63600","63700","62300","62200","62100","62000","61900","61800","61700","61600","61500","61300","20","2","87","1","52","2","12","3","1","102","10","78","600","26","509","493","130","20","407","110","282","2383","0","0","0","0","0","-61900","5","-100.00","2190","0","150","0","0","","0","0","0","","",""
"080019","0001","0","62800","62900","63000","63100","63200","63300","63400","63500","63600","63700","62300","62200","62100","62000","61900","61800","61700","61600","61500","61300","20","2","87","1","52","2","12","3","1","102","20","78","600","26","509","493","130","20","407","110","282","2393","0","0","0","0","0","-61900","5","-100.00","2190","0","10","0","0","","0","0","0","","",""
"080019","0002","0","62800","62900","63000","63100","63200","63300","63400","63500","63600","63700","62300","62200","62100","62000","61900","61800","61700","61600","61500","61300","30","2","87","1","52","2","12","3","1","102","20","78","600","26","509","493","130","20","407","110","292","2393","0","0","0","0","0","-61900","5","-100.00","2190","10","0","0","0","","0","0","0","","",""
"080020","0000","0","62800","62900","63000","63100","63200","63300","63400","63500","63600","63700","62300","62200","62100","62000","61900","61800","61700","61600","61500","61300","30","2","87","1","52","2","138","3","1","102","21","78","600","26","509","493","130","20","407","110","418","2394","0","0","0","0","0","-61900","5","-100.00","2190","125","1","0","0","","0","0","0","","",""
"080020","0001","0","62800","62900","63000","63100","63200","63300","63400","63500","63600","63700","62300","62200","62100","62000","61900","61800","61700","61600","61500","61300","30","2","87","1","52","2","138","3","1","102","24","78","600","26","509","493","130","20","407","110","418","2397","0","0","0","0","0","-61900","5","-100.00","2190","0","3","0","0","","0","0","0","","",""
"080020","0002","0","62800","62900","63000","63100","63200","63300","63400","63500","63600","63700","62300","62200","62100","62000","61900","61800","61700","61600","61500","61300","30","2","87","1","52","2","138","3","1","102","24","78","600","26","549","493","130","20","407","110","418","2437","0","0","0","0","0","-61900","5","-100.00","2190","0","40","0","0","","0","0","0","","",""
"080021","0000","0","62800","62900","63000","63100","63200","63300","63400","63500","63600","63700","62300","62200","62100","62000","61900","61800","61700","61600","61500","61300","30","2","87","1","52","2","138","3","1","102","24","78","600","26","549","593","130","20","407","110","418","2537","0","0","0","0","0","-61900","5","-100.00","2190","0","100","0","0","","0","0","0","","",""
"080021","0001","0","62800","62900","63000","63100","63200","63300","63400","63500","63600","63700","62400","62300","62200","62100","62000","61900","61800","61700","61600","61500","30","2","87","1","52","2","148","3","1","102","1","24","78","600","26","729","593","130","20","427","428","2628","0","0","0","0","0","-61900","5","-100.00","2190","0","20","0","0","","0","0","0","","",""
"080021","0002","0","62800","62900","63000","63100","63200","63300","63400","63500","63600","63700","62400","62300","62200","62100","62000","61900","61800","61700","61600","61500","30","2","137","1","52","2","148","3","1","102","1","24","78","600","26","729","593","130","20","427","478","2628","0","0","0","0","0","-61900","5","-100.00","2190","50","0","0","0","","0","0","0","","",""
"080021","0003","0","62800","62900","63000","63100","63200","63300","63400","63500","63600","63700","62400","62300","62200","62100","62000","61900","61800","61700","61600","61500","30","2","137","1","52","2","148","3","1","102","1","24","78","600","126","729","593","130","25","427","478","2733","0","0","0","0","0","-61900","5","-100.00","2190","0","105","0","0","","0","0","0","","",""
"080022","0000","0","62900","63000","63100","63200","63300","63400","63500","63600","63700","63800","62800","62400","62300","62200","62100","62000","61900","61800","61700","61600","2","137","1","52","2","148","3","1","102","21","10","1","24","78","400","126","729","593","130","25","469","2116","0","0","0","0","0","-61900","5","-100.00","2390","0","-417","0","0","","0","0","0","","",""
"080022","0001","0","62900","63000","63100","63200","63300","63400","63500","63600","63700","63800","62800","62400","62300","62200","62100","62000","61900","61800","61700","61600","2","137","1","52","2","148","3","1","102","221","10","1","24","78","400","126","729","593","130","25","669","2116","0","0","0","0","0","-61900","5","-100.00","2390","200","0","0","0","","0","0","0","","",""
"080022","0002","0","62900","63000","63100","63200","63300","63400","63500","63600","63700","63800","62800","62400","62300","62200","62100","62000","61900","61800","61700","61600","2","137","1","52","7","148","3","1","102","221","10","1","24","78","400","126","729","593","130","25","674","2116","0","0","0","0","0","-61900","5","-100.00","2390","5","0","0","0","","0","0","0","","",""
"080023","0000","0","62900","63000","63100","63200","63300","63400","63500","63600","63700","63800","62800","62400","62300","62200","62100","62000","61900","61800","61700","61600","2","137","1","52","7","148","3","1","102","221","10","1","24","80","400","126","729","593","130","25","674","2118","0","0","0","0","0","-61900","5","-100.00","2390","0","2","0","0","","0","0","0","","",""
"080023","0001","0","62800","62900","63000","63100","63200","63300","63400","63500","63600","63700","62400","62300","62200","62100","62000","61900","61800","61700","61600","61500","30","3","137","1","52","7","148","3","1","102","1","24","110","400","126","729","593","130","25","427","484","2565","0","0","0","0","0","-61900","5","-100.00","2410","-191","437","0","0","","0","0","0","","",""
"080023","0002","0","62700","62800","62900","63000","63100","63200","63300","63400","63500","63600","62400","62300","62200","62100","62000","61900","61800","61700","61600","61500","10","30","3","137","2","52","7","148","3","1","1","54","86","400","126","729","599","130","35","427","393","2587","0","0","0","0","0","-61900","5","-100.00","2410","1","10","0","0","","0","0","0","","",""
"080023","0003","0","62700","62800","62900","63000","63100","63200","63300","63400","63500","63600","62400","62300","62200","62100","62000","61900","61800","61700","61600","61500","10","193","3","137","2","52","7","148","3","1","1","54","86","400","118","890","599","130","35","427","556","2740","0","0","0","0","0","-61900","5","-100.00","2410","163","153","0","0","","0","0","0","","",""
"080024","0000","0","62700","62800","62900","63000","63100","63200","63300","63400","63500","63600","62400","62300","62200","62100","62000","61900","61800","61700","61600","61500","8","193","3","137","2","52","7","148","3","1","1","54","86","400","118","910","599","130","35","427","554","2760","0","0","0","0","0","-61900","5","-100.00","2412","-2","20","0","0","","0","0","0","","",""
"080024","0001","0","62700","62800","62900","63000","63100","63200","63300","63400","63500","63600","62400","62300","62200","62100","62000","61900","61800","61700","61600","61500","8","193","3","137","2","52","7","148","3","1","1","54","62","400","118","910","599","130","35","427","554","2736","0","0","0","0","0","-61900","5","-100.00","2412","0","-24","0","0","","0","0","0","","",""
"080024","0002","0","62700","62800","62900","63000","63100","63200","63300","63400","63500","63600","62400","62300","62200","62100","62000","61900","61800","61700","61600","61500","8","193","3","137","2","52","7","148","3","1","1","54","62","400","118","910","599","130","35","428","554","2737","0","0","0","0","0","-61900","5","-100.00","2412","0","1","0","0","","0","0","0","","",""
"080025","0000","0","62700","62800","62900","63000","63100","63200","63300","63400","63500","63600","62400","62300","62200","62100","62000","61900","61800","61700","61600","61500","8","193","13","137","2","52","7","148","3","1","1","54","62","400","118","910","599","130","35","428","564","2737","0","0","0","0","0","-61900","5","-100.00","2412","10","0","0","0","","0","0","0","","",""
"080025","0001","0","62700","62800","62900","63000","63100","63200","63300","63400","63500","63600","62400","62300","62200","62100","62000","61900","61800","61700","61600","61500","9","193","13","137","2","52","7","148","3","1","1","54","62","400","118","910","599","130","35","428","565","2737","0","0","0","0","0","-61900","5","-100.00","2412","1","0","0","0","","0","0","0","","",""
"080025","0002","0","62700","62800","62900","63000","63100","63200","63300","63400","63500","63600","62400","62300","62200","62100","62000","61900","61800","61700","61600","61500","9","193","13","137","2","52","7","148","3","1","1","54","62","400","118","910","608","130","35","428","565","2746","0","0","0","0","0","-61900","5","-100.00","2412","0","9","0","0","","0","0","0","","",""
"080025","0003","0","62700","62800","62900","63000","63100","63200","63300","63400","63500","63600","62400","62300","62200","62100","62000","61900","61800","61700","61600","61500","9","193","13","137","2","52","7","148","3","1","2","56","62","400","118","925","608","130","35","428","565","2764","0","0","0","0","0","-61900","5","-100.00","2412","0","18","0","0","","0","0","0","","",""
"080026","0000","0","62700","62800","62900","63000","63100","63200","63300","63400","63500","63600","62400","62300","62200","62100","62000","61900","61800","61700","61600","61500","9","193","13","137","2","52","7","148","3","1","2","56","65","400","118","925","608","130","35","428","565","2767","0","0","0","0","0","-61900","5","-100.00","2412","0","3","0","0","","0","0","0","","",""
"080026","0001","0","62700","62800","62900","63000","63100","63200","63300","63400","63500","63600","62400","62300","62200","62100","62000","61900","61800","61700","61600","61500","9","213","13","137","2","52","7","148","3","1","2","56","65","400","118","925","608","130","36","428","585","2768","0","0","0","0","0","-61900","5","-100.00","2412","20","1","0","0","","0","0","0","","",""
"080026","0002","0","62700","62800","62900","63000","63100","63200","63300","63400","63500","63600","62400","62300","62200","62100","62000","61900","61800","61700","61600","61500","19","213","13","139","2","52","7","148","3","1","2","56","65","400","118","925","608","130","36","428","597","2768","0","0","0","0","0","-61900","5","-100.00","2412","12","0","0","0","","0","0","0","","",""
"080027","0000","0","62700","62800","62900","63000","63100","63200","63300","63400","63500","63600","62400","62300","62200","62100","62000","61900","61800","61700","61600","61500","19","213","13","139","2","52","7","148","3","1","2","56","65","420","118","925","605","130","39","428","597","2788","0","0","0","0","0","-61900","5","-100.00","2412","0","20","0","0","","0","0","0","","",""
"080027","0001","0","62700","62800","62900","63000","63100","63200","63300","63400","63500","63600","62400","62300","62200","62100","62000","61900","61800","61700","61600","61500","9","213","13","139","2","52","7","148","3","1","2","56","65","420","118","925","605","130","39","428","587","2788","0","0","0","0","0","-61900","5","-100.00","2422","-10","0","0","0","","0","0","0","","",""
"080027","0002","0","62700","62800","62900","63000","63100","63200","63300","63400","63500","63600","62400","62300","62200","62100","62000","61900","61800","61700","61600","61500","12","213","13","139","2","55","7","148","3","1","2","56","65","420","118","925","605","130","39","428","593","2788","0","0","0","0","0","-61900","5","-100.00","2422","6","0","0","0","","0","0","0","","",""
"080027","0003","0","62700","62800","62900","63000","63100","63200","63300","63400","63500","63600","62400","62200","62100","62000","61900","61800","61700","61600","61500","61300","12","213","13","139","2","55","7","148","3","1","2","23","420","118","925","605","130","39","428","110","593","2800","0","0","0","0","0","-61900","5","-100.00","2922","0","12","0","0","","0","0","0","","",""
"080028","0000","0","62700","62800","62900","63000","63100","63200","63300","63400","63500","63600","62400","62200","62100","62000","61900","61800","61700","61600","61500","61300","12","213","13","139","12","55","7","148","3","1","2","23","420","168","925","605","130","39","428","110","603","2850","0","0","0","0","0","-61900","5","-100.00","2922","10","50","0","0","","0","0","0","","",""
"080028","0001","0","62800","62900","63000","63100","63200","63300","63400","63500","63600","63700","62400","62200","62100","62000","61900","61800","61700","61600","61500","61300","213","13","139","12","55","7","148","3","1","205","2","23","420","166","925","605","130","39","423","110","796","2843","0","0","0","0","0","-61900","5","-100.00","2934","0","3","0","0","","0","0","0","","",""
"080028","0002","0","62800","62900","63000","63100","63200","63300","63400","63500","63600","63700","62400","62200","62100","62000","61900","61800","61700","61600","61500","61300","213","13","139","12","55","7","148","3","1","205","3","23","420","166","925","605","130","39","423","110","796","2844","0","0","0","0","0","-61900","5","-100.00","2934","0","1","0","0","","0","0","0","","",""
"080028","0003","0","62800","62900","63000","63100","63200","63300","63400","63500","63600","63700","62400","62200","62100","62000","61900","61800","61700","61600","61500","61300","193","13","339","12","55","7","148","3","1","205","3","23","420","166","925","605","130","39","423","110","976","2844","0","0","0","0","0","-61900","5","-100.00","2954","180","0","0","0","","0","0","0","","",""
"080028","0004","0","62800","62900","63000","63100","63200","63300","63400","63500","63600","63700","62400","62200","62100","62000","61900","61800","61700","61600","61500","61300","193","13","339","12","55","7","148","3","1","206","3","23","420","166","939","605","130","39","423","110","977","2858","0","0","0","0","0","-61900","5","-100.00","2954","1","14","0","0","","0","0","0","","",""
"080029","0000","0","62800","62900","63000","63100","63200","63300","63400","63500","63600","63700","62400","62200","62100","62000","61900","61800","61700","61600","61500","61300","193","13","339","12","55","7","148","8","1","206","3","34","420","166","759","605","130","39","423","110","982","2689","0","0","0","0","0","-61900","5","-100.00","2954","0","-180","0","0","","0","0","0","","",""
"080029","0001","0","62400","62800","62900","63000","63100","63200","63300","63400","63500","63600","62200","62100","62000","61900","61800","61700","61600","61500","61300","61200","12","193","13","339","12","55","7","148","8","1","34","420","166","759","605","130","39","423","110","177","788","2863","0","0","0","0","0","-61900","5","-100.00","2957","-194","174","0","0","","0","0","0","","",""
"080029","0002","0","62400","62800","62900","63000","63100","63200","63300","63400","63500","63600","62200","62100","62000","61900","61800","61700","61600","61500","61300","61200","12","193","13","339","12","55","7","148","8","1","35","430","266","779","766","130","39","423","110","177","788","3155","0","0","0","0","0","-61900","5","-100.00","2957","0","262","0","0","","0","0","0","","",""
"080029","0003","0","62800","62900","63000","63100","63200","63300","63400","63500","63600","63700","62400","62200","62100","62000","61900","61800","61700","61600","61500","61300","193","13","339","12","55","7","148","8","1","206","158","35","430","266","779","766","130","39","423","110","982","3136","0","0","0","0","0","-61900","5","-100.00","2969","194","-19","0","0","","0","0","0","","",""
"080030","0000","0","62800","62900","63000","63100","63200","63300","63400","63500","63600","63700","62400","62200","62100","62000","61900","61800","61700","61600","61500","61300","193","13","339","12","55","7","148","8","1","206","160","35","430","266","779","766","130","39","423","110","982","3138","0","0","0","0","0","-61900","5","-100.00","2969","0","2","0","0","","0","0","0","","",""
"080030","0001","0","62800","62900","63000","63100","63200","63300","63400","63500","63600","63700","62400","62200","62100","62000","61900","61800","61700","61600","61500","61300","193","13","339","12","55","8","399","8","1","206","160","35","430","266","779","766","130","39","423","110","1234","3138","0","0","0","0","0","-61900","5","-100.00","2969","1","0","0","0","","0","0","0","","",""
"080030","0002","0","62800","62900","63000","63100","63200","63300","63400","63500","63600","63700","62400","62200","62100","62000","61900","61800","61700","61600","61500","61300","190","13","339","12","55","8","399","8","1","206","160","35","430","266","820","766","130","39","523","110","1231","3279","0","0","0","0","0","-61900","5","-100.00","2972","-3","41","0","0","","0","0","0","","",""
"080031","0000","0","62800","62900","63000","63100","63200","63300","63400","63500","63600","63700","62400","62200","62100","62000","61900","61800","61700","61600","61500","61300","190","13","339","12","55","8","399","8","5","206","180","35","430","266","820","766","130","39","523","110","1235","3299","0","0","0","0","0","-61900","5","-100.00","2972","4","20","0","0","","0","0","0","","",""
"080031","0001","0","62800","62900","63000","63100","63200","63300","63400","63500","63600","63700","62400","62200","62100","62000","61900","61800","61700","61600","61500","61300","190","13","339","12","55","8","399","8","5","206","180","35","430","268","820","766","130","39","1032","110","1235","3810","0","0","0","0","0","-61900","5","-100.00","2972","0","2","0","0","","0","0","0","","",""
"080031","0002","0","62800","62900","63000","63100","63200","63300","63400","63500","63600","63700","62400","62200","62100","62000","61900","61800","61700","61600","61500","61300","190","13","339","12","55","8","399","8","5","206","180","35","430","268","659","766","130","39","1032","110","1235","3649","0","0","0","0","0","-61900","5","-100.00","2972","0","-161","0","0","","0","0","0","","",""
"080031","0003","0","62800","62900","63000","63100","63200","63300","63400","63500","63600","63700","62400","62200","62100","62000","61900","61800","61700","61600","61500","61300","190","13","341","12","55","8","399","8","5","206","180","35","430","268","659","766","130","39","1032","110","1237","3649","0","0","0","0","0","-61900","5","-100.00","2972","2","0","0","0","","0","0","0","","",""
"080031","0004","0","62700","62800","62900","63000","63100","63200","63300","63400","63500","63600","62400","62200","62100","62000","61900","61800","61700","61600","61500","61300","5","190","13","341","12","55","8","399","8","5","182","35","430","268","659","766","130","39","1032","110","1036","3651","0","0","0","0","0","-61900","5","-100.00","2972","0","2","0","0","","0","0","0","","",""
"080032","0000","0","62700","62800","62900","63000","63100","63200","63300","63400","63500","63600","62400","62200","62100","62000","61900","61800","61700","61600","61500","61300","3","190","13","341","12","55","8","399","8","5","182","86","430","268","659","766","130","39","1032","110","1034","3702","0","0","0","0","0","-61900","5","-100.00","2974","-2","51","0","0","","0","0","0","","",""
"080032","0001","0","62700","62800","62900","63000","63100","63200","63300","63400","63500","63600","62400","62200","62100","62000","61900","61800","61700","61600","61500","61300","3","192","13","341","12","55","8","399","8","5","182","86","430","288","659","766","130","39","1032","110","1036","3722","0","0","0","0","0","-61900","5","-100.00","2974","0","20","0","0","","0","0","0","","",""
"080032","0002","0","62700","62800","62900","63000","63100","63200","63300","63400","63500","63600","62400","62200","62100","62000","61900","61800","61700","61600","61500","61300","3","192","14","341","12","55","8","399","8","5","182","86","430","288","659","766","130","39","1032","110","1037","3722","0","0","0","0","0","-61900","5","-100.00","2974","1","0","0","0","","0","0","0","","",""
"080032","0003","0","62800","62900","63000","63100","63200","63300","63400","63500","63600","63700","62400","62200","62100","62000","61900","61800","61700","61600","61500","61300","190","14","341","12","55","8","399","8","5","206","182","86","430","288","659","766","130","39","1032","110","1238","3722","0","0","0","0","0","-61900","5","-100.00","2979","201","0","0","0","","0","0","0","","",""
"080032","0004","0","62800","62900","63000","63100","63200","63300","63400","63500","63600","63700","62400","62200","62100","62000","61900","61800","61700","61600","61500","61300","200","14","341","12","55","108","399","8","5","206","182","86","430","288","660","766","130","39","1032","110","1348","3723","0","0","0","0","0","-61900","5","-100.00","2979","110","1","0","0","","0","0","0","","",""
"080033","0000","0","62800","62900","63000","63100","63200","63300","63400","63500","63600","63700","62400","62200","62100","62000","61900","61800","61700","61600","61500","61300","200","34","341","12","65","108","399","8","5","206","184","86","430","288","660","766","130","39","1032","110","1378","3725","0","0","0","0","0","-61900","5","-100.00","2979","30","2","0","0","","0","0","0","","",""
"080033","0001","0","62700","62800","62900","63000","63100","63200","63300","63400","63500","63600","62400","62200","62100","62000","61900","61800","61700","61600","61500","61300","10","195","34","341","12","65","108","399","8","5","187","86","430","288","660","766","130","39","1032","110","1177","3728","0","0","0","0","0","-61900","5","-100.00","2984","-201","3","0","0","","0","0","0","","",""
"080033","0002","0","62700","62800","62900","63000","63100","63200","63300","63400","63500","63600","62400","62200","62100","62000","61900","61800","61700","61600","61500","61300","510","195","34","341","12","65","108","399","8","5","187","86","430","288","660","766","130","39","1032","110","1677","3728","0","0","0","0","0","-61900","5","-100.00","2984","500","0","0","0","","0","0","0","","",""
"080034","0000","0","62700","62800","62900","63000","63100","63200","63300","63400","63500","63600","62400","62200","62100","62000","61900","61800","61700","61600","61500","61300","510","195","34","341","12","65","108","399","8","5","188","86","432","288","660","766","310","39","1032","110","1677","3911","0","0","0","0","0","-61900","5","-100.00","2984","0","180","0","0","","0","0","0","","",""
"080034","0001","0","62700","62800","62900","63000","63100","63200","63300","63400","63500","63600","62400","62200","62100","62000","61900","61800","61700","61600","61500","61300","510","195","34","341","12","65","108","399","8","5","188","86","432","388","660","766","310","39","1032","110","1677","4011","0","0","0","0","0","-61900","5","-100.00","2984","0","100","0","0","","0","0","0","","",""
"080034","0002","0","62400","62700","62800","62900","63000","63100","63200","63300","63400","63500","62200","62100","62000","61900","61800","61700","61600","61500","61300","61200","2","510","195","34","341","12","65","108","399","8","86","432","388","660","766","310","39","1032","110","177","1674","4000","0","0","0","0","0","-61900","5","-100.00","3208","-3","-11","0","0","","0","0","0","","",""
"080035","0000","0","62700","62800","62900","63000","63100","63200","63300","63400","63500","63600","62500","62200","62100","62000","61900","61800","61700","61600","61500","61300","509","195","34","341","12","65","108","599","8","5","98","286","432","388","660","766","310","39","1032","110","1876","4121","0","0","0","0","0","-61900","5","-100.00","3211","199","200","0","0","","0","0","0","","",""
"080035","0001","0","62700","62800","62900","63000","63100","63200","63300","63400","63500","63600","62500","62200","62100","62000","61900","61800","61700","61600","61500","61300","509","195","34","341","12","65","108","599","8","5","98","286","432","388","660","766","310","39","1032","110","1876","4121","0","0","0","0","0","-61900","5","-100.00","3211","0","0","0","0","","0","0","0","","",""
"080035","0002","0","62700","62800","62900","63000","63100","63200","63300","63400","63500","63600","62500","62200","62100","62000","61900","61800","61700","61600","61500","61300","509","195","34","341","12","65","108","599","8","5","98","286","432","390","660","766","310","39","1032","110","1876","4123","0","0","0","0","0","-61900","5","-100.00","3211","0","2","0","0","","0","0","0","","",""
"080035","0003","0","62700","62800","62900","63000","63100","63200","63300","63400","63500","63600","62500","62200","62100","62000","61900","61800","61700","61600","61500","61300","509","195","34","342","12","65","108","599","8","5","98","286","432","390","665","766","310","39","1032","110","1877","4128","0","0","0","0","0","-61900","5","-100.00","3211","1","5","0","0","","0","0","0","","",""
"080035","0004","0","62700","62800","62900","63000","63100","63200","63300","63400","63500","63600","62500","62200","62100","62000","61900","61800","61700","61600","61500","61300","506","195","34","342","13","65","108","599","8","5","98","286","432","390","665","766","310","39","1032","110","1875","4128","0","0","0","0","0","-61900","5","-100.00","3214","-2","0","0","0","","0","0","0","","",""
"080036","0000","0","62600","62700","62800","62900","63000","63100","63200","63300","63400","63500","62500","62200","62100","62000","61900","61800","61700","61600","61500","61300","20","506","195","35","342","13","65","108","599","8","98","286","432","391","665","766","310","39","1042","110","1891","4139","0","0","0","0","0","-61900","5","-100.00","3214","16","11","0","0","","0","0","0","","",""
"080036","0001","0","62600","62700","62800","62900","63000","63100","63200","63300","63400","63500","62500","62200","62100","62000","61900","61800","61700","61600","61500","61300","20","506","195","35","342","13","65","108","599","8","98","286","432","421","667","766","310","39","1042","110","1891","4171","0","0","0","0","0","-61900","5","-100.00","3214","0","32","0","0","","0","0","0","","",""
"080036","0002","0","62700","62800","62900","63000","63100","63200","63300","63400","63500","63600","62600","62500","62400","62200","62100","62000","61900","61800","61700","61600","507","195","35","342","13","65","108","599","8","5","20","98","150","286","282","421","667","766","310","39","1877","3039","0","0","0","0","0","-61900","5","-100.00","3234","-14","-1132","0","0","","0","0","0","","",""
"080036","0003","0","62700","62800","62900","63000","63100","63200","63300","63400","63500","63600","62600","62500","62400","62200","62100","62000","61900","61800","61700","61600","507","195","35","342","13","65","108","599","8","5","20","98","150","338","282","421","667","766","310","39","1877","3091","0","0","0","0","0","-61900","5","-100.00","3234","0","52","0","0","","0","0","0","","",""
"080037","0000","0","62700","62800","62900","63000","63100","63200","63300","63400","63500","63600","62600","62500","62400","62200","62100","62000","61900","61800","61700","61600","477","195","35","342","13","65","108","599","8","5","20","98","200","338","282","421","667","766","310","39","1847","3141","0","0","0","0","0","-61900","5","-100.00","3264","0","50","0","0","","0","0","0","","",""
"080037","0001","0","62700","62800","62900","63000","63100","63200","63300","63400","63500","63600","62600","62500","62400","62200","62100","62000","61900","61800","61700","61600","477","195","35","342","13","65","108","601","8","5","20","98","200","338","282","421","667","766","310","39","1849","3141","0","0","0","0","0","-61900","5","-100.00","3264","2","0","0","0","","0","0","0","","",""
"080037","0002","0","62700","62800","62900","63000","63100","63200","63300","63400","63500","63600","62600","62500","62400","62200","62100","62000","61900","61800","61700","61600","477","195","35","342","13","65","108","601","8","5","20","98","300","338","282","421","667","766","310","39","1849","3241","0","0","0","0","0","-61900","5","-100.00","3264","0","100","0","0","","0","0","0","","",""
"080037","0003","0","62700","62800","62900","63000","63100","63200","63300","63400","63500","63600","62600","62500","62400","62200","62100","62000","61900","61800","61700","61600","477","245","35","342","13","65","108","601","8","5","20","98","350","338","282","421","667","786","310","39","1899","3311","0","0","0","0","0","-61900","5","-100.00","3264","0","20","0","0","","0","0","0","","",""
"080037","0004","0","62700","62800","62900","63000","63100","63200","63300","63400","63500","63600","62600","62500","62400","62200","62100","62000","61900","61800","61700","61600","477","245","35","342","13","65","118","601","8","5","20","108","350","338","282","421","667","786","310","39","1909","3321","0","0","0","0","0","-61900","5","-100.00","3264","10","10","0","0","","0","0","0","","",""
"080038","0000","0","62700","62800","62900","63000","63100","63200","63300","63400","63500","63600","62600","62500","62400","62200","62100","62000","61900","61800","61700","61600","477","245","35","342","13","65","118","601","8","5","20","108","350","338","282","421","667","786","510","39","1909","3521","0","0","0","0","0","-61900","5","-100.00","3264","0","200","0","0","","0","0","0","","",""
"080038","0001","0","62700","62800","62900","63000","63100","63200","63300","63400","63500","63600","62600","62500","62400","62200","62100","62000","61900","61800","61700","61600","477","245","35","342","13","65","118","601","8","5","20","128","350","338","282","421","667","786","510","39","1909","3541","0","0","0","0","0","-61900","5","-100.00","3264","0","20","0","0","","0","0","0","","",""
"080038","0002","0","62700","62800","62900","63000","63100","63200","63300","63400","63500","63600","62600","62500","62400","62200","62100","62000","61900","61800","61700","61600","487","245","35","342","13","65","118","601","8","5","20","128","350","338","282","421","667","786","510","39","1919","3541","0","0","0","0","0","-61900","5","-100.00","3264","10","0","0","0","","0","0","0","","",""
"080038","0003","0","62700","62800","62900","63000","63100","63200","63300","63400","63500","63600","62600","62500","62400","62200","62100","62000","61900","61800","61700","61600","486","245","35","342","13","65","118","601","8","5","2","128","350","338","282","421","667","786","510","39","1918","3523","0","0","0","0","0","-61900","5","-100.00","3283","-1","-18","0","0","","0","0","0","","",""
"080039","0000","0","62700","62800","62900","63000","63100","63200","63300","63400","63500","63600","62600","62500","62400","62300","62200","62100","62000","61900","61800","61700","486","245","80","342","13","65","118","601","8","5","2","128","350","58","338","282","421","667","786","510","1963","3542","0","0","0","0","0","-61900","5","-100.00","3283","45","19","0","0","","0","0","0","","",""
"080039","0001","0","62700","62800","62900","63000","63100","63200","63300","63400","63500","63600","62600","62500","62400","62300","62200","62100","62000","61900","61800","61700","486","246","80","342","13","65","119","601","8","5","4","128","350","58","338","282","921","667","786","510","1965","4044","0","0","0","0","0","-61900","5","-100.00","3283","1","500","0","0","","0","0","0","","",""
"080039","0002","0","62700","62800","62900","63000","63100","63200","63300","63400","63500","63600","62600","62500","62400","62300","62200","62100","62000","61900","61800","61700","486","246","100","342","13","65","119","601","8","5","4","128","350","58","338","282","921","667","786","510","1985","4044","0","0","0","0","0","-61900","5","-100.00","3283","20","0","0","0","","0","0","0","","",""
"080039","0003","0","62700","62800","62900","63000","63100","63200","63300","63400","63500","63600","62600","62500","62400","62300","62200","62100","62000","61900","61800","61700","486","246","100","342","13","65","119","601","8","5","9","128","350","58","338","282","921","667","786","510","1985","4049","0","0","0","0","0","-61900","5","-100.00","3283","0","5","0","0","","0","0","0","","",""
"080040","0000","0","62700","62800","62900","63000","63100","63200","63300","63400","63500","63600","62600","62500","62400","62300","62200","62100","62000","61900","61800","61700","536","246","100","342","13","65","119","601","8","5","9","128","350","58","338","282","921","667","786","510","2035","4049","0","0","0","0","0","-61900","5","-100.00","3283","50","0","0","0","","0","0","0","","",""
"080040","0001","0","62700","62800","62900","63000","63100","63200","63300","63400","63500","63600","62600","62500","62400","62300","62200","62100","62000","61900","61800","61700","536","246","100","342","13","65","119","601","8","5","9","128","350","58","338","283","921","667","786","510","2035","4050","0","0","0","0","0","-61900","5","-100.00","3283","0","1","0","0","","0","0","0","","",""
"080040","0002","0","62700","62800","62900","63000","63100","63200","63300","63400","63500","63600","62600","62500","62400","62300","62200","62100","62000","61900","61800","61700","536","346","100","342","13","65","119","601","8","5","209","128","350","58","338","283","921","667","786","510","2135","4250","0","0","0","0","0","-61900","5","-100.00","3283","0","200","0","0","","0","0","0","","",""
"080041","0000","0","62700","62800","62900","63000","63100","63200","63300","63400","63500","63600","62600","62500","62400","62300","62200","62100","62000","61900","61800","61700","536","346","100","342","13","65","119","601","8","5","209","130","350","58","368","283","921","667","786","610","2135","4382","0","0","0","0","0","-61900","5","-100.00","3283","0","30","0","0","","0","0","0","","",""
"080041","0001","0","62700","62800","62900","63000","63100","63200","63300","63400","63500","63600","62600","62500","62400","62300","62200","62100","62000","61900","61800","61700","536","346","101","342","13","65","119","601","8","5","209","130","350","58","368","283","921","672","786","610","2136","4387","0","0","0","0","0","-61900","5","-100.00","3283","1","5","0","0","","0","0","0","","",""
"080042","0000","0","62700","62800","62900","63000","63100","63200","63300","63400","63500","63600","62600","62500","62400","62300","62200","62100","62000","61900","61800","61700","526","346","101","342","16","65","119","601","508","5","209","130","350","58","368","283","921","672","786","610","2629","4387","0","0","0","0","0","-61900","5","-100.00","3293","493","0","0","0","","0","0","0","","",""
"080042","0001","0","62700","62800","62900","63000","63100","63200","63300","63400","63500","63600","62600","62500","62400","62300","62200","62100","62000","61900","61800","61700","526","359","101","342","16","65","119","601","508","5","209","130","350","58","368","283","921","672","786","610","2642","4387","0","0","0","0","0","-61900","5","-100.00","3293","13","0","0","0","","0","0","0","","",""
"080042","0002","0","62700","62800","62900","63000","63100","63200","63300","63400","63500","63600","62600","62500","62400","62300","62200","62100","62000","61900","61800","61700","526","359","101","342","16","65","119","601","508","5","214","130","425","58","368","283","921","672","786","610","2642","4467","0","0","0","0","0","-61900","5","-100.00","3293","0","75","0","0","","0","0","0","","",""
"080042","0003","0","62700","62800","62900","63000","63100","63200","63300","63400","63500","63600","62600","62500","62400","62300","62200","62100","62000","61900","61800","61700","526","359","101","342","16","65","119","601","508","5","214","130","525","88","368","283","891","672","786","610","2642","4567","0","0","0","0","0","-61900","5","-100.00","3293","0","100","0","0","","0","0","0","","",""
"080043","0000","0","62800","62900","63000","63100","63200","63300","63400","63500","63600","63700","62600","62500","62400","62300","62200","62100","62000","61900","61800","61700","359","101","342","16","65","119","651","508","5","226","214","131","525","88","369","283","891","672","786","610","2392","4569","0","0","0","0","0","-61900","5","-100.00","3819","-300","0","0","0","","0","0","0","","",""
"080043","0001","0","62800","62900","63000","63100","63200","63300","63400","63500","63600","63700","62600","62500","62400","62300","62200","62100","62000","61900","61800","61700","359","101","342","16","65","119","661","508","8","226","314","131","525","88","376","283","891","672","786","610","2405","4676","0","0","0","0","0","-61900","5","-100.00","3819","10","107","0","0","","0","0","0","","",""
"080043","0002","0","62800","62900","63000","63100","63200","63300","63400","63500","63600","63700","62600","62500","62400","62300","62200","62100","62000","61900","61800","61700","359","101","343","16","65","119","661","508","8","226","314","131","525","88","376","283","891","672","786","610","2406","4676","0","0","0","0","0","-61900","5","-100.00","3819","1","0","0","0","","0","0","0","","",""
"080043","0003","0","62800","62900","63000","63100","63200","63300","63400","63500","63600","63700","62600","62500","62400","62300","62200","62100","62000","61900","61800","61700","359","101","343","16","65","119","664","508","8","229","314","131","525","88","376","383","901","672","786","610","2412","4786","0","0","0","0","0","-61900","5","-100.00","3819","6","110","0","0","","0","0","0","","",""
"080043","0004","0","62800","62900","63000","63100","63200","63300","63400","63500","63600","63700","62700","62600","62500","62400","62300","62200","62100","62000","61900","61800","359","101","343","16","65","119","664","508","8","229","3","464","131","375","88","353","383","901","672","786","2412","4156","0","0","0","0","0","-61900","5","-100.00","3820","0","-630","0","0","","0","0","0","","",""
"080044","0000","0","62800","62900","63000","63100","63200","63300","63400","63500","63600","63700","62700","62600","62500","62400","62300","62200","62100","62000","61900","61800","369","101","352","16","65","119","664","508","8","229","3","464","131","375","88","353","383","951","672","786","2431","4206","0","0","0","0","0","-61900","5","-100.00","3820","0","50","0","0","","0","0","0","","",""
"080044","0001","0","62800","62900","63000","63100","63200","63300","63400","63500","63600","63700","62700","62600","62500","62400","62300","62200","62100","62000","61900","61800","369","101","372","16","65","119","664","508","8","229","3","464","131","380","88","353","383","951","672","786","2451","4211","0","0","0","0","0","-61900","5","-100.00","3820","20","5","0","0","","0","0","0","","",""
"080045","0000","0","62800","62900","63000","63100","63200","63300","63400","63500","63600","63700","62600","62500","62400","62300","62200","62100","62000","61900","61800","61700","369","101","372","16","65","119","664","508","8","229","464","131","380","88","353","383","951","672","786","610","2451","4818","0","0","0","0","0","-61900","5","-100.00","3825","0","607","0","0","","0","0","0","","",""
"080045","0001","0","62800","62900","63000","63100","63200","63300","63400","63500","63600","63700","62600","62500","62400","62300","62200","62100","62000","61900","61800","61700","369","101","372","66","65","119","664","508","8","229","464","131","380","88","353","383","951","672","786","610","2501","4818","0","0","0","0","0","-61900","5","-100.00","3825","50","0","0","0","","0","0","0","","",""
"080045","0002","0","62800","62900","63000","63100","63200","63300","63400","63500","63600","63700","62700","62600","62500","62400","62300","62200","62100","62000","61900","61800","369","101","372","66","65","119","664","508","8","229","50","464","131","385","88","353","383","951","672","786","2501","4263","0","0","0","0","0","-61900","5","-100.00","3825","0","-555","0","0","","0","0","0","","",""
"080045","0003","0","62800","62900","63000","63100","63200","63300","63400","63500","63600","63700","62700","62600","62500","62400","62300","62200","62100","62000","61900","61800","369","101","382","66","65","119","664","508","8","233","50","464","131","385","88","353","383","951","672","786","2515","4263","0","0","0","0","0","-61900","5","-100.00","3825","4","0","0","0","","0","0","0","","",""
"080045","0004","0","62800","62900","63000","63100","63200","63300","63400","63500","63600","63700","62700","62600","62500","62400","62300","62200","62100","62000","61900","61800","359","104","382","66","65","119","664","508","8","233","50","464","131","385","88","353","383","951","662","786","2508","4253","0","0","0","0","0","-61900","5","-100.00","3835","-7","-10","0","0","","0","0","0","","",""
"080046","0000","0","62800","62900","63000","63100","63200","63300","63400","63500","63600","63700","62700","62600","62500","62400","62300","62200","62100","62000","61900","61800","361","104","382","66","65","119","664","508","8","233","50","464","131","385","88","353","383","951","662","786","2510","4253","0","0","0","0","0","-61900","5","-100.00","3835","2","0","0","0","","0","0","0","","",""
"080046","0001","0","62800","62900","63000","63100","63200","63300","63400","63500","63600","63700","62600","62500","62400","62300","62200","62100","62000","61900","61800","61700","361","104","382","66","65","119","664","508","8","233","314","131","385","88","353","383","951","662","786","610","2510","4663","0","0","0","0","0","-61900","5","-100.00","4035","0","410","0","0","","0","0","0","","",""
"080046","0002","0","62800","62900","63000","63100","63200","63300","63400","63500","63600","63700","62600","62500","62400","62300","62200","62100","62000","61900","61800","61700","361","104","382","66","65","119","664","511","8","233","314","131","385","88","353","383","951","662","786","610","2513","4663","0","0","0","0","0","-61900","5","-100.00","4035","3","0","0","0","","0","0","0","","",""
"080046","0003","0","62800","62900","63000","63100","63200","63300","63400","63500","63600","63700","62600","62500","62400","62300","62200","62100","62000","61900","61800","61700","361","104","382","66","65","119","664","511","8","233","314","131","385","88","353","433","951","662","786","610","2513","4713","0","0","0","0","0","-61900","5","-100.00","4035","0","50","0","0","","0","0","0","","",""
"080047","0000","0","62800","62900","63000","63100","63200","63300","63400","63500","63600","63700","62600","62500","62400","62300","62200","62100","62000","61900","61800","61700","361","104","395","66","65","119","664","511","8","234","314","131","385","88","353","433","951","662","786","610","2527","4713","0","0","0","0","0","-61900","5","-100.00","4035","14","0","0","0","","0","0","0","","",""
"080047","0001","0","62800","62900","63000","63100","63200","63300","63400","63500","63600","63700","62600","62500","62400","62300","62200","62100","62000","61900","61800","61700","362","104","397","66","65","119","664","511","8","234","314","131","385","88","353","433","951","662","786","610","2530","4713","0","0","0","0","0","-61900","5","-100.00","4035","3","0","0","0","","0","0","0","","",""
"080047","0002","0","62800","62900","63000","63100","63200","63300","63400","63500","63600","63700","62600","62500","62400","62300","62200","62100","62000","61900","61800","61700","362","104","397","66","65","119","664","511","8","234","314","131","385","88","353","433","951","762","786","610","2530","4813","0","0","0","0","0","-61900","5","-100.00","4035","0","100","0","0","","0","0","0","","",""
"080047","0003","0","62800","62900","63000","63100","63200","63300","63400","63500","63600","63700","62700","62600","62500","62400","62300","62200","62100","62000","61900","61800","362","104","397","66","65","119","664","511","8","234","2","314","131","385","118","353","433","951","762","786","2530","4235","0","0","0","0","0","-61900","5","-100.00","4035","0","30","0","0","","0","0","0","","",""
"080048","0000","0","62800","62900","63000","63100","63200","63300","63400","63500","63600","63700","62700","62600","62500","62400","62300","62200","62100","62000","61900","61800","362","104","397","66","65","119","664","511","8","234","2","314","131","385","118","353","433","1111","762","786","2530","4395","0","0","0","0","0","-61900","5","-100.00","4035","0","160","0","0","","0","0","0","","",""
"080048","0001","0","62800","62900","63000","63100","63200","63300","63400","63500","63600","63700","62700","62600","62500","62400","62300","62200","62100","62000","61900","61800","362","104","397","66","65","119","664","511","8","234","2","314","131","385","118","353","433","1112","762","786","2530","4396","0","0","0","0","0","-61900","5","-100.00","4035","0","1","0","0","","0","0","0","","",""
"080048","0002","0","62800","62900","63000","63100","63200","63300","63400","63500","63600","63700","62700","62600","62500","62400","62300","62200","62100","62000","61900","61800","361","104","397","66","65","119","664","511","8","234","2","314","131","385","118","353","433","1112","762","786","2529","4396","0","0","0","0","0","-61900","5","-100.00","4036","-1","0","0","0","","0","0","0","","",""
"080048","0003","0","62800","62900","63000","63100","63200","63300","63400","63500","63600","63700","62700","62600","62500","62400","62300","62200","62100","62000","61900","61800","361","104","397","66","65","119","664","511","8","234","2","324","131","385","118","353","433","1112","762","786","2529","4406","0","0","0","0","0","-61900","5","-100.00","4036","0","10","0","0","","0","0","0","","",""
"080048","0004","0","62800","62900","63000","63100","63200","63300","63400","63500","63600","63700","62700","62600","62500","62400","62300","62200","62100","62000","61900","61800","361","104","397","66","65","119","664","511","8","234","2","374","131","385","88","353","413","1112","762","786","2529","4406","0","0","0","0","0","-61900","5","-100.00","4036","0","0","0","0","","0","0","0","","",""
"080049","0000","0","62800","62900","63000","63100","63200","63300","63400","63500","63600","63700","62700","62600","62500","62400","62300","62200","62100","62000","61900","61800","361","104","397","66","65","119","664","511","8","234","2","374","131","385","89","353","413","1112","762","786","2529","4407","0","0","0","0","0","-61900","5","-100.00","4036","0","1","0","0","","0","0","0","","",""
"080049","0001","0","62800","62900","63000","63100","63200","63300","63400","63500","63600","63700","62700","62600","62500","62400","62300","62200","62100","62000","61900","61800","361","104","397","66","65","119","664","514","8","234","2","374","131","385","89","323","413","1112","762","786","2532","4377","0","0","0","0","0","-61900","5","-100.00","4036","3","-30","0","0","","0","0","0","","",""
"080049","0002","0","62800","62900","63000","63100","63200","63300","63400","63500","63600","63700","62700","62600","62500","62400","62300","62200","62100","62000","61900","61800","361","104","397","66","65","119","664","514","8","234","7","374","131","385","89","323","413","1112","762","786","2532","4382","0","0","0","0","0","-61900","5","-100.00","4036","0","5","0","0","","0","0","0","","",""
"080049","0003","0","62800","62900","63000","63100","63200","63300","63400","63500","63600","63700","62700","62600","62500","62400","62300","62200","62100","62000","61900","61800","361","109","397","66","65","119","664","514","8","234","7","374","131","385","89","323","413","1112","762","786","2537","4382","0","0","0","0","0","-61900","5","-100.00","4036","5","0","0","0","","0","0","0","","",""
"080050","0000","0","62800","62900","63000","63100","63200","63300","63400","63500","63600","63700","62700","62600","62500","62400","62300","62200","62100","62000","61900","61800","361","109","397","66","65","119","664","514","8","234","7","374","162","385","89","323","413","1112","762","786","2537","4413","0","0","0","0","0","-61900","5","-100.00","4036","0","31","0","0","","0","0","0","","",""
"080050","0001","0","62800","62900","63000","63100","63200","63300","63400","63500","63600","63700","62700","62600","62500","62400","62300","62200","62100","62000","61900","61800","361","109","398","66","65","119","664","514","8","234","7","374","162","385","89","323","413","1112","762","786","2538","4413","0","0","0","0","0","-61900","5","-100.00","4036","1","0","0","0","","0","0","0","","",""
"080050","0002","0","62900","63000","63100","63200","63300","63400","63500","63600","63700","63800","62700","62600","62500","62400","62300","62200","62100","62000","61900","61800","119","398","66","65","119","664","514","8","234","739","7","374","162","385","89","323","413","1112","762","798","2926","4425","0","0","0","0","0","-61900","5","-100.00","4397","378","0","0","0","","0","0","0","","",""
"080050","0003","0","62900","63000","63100","63200","63300","63400","63500","63600","63700","63800","62700","62600","62500","62400","62300","62200","62100","62000","61900","61800","119","398","66","65","119","664","514","8","234","739","6","374","162","385","89","323","413","1112","762","798","2926","4424","0","0","0","0","0","-61900","5","-100.00","4398","0","-1","0","0","","0","0","0","","",""
"080051","0000","0","62900","63000","63100","63200","63300","63400","63500","63600","63700","63800","62700","62600","62500","62400","62300","62200","62100","62000","61900","61800","119","398","66","65","119","664","514","8","234","739","86","374","162","385","89","323","413","1112","762","798","2926","4504","0","0","0","0","0","-61900","5","-100.00","4398","0","80","0","0","","0","0","0","","",""
"080051","0001","0","62900","63000","63100","63200","63300","63400","63500","63600","63700","63800","62700","62600","62500","62400","62300","62200","62100","62000","61900","61800","119","398","66","65","119","664","514","8","234","739","86","412","162","385","89","323","423","1112","762","818","2926","4572","0","0","0","0","0","-61900","5","-100.00","4398","0","68","0","0","","0","0","0","","",""
"080051","0002","0","62900","63000","63100","63200","63300","63400","63500","63600","63700","63800","62700","62600","62500","62400","62300","62200","62100","62000","61900","61800","119","398","66","65","119","664","514","8","234","739","86","412","162","385","89","323","428","1112","762","818","2926","4577","0","0","0","0","0","-61900","5","-100.00","4398","0","5","0","0","","0","0","0","","",""
"080051","0003","0","62900","63000","63100","63200","63300","63400","63500","63600","63700","63800","62700","62600","62500","62400","62300","62200","62100","62000","61900","61800","119","398","66","65","119","664","514","8","250","739","96","412","162","391","89","323","428","1112","812","818","2942","4643","0","0","0","0","0","-61900","5","-100.00","4398","0","51","0","0","","0","0","0","","",""
"080052","0000","0","62900","63000","63100","63200","63300","63400","63500","63600","63700","63800","62800","62700","62600","62500","62400","62300","62200","62100","62000","61900","120","398","66","65","119","664","514","8","250","739","3","100","412","162","391","89","323","428","1117","807","2943","3832","0","0","0","0","0","-61900","5","-100.00","4418","1","0","0","0","","0","0","0","","",""
"080052","0001","0","62900","63000","63100","63200","63300","63400","63500","63600","63700","63800","62800","62700","62600","62500","62400","62300","62200","62100","62000","61900","120","398","66","65","119","664","514","8","250","759","3","100","412","162","391","89","323","428","1117","807","2963","3832","0","0","0","0","0","-61900","5","-100.00","4418","20","0","0","0","","0","0","0","","",""
"080053","0000","0","62900","63000","63100","63200","63300","63400","63500","63600","63700","63800","62800","62700","62600","62500","62400","62300","62200","62100","62000","61900","121","398","66","65","119","664","517","8","250","759","3","100","412","162","391","89","323","428","1117","807","2967","3832","0","0","0","0","0","-61900","5","-100.00","4418","3","0","0","0","","0","0","0","","",""
"080053","0001","0","62900","63000","63100","63200","63300","63400","63500","63600","63700","63800","62800","62700","62600","62500","62400","62300","62200","62100","62000","61900","121","398","66","65","119","664","517","8","250","759","3","100","412","162","391","89","323","428","1117","807","2967","3832","0","0","0","0","0","-61900","5","-100.00","4418","0","0","0","0","","0","0","0","","",""
"080053","0002","0","62900","63000","63100","63200","63300","63400","63500","63600","63700","63800","62800","62700","62600","62500","62400","62300","62200","62100","62000","61900","121","398","66","65","120","664","517","18","250","759","3","100","412","162","391","89","323","428","1117","807","2978","3832","0","0","0","0","0","-61900","5","-100.00","4418","11","0","0","0","","0","0","0","","",""
"080053","0003","0","62900","63000","63100","63200","63300","63400","63500","63600","63700","63800","62800","62700","62600","62500","62400","62300","62200","62100","62000","61900","121","398","66","65","120","664","517","18","250","759","3","100","412","162","391","89","323","428","1117","807","2978","3832","0","0","0","0","0","-61900","5","-100.00","4418","0","0","0","0","","0","0","0","","",""
"080054","0000","0","63000","63100","63200","63300","63400","63500","63600","63700","63800","63900","62800","62700","62600","62500","62400","62300","62200","62100","62000","61900","362","66","65","120","664","527","18","250","759","79","3","250","262","162","391","89","323","428","1117","807","2910","3832","0","0","0","0","0","-61900","5","-100.00","4575","-78","0","0","0","","0","0","0","","",""
"080054","0001","0","63000","63100","63200","63300","63400","63500","63600","63700","63800","63900","62800","62700","62600","62500","62400","62300","62200","62100","62000","61900","362","66","65","120","664","527","18","250","759","79","3","250","252","162","391","89","323","428","1117","807","2910","3822","0","0","0","0","0","-61900","5","-100.00","4575","0","-10","0","0","","0","0","0","","",""
"080054","0002","0","63000","63100","63200","63300","63400","63500","63600","63700","63800","63900","62700","62600","62500","62400","62300","62200","62100","62000","61900","61800","362","66","65","120","664","527","18","250","759","79","250","252","162","391","89","323","458","1117","807","828","2910","4677","0","0","0","0","0","-61900","5","-100.00","4875","0","855","0","0","","0","0","0","","",""
"080054","0003","0","63000","63100","63200","63300","63400","63500","63600","63700","63800","63900","62700","62600","62500","62400","62300","62200","62100","62000","61900","61800","362","86","65","120","664","527","18","250","759","79","250","252","162","391","111","323","458","1117","807","828","2930","4699","0","0","0","0","0","-61900","5","-100.00","4875","20","20","0","0","","0","0","0","","",""
"080055","0000","0","63000","63100","63200","63300","63400","63500","63600","63700","63800","63900","62800","62700","62600","62500","62400","62300","62200","62100","62000","61900","362","86","65","120","664","527","18","250","759","79","4","252","252","162","391","111","323","458","1117","807","2930","3877","0","0","0","0","0","-61900","5","-100.00","4875","0","-822","0","0","","0","0","0","","",""
"080055","0001","0","63000","63100","63200","63300","63400","63500","63600","63700","63800","63900","62800","62700","62600","62500","62400","62300","62200","62100","62000","61900","362","86","65","120","664","527","18","250","759","79","9","247","252","162","391","111","323","458","1117","807","2930","3877","0","0","0","0","0","-61900","5","-100.00","4875","0","0","0","0","","0","0","0","","",""
"080055","0002","0","63000","63100","63200","63300","63400","63500","63600","63700","63800","63900","62800","62700","62600","62500","62400","62300","62200","62100","62000","61900","362","86","65","120","664","527","18","250","759","79","9","247","252","162","341","111","323","458","1167","807","2930","3877","0","0","0","0","0","-61900","5","-100.00","4875","0","0","0","0","","0","0","0","","",""
"080055","0003","0","63000","63100","63200","63300","63400","63500","63600","63700","63800","63900","62800","62700","62600","62500","62400","62300","62200","62100","62000","61900","362","86","65","120","664","527","19","250","759","79","9","247","252","162","341","111","323","458","1167","807","2931","3877","0","0","0","0","0","-61900","5","-100.00","4875","1","0","0","0","","0","0","0","","",""
"080056","0000","0","63000","63100","63200","63300","63400","63500","63600","63700","63800","63900","62800","62700","62600","62500","62400","62300","62200","62100","62000","61900","362","86","65","120","664","527","19","250","759","79","9","247","252","163","341","111","323","458","1167","807","2931","3878","0","0","0","0","0","-61900","5","-100.00","4875","0","1","0","0","","0","0","0","","",""
"080056","0001","0","63000","63100","63200","63300","63400","63500","63600","63700","63800","63900","62800","62700","62600","62500","62400","62300","62200","62100","62000","61900","377","86","65","120","664","527","19","250","759","79","9","247","252","163","341","111","323","458","1167","807","2946","3878","0","0","0","0","0","-61900","5","-100.00","4875","15","0","0","0","","0","0","0","","",""
"080056","0002","0","63000","63100","63200","63300","63400","63500","63600","63700","63800","63900","62800","62700","62600","62500","62400","62300","62200","62100","62000","61900","377","86","65","120","664","527","19","250","759","79","9","247","252","163","341","111","323","458","1167","809","2946","3880","0","0","0","0","0","-61900","5","-100.00","4875","0","2","0","0","","0","0","0","","",""
"080056","0003","0","63000","63100","63200","63300","63400","63500","63600","63700","63800","63900","62800","62700","62600","62500","62400","62300","62200","62100","62000","61900","377","86","65","120","664","529","19","250","759","79","1","206","252","163","341","111","323","458","1167","809","2948","3831","0","0","0","0","0","-61900","5","-100.00","4925","2","0","0","0","","0","0","0","","",""
"080057","0000","0","63000","63100","63200","63300","63400","63500","63600","63700","63800","63900","62800","62700","62600","62500","62400","62300","62200","62100","62000","61900","377","86","65","120","664","529","19","250","759","79","7","206","252","163","341","111","323","458","1167","809","2948","3837","0","0","0","0","0","-61900","5","-100.00","4925","0","6","0","0","","0","0","0","","",""
"080057","0001","0","63000","63100","63200","63300","63400","63500","63600","63700","63800","63900","62800","62700","62600","62500","62400","62300","62200","62100","62000","61900","377","86","65","120","664","529","19","250","759","79","8","206","252","163","341","111","323","458","1167","809","2948","3838","0","0","0","0","0","-61900","5","-100.00","4926","0","1","0","0","","0","0","0","","",""
"080057","0002","0","63000","63100","63200","63300","63400","63500","63600","63700","63800","63900","62800","62700","62600","62500","62400","62300","62200","62100","62000","61900","377","86","65","120","664","529","19","260","759","79","8","206","252","163","341","111","343","458","1167","809","2958","3858","0","0","0","0","0","-61900","5","-100.00","4926","10","20","0","0","","0","0","0","","",""
"080057","0003","0","63000","63100","63200","63300","63400","63500","63600","63700","63800","63900","62800","62700","62600","62500","62400","62300","62200","62100","62000","61900","377","86","65","120","664","529","19","260","769","79","8","206","302","163","341","111","343","458","1167","809","2968","3908","0","0","0","0","0","-61900","5","-100.00","4926","10","0","0","0","","0","0","0","","",""
"080058","0000","0","63000","63100","63200","63300","63400","63500","63600","63700","63800","63900","62800","62700","62600","62500","62400","62300","62200","62100","62000","61900","378","86","65","120","664","529","19","260","769","79","8","216","302","163","341","111","343","458","1167","809","2969","3918","0","0","0","0","0","-61900","5","-100.00","4926","1","10","0","0","","0","0","0","","",""
"080058","0001","0","62900","63000","63100","63200","63300","63400","63500","63600","63700","63800","62800","62700","62600","62500","62400","62300","62200","62100","62000","61900","13","378","86","65","120","664","529","19","260","769","8","216","303","213","341","111","343","458","1167","809","2903","3969","0","0","0","0","0","-61900","5","-100.00","4926","-66","51","0","0","","0","0","0","","",""
"080058","0002","0","62900","63000","63100","63200","63300","63400","63500","63600","63700","63800","62800","62700","62600","62500","62400","62300","62200","62100","62000","61900","13","378","86","65","120","664","529","24","260","769","8","216","303","213","341","111","343","458","1167","809","2908","3969","0","0","0","0","0","-61900","5","-100.00","4926","5","0","0","0","","0","0","0","","",""
"080058","0003","0","62900","63000","63100","63200","63300","63400","63500","63600","63700","63800","62700","62600","62500","62400","62300","62200","62100","62000","61900","61800","13","378","86","65","120","664","529","24","260","769","216","303","213","341","111","343","458","1167","809","828","2908","4789","0","0","0","0","0","-61900","5","-100.00","4936","0","820","0","0","","0","0","0","","",""
"080058","0004","0","62900","63000","63100","63200","63300","63400","63500","63600","63700","63800","62700","62600","62500","62400","62300","62200","62100","62000","61900","61800","13","378","86","65","120","684","529","24","260","769","216","304","213","341","111","343","478","1167","809","828","2928","4810","0","0","0","0","0","-61900","5","-100.00","4936","0","20","0","0","","0","0","0","","",""
"080059","0000","0","62900","63000","63100","63200","63300","63400","63500","63600","63700","63800","62800","62700","62600","62500","62400","62300","62200","62100","62000","61900","13","378","86","65","120","684","529","24","260","769","20","216","304","213","341","111","343","478","1167","809","2928","4002","0","0","0","0","0","-61900","5","-100.00","4936","0","-808","0","0","","0","0","0","","",""
"080059","0001","0","62900","63000","63100","63200","63300","63400","63500","63600","63700","63800","62800","62700","62600","62500","62400","62300","62200","62100","62000","61900","13","428","86","65","120","684","529","74","260","769","20","216","304","213","341","111","443","478","1167","809","3028","4102","0","0","0","0","0","-61900","5","-100.00","4936","100","100","0","0","","0","0","0","","",""
"080059","0002","0","62900","63000","63100","63200","63300","63400","63500","63600","63700","63800","62800","62700","62600","62500","62400","62300","62200","62100","62000","61900","13","428","86","65","120","684","539","74","260","769","20","291","304","213","266","111","443","478","1167","859","3038","4152","0","0","0","0","0","-61900","5","-100.00","4936","0","50","0","0","","0","0","0","","",""
"080100","0000","0","62900","63000","63100","63200","63300","63400","63500","63600","63700","63800","62800","62700","62600","62500","62400","62300","62200","62100","62000","61900","13","428","86","65","120","684","539","74","260","769","20","291","304","213","266","111","443","478","1187","859","3038","4172","0","0","0","0","0","-61900","5","-100.00","4936","0","20","0","0","","0","0","0","","",""
"080100","0001","0","62900","63000","63100","63200","63300","63400","63500","63600","63700","63800","62800","62700","62600","62500","62400","62300","62200","62100","62000","61900","13","428","86","65","120","684","539","74","260","769","20","301","304","213","266","111","443","478","1187","859","3038","4182","0","0","0","0","0","-61900","5","-100.00","4936","0","10","0","0","","0","0","0","","",""
"080100","0002","0","62900","63000","63100","63200","63300","63400","63500","63600","63700","63800","62700","62600","62500","62400","62300","62200","62100","62000","61900","61800","13","428","86","65","120","684","539","74","260","769","301","304","213","266","111","443","478","1187","859","828","3038","4990","0","0","0","0","0","-61900","5","-100.00","4956","0","808","0","0","","0","0","0","","",""
"080101","0000","0","62900","63000","63100","63200","63300","63400","63500","63600","63700","63800","62700","62600","62500","62400","62300","62200","62100","62000","61900","61800","13","428","86","65","131","684","539","74","260","769","301","304","213","266","111","443","478","1187","859","828","3049","4990","0","0","0","0","0","-61900","5","-100.00","4956","11","0","0","0","","0","0","0","","",""
"080101","0001","0","62800","62900","63000","63100","63200","63300","63400","63500","63600","63700","62700","62600","62500","62400","62300","62200","62100","62000","61900","61800","10","13","433","86","65","131","684","559","74","260","301","304","213","266","111","443","478","1187","879","828","2315","5010","0","0","0","0","0","-61900","5","-100.00","4956","-734","20","0","0","","0","0","0","","",""
"080101","0002","0","62800","62900","63000","63100","63200","63300","63400","63500","63600","63700","62700","62600","62500","62400","62300","62200","62100","62000","61900","61800","10","13","433","86","65","131","684","559","74","265","301","304","214","266","111","463","478","1187","879","828","2320","5031","0","0","0","0","0","-61900","5","-100.00","4956","5","21","0","0","","0","0","0","","",""
"080101","0003","0","62900","63000","63100","63200","63300","63400","63500","63600","63700","63800","62700","62600","62500","62400","62300","62200","62100","62000","61900","61800","13","433","86","65","131","684","559","74","265","769","361","304","214","266","111","463","478","1288","879","828","3079","5192","0","0","0","0","0","-61900","5","-100.00","4966","759","161","0","0","","0","0","0","","",""
"080102","0000","0","62900","63000","63100","63200","63300","63400","63500","63600","63700","63800","62800","62700","62600","62500","62400","62300","62200","62100","62000","61900","13","433","86","65","132","684","559","75","265","769","15","361","304","214","266","111","463","478","1288","879","3081","4379","0","0","0","0","0","-61900","5","-100.00","4966","1","-813","0","0","","0","0","0","","",""
"080102","0001","0","62900","63000","63100","63200","63300","63400","63500","63600","63700","63800","62800","62700","62600","62500","62400","62300","62200","62100","62000","61900","13","433","86","65","132","684","559","75","265","769","5","361","304","214","266","111","463","478","1288","879","3081","4369","0","0","0","0","0","-61900","5","-100.00","4976","0","-10","0","0","","0","0","0","","",""
"080102","0002","0","62900","63000","63100","63200","63300","63400","63500","63600","63700","63800","62800","62700","62600","62500","62400","62300","62200","62100","62000","61900","13","433","86","85","132","684","559","75","265","769","4","361","304","214","266","111","463","478","1288","879","3101","4368","0","0","0","0","0","-61900","5","-100.00","4977","20","0","0","0","","0","0","0","","",""
"080102","0003","0","62900","63000","63100","63200","63300","63400","63500","63600","63700","63800","62800","62700","62600","62500","62400","62300","62200","62100","62000","61900","13","433","86","85","132","684","559","75","265","769","4","391","314","212","266","111","463","478","1280","879","3101","4398","0","0","0","0","0","-61900","5","-100.00","4977","0","30","0","0","","0","0","0","","",""
"080102","0004","0","62900","63000","63100","63200","63300","63400","63500","63600","63700","63800","62800","62700","62600","62500","62400","62300","62200","62100","62000","61900","13","433","86","85","132","684","560","75","265","769","4","391","314","212","266","111","463","478","1280","879","3102","4398","0","0","0","0","0","-61900","5","-100.00","4977","1","0","0","0","","0","0","0","","",""
"080103","0000","0","62900","63000","63100","63200","63300","63400","63500","63600","63700","63800","62800","62700","62600","62500","62400","62300","62200","62100","62000","61900","13","433","86","85","132","684","560","75","265","769","4","392","314","214","266","111","463","478","1278","879","3102","4399","0","0","0","0","0","-61900","5","-100.00","4977","0","1","0","0","","0","0","0","","",""
"080103","0001","0","62900","63000","63100","63200","63300","63400","63500","63600","63700","63800","62800","62700","62600","62500","62400","62300","62200","62100","62000","61900","13","433","86","85","132","684","560","75","265","769","5","392","314","214","266","111","463","538","1278","879","3102","4460","0","0","0","0","0","-61900","5","-100.00","4977","0","61","0","0","","0","0","0","","",""
"080104","0000","0","63000","63100","63200","63300","63400","63500","63600","63700","63800","63900","62900","62800","62700","62600","62500","62400","62300","62200","62100","62000","433","86","85","132","684","560","75","265","769","279","35","5","392","314","214","266","112","463","538","1278","3368","3617","0","0","0","0","0","-61900","5","-100.00","4990","266","-844","0","0","","0","0","0","","",""
"080104","0001","0","63000","63100","63200","63300","63400","63500","63600","63700","63800","63900","62900","62800","62700","62600","62500","62400","62300","62200","62100","62000","433","86","85","132","684","560","75","265","769","279","35","10","392","314","214","266","112","463","538","1278","3368","3622","0","0","0","0","0","-61900","5","-100.00","4990","0","5","0","0","","0","0","0","","",""
"080104","0002","0","63000","63100","63200","63300","63400","63500","63600","63700","63800","63900","62900","62800","62700","62600","62500","62400","62300","62200","62100","62000","433","86","85","132","684","560","75","265","769","279","35","20","392","314","214","266","112","463","538","1278","3368","3632","0","0","0","0","0","-61900","5","-100.00","4990","0","10","0","0","","0","0","0","","",""
"080104","0003","0","63000","63100","63200","63300","63400","63500","63600","63700","63800","63900","62900","62800","62700","62600","62500","62400","62300","62200","62100","62000","433","86","85","132","684","560","75","265","769","279","5","20","392","314","214","266","112","463","538","1278","3368","3602","0","0","0","0","0","-61900","5","-100.00","5020","0","-30","0","0","","0","0","0","","",""
"080104","0004","0","63000","63100","63200","63300","63400","63500","63600","63700","63800","63900","62800","62700","62600","62500","62400","62300","62200","62100","62000","61900","418","86","85","132","684","560","75","265","770","279","20","392","314","214","266","54","463","538","1278","879","3354","4418","0","0","0","0","0","-61900","5","-100.00","5045","-14","816","0","0","","0","0","0","","",""
"080105","0000","0","63000","63100","63200","63300","63400","63500","63600","63700","63800","63900","62800","62700","62600","62500","62400","62300","62200","62100","62000","61900","418","86","85","133","684","560","75","265","770","279","20","392","314","214","266","54","463","538","1278","879","3355","4418","0","0","0","0","0","-61900","5","-100.00","5045","1","0","0","0","","0","0","0","","",""
"080105","0001","0","63000","63100","63200","63300","63400","63500","63600","63700","63800","63900","62800","62700","62600","62500","62400","62300","62200","62100","62000","61900","418","86","85","133","684","560","75","265","778","279","20","392","316","214","266","54","463","538","1278","879","3363","4420","0","0","0","0","0","-61900","5","-100.00","5045","0","2","0","0","","0","0","0","","",""
"080105","0002","0","63000","63100","63200","63300","63400","63500","63600","63700","63800","63900","62800","62700","62600","62500","62400","62300","62200","62100","62000","61900","418","86","85","133","684","560","95","265","778","279","20","392","316","214","266","54","463","538","1278","879","3383","4420","0","0","0","0","0","-61900","5","-100.00","5045","10","0","0","0","","0","0","0","","",""
"080105","0003","0","63000","63100","63200","63300","63400","63500","63600","63700","63800","63900","62800","62700","62600","62500","62400","62300","62200","62100","62000","61900","418","86","85","133","684","560","95","265","778","279","320","392","316","214","266","54","463","538","1278","979","3383","4820","0","0","0","0","0","-61900","5","-100.00","5045","0","400","0","0","","0","0","0","","",""
"080106","0000","0","63000","63100","63200","63300","63400","63500","63600","63700","63800","63900","62800","62700","62600","62500","62400","62300","62200","62100","62000","61900","418","86","85","133","684","560","95","365","778","279","320","392","316","214","276","54","463","538","1280","1479","3483","5332","0","0","0","0","0","-61900","5","-100.00","5045","100","0","0","0","","0","0","0","","",""
"080106","0001","0","63000","63100","63200","63300","63400","63500","63600","63700","63800","63900","62800","62700","62600","62500","62400","62300","62200","62100","62000","61900","418","86","85","133","684","560","95","365","778","279","312","392","316","214","276","54","463","538","1280","1479","3483","5324","0","0","0","0","0","-61900","5","-100.00","5053","0","-8","0","0","","0","0","0","","",""
"080106","0002","0","63000","63100","63200","63300","63400","63500","63600","63700","63800","63900","62800","62700","62600","62500","62400","62300","62200","62100","62000","61900","418","86","85","133","684","560","95","365","778","279","312","442","316","214","276","54","463","538","1280","1479","3483","5374","0","0","0","0","0","-61900","5","-100.00","5053","0","50","0","0","","0","0","0","","",""
"080107","0000","0","63000","63100","63200","63300","63400","63500","63600","63700","63800","63900","62800","62700","62600","62500","62400","62300","62200","62100","62000","61900","418","86","85","133","684","560","95","365","778","279","312","492","316","214","276","54","463","538","1280","1479","3483","5424","0","0","0","0","0","-61900","5","-100.00","5053","0","50","0","0","","0","0","0","","",""
"080107","0001","0","63000","63100","63200","63300","63400","63500","63600","63700","63800","63900","62800","62700","62600","62500","62400","62300","62200","62100","62000","61900","418","86","85","133","684","567","95","365","778","279","452","492","316","214","276","54","463","538","1280","1479","3490","5564","0","0","0","0","0","-61900","5","-100.00","5053","7","140","0","0","","0","0","0","","",""
"080107","0002","0","63000","63100","63200","63300","63400","63500","63600","63700","63800","63900","62800","62700","62600","62500","62400","62300","62200","62100","62000","61900","418","86","85","133","684","567","95","365","778","279","453","492","316","214","276","54","463","538","1280","1480","3490","5566","0","0","0","0","0","-61900","5","-100.00","5053","0","2","0","0","","0","0","0","","",""
"080108","0000","0","63000","63100","63200","63300","63400","63500","63600","63700","63800","63900","62800","62700","62600","62500","62400","62300","62200","62100","62000","61900","418","86","85","133","684","567","95","365","778","279","443","492","316","214","276","54","463","538","1280","1480","3490","5556","0","0","0","0","0","-61900","5","-100.00","5063","0","-10","0","0","","0","0","0","","",""
"080108","0001","0","63000","63100","63200","63300","63400","63500","63600","63700","63800","63900","62800","62700","62600","62500","62400","62300","62200","62100","62000","61900","418","86","95","133","684","567","95","365","778","279","443","492","316","214","276","54","463","638","1280","1480","3500","5656","0","0","0","0","0","-61900","5","-100.00","5063","10","100","0","0","","0","0","0","","",""
"080108","0002","0","63000","63100","63200","63300","63400","63500","63600","63700","63800","63900","62800","62700","62600","62500","62400","62300","62200","62100","62000","61900","418","86","95","133","684","567","95","365","778","279","463","492","316","214","276","54","463","638","1280","1480","3500","5676","0","0","0","0","0","-61900","5","-100.00","5063","0","20","0","0","","0","0","0","","",""
