"time","millisec","HOUR_CLS_CODE","ASKP1","ASKP2","ASKP3","ASKP4","ASKP5","ASKP6","ASKP7","ASKP8","ASKP9","ASKP10","BIDP1","BIDP2","BIDP3","BIDP4","BIDP5","BIDP6","BIDP7","BIDP8","BIDP9","BIDP10","ASKP_RSQN1","ASKP_RSQN2","ASKP_RSQN3","ASKP_RSQN4","ASKP_RSQN5","ASKP_RSQN6","ASKP_RSQN7","ASKP_RSQN8","ASKP_RSQN9","ASKP_RSQN10","BIDP_RSQN1","BIDP_RSQN2","BIDP_RSQN3","BIDP_RSQN4","BIDP_RSQN5","BIDP_RSQN6","BIDP_RSQN7","BIDP_RSQN8","BIDP_RSQN9","BIDP_RSQN10","TOTAL_ASKP_RSQN","TOTAL_BIDP_RSQN","OVTM_TOTAL_ASKP_RSQN","OVTM_TOTAL_BIDP_RSQN","ANTC_CNPR","ANTC_CNQN","ANTC_VOL","ANTC_CNTG_VRSS","ANTC_CNTG_VRSS_SIGN","ANTC_CNTG_PRDY_CTRT","ACML_VOL","TOTAL_ASKP_RSQN_ICDC","TOTAL_BIDP_RSQN_ICDC","OVTM_TOTAL_ASKP_ICDC","OVTM_TOTAL_BIDP_ICDC","STCK_DEAL_CLS_CODE","KMID_PRC","KMID_TOTAL_RSQN","KMID_CLS_CODE","NMID_PRC","NMID_TOTAL_RSQN","NMID_CLS_CODE"
"080000","0000","0","101300","109500","0","0","0","0","0","0","0","0","98900","75100","0","0","0","0","0","0","0","0","25","1","0","0","0","0","0","0","0","0","160","40","0","0","0","0","0","0","0","0","26","200","0","0","0","0","0","-99700","5","-100.00","0","0","0","0","0","","0","0","0","","",""
"080001","0000","0","99900","100500","101300","103000","105500","107500","109500","115000","124800","129600","99000","98900","95500","75100","0","0","0","0","0","0","120","250","25","1","1","1","1","1","2","4","500","160","1","40","0","0","0","0","0","0","406","701","0","0","0","0","0","-99700","5","-100.00","0","380","501","0","0","","0","0","0","","",""
"080001","0001","0","99900","100500","101300","103000","104500","105500","107500","108000","109500","115000","99300","99000","98900","95500","93000","75100","0","0","0","0","120","250","25","1","5","1","1","1","1","1","23","550","160","1","1","40","0","0","0","0","406","775","0","0","0","0","0","-99700","5","-100.00","0","0","74","0","0","","0","0","0","","",""
"080002","0000","0","99900","100500","101300","101800","102400","102800","103000","104500","105500","105800","99700","99300","99200","99000","98900","97100","95500","95000","93000","90300","120","250","26","1","2","1","1","5","1","1","10","23","10","550","160","5","1","100","1","20","408","880","0","0","0","0","0","-99700","5","-100.00","0","2","105","0","0","","0","0","0","","",""
"080002","0001","0","99900","100200","100500","101200","101300","101800","102400","102800","103000","104000","99700","99300","99200","99000","98900","98400","98200","98100","98000","97800","120","200","250","100","26","1","2","1","1","10","10","23","10","550","160","1","101","100","1","1","711","957","0","0","0","0","0","-99700","5","-100.00","0","303","77","0","0","","0","0","0","","",""
"080003","0000","0","99900","100200","100500","101200","101300","101800","102000","102400","102500","102800","99700","99300","99200","99000","98900","98400","98200","98100","98000","97800","120","200","250","100","26","1","5","2","5","1","10","23","10","550","160","1","101","100","1","1","710","957","0","0","0","0","0","-99700","5","-100.00","0","-1","0","0","0","","0","0","0","","",""
"080003","0001","0","99900","100200","100500","101000","101200","101300","101800","102000","102400","102500","99700","99300","99200","99000","98900","98400","98200","98100","98000","97800","120","200","250","55","100","26","1","5","2","5","10","23","10","550","160","1","101","100","1","1","764","957","0","0","0","0","0","-99700","5","-100.00","0","54","0","0","0","","0","0","0","","",""
"080004","0000","0","99900","100200","100500","101000","101200","101300","101800","102000","102200","102400","99700","99300","99200","99000","98900","98400","98200","98100","98000","97800","120","200","250","55","100","26","1","5","11","2","10","23","10","550","160","1","101","100","1","1","770","957","0","0","0","0","0","-99700","5","-100.00","0","6","0","0","0","","0","0","0","","",""
"080004","0001","0","99900","100200","100500","101000","101200","101300","101500","101800","102000","102200","99700","99300","99200","99100","99000","98900","98400","98200","98100","98000","320","200","250","55","100","26","1","1","5","11","10","23","10","100","550","160","1","101","100","1","969","1056","0","0","0","0","0","-99700","5","-100.00","0","199","99","0","0","","0","0","0","","",""
"080005","0000","0","99900","100200","100500","101000","101200","101300","101500","101800","102000","102200","99700","99300","99200","99100","99000","98900","98400","98200","98100","98000","330","200","250","57","100","26","1","1","6","11","10","23","10","100","550","160","1","101","100","1","982","1056","0","0","0","0","0","-99700","5","-100.00","0","13","0","0","0","","0","0","0","","",""
"080005","0001","0","99900","100200","100500","101000","101200","101300","101500","101700","101800","102000","99700","99300","99200","99100","99000","98900","98400","98200","98100","98000","330","200","250","57","100","26","1","240","1","6","10","23","10","100","550","160","1","101","100","1","1211","1056","0","0","0","0","0","-99700","5","-100.00","0","229","0","0","0","","0","0","0","","",""
"080006","0000","0","99900","100200","100500","101000","101200","101300","101500","101700","101800","102000","99700","99300","99200","99100","99000","98900","98400","98200","98100","98000","330","200","250","57","100","26","1","240","1","6","219","23","10","100","550","160","1","101","100","1","1211","1265","0","0","0","0","0","-99700","5","-100.00","0","0","209","0","0","","0","0","0","","",""
"080006","0001","0","99900","100200","100500","101000","101200","101300","101500","101700","101800","102000","99700","99300","99200","99100","99000","98900","98400","98200","98100","98000","330","200","250","57","100","26","6","240","1","6","219","23","10","100","550","160","1","101","100","1","1216","1265","0","0","0","0","0","-99700","5","-100.00","0","5","0","0","0","","0","0","0","","",""
"080007","0000","0","99900","100200","100500","101000","101200","101300","101500","101700","101800","102000","99700","99300","99200","99100","99000","98900","98400","98200","98100","98000","330","200","250","57","1245","26","6","240","1","6","219","23","10","100","550","160","1","101","100","1","2361","1265","0","0","0","0","0","-99700","5","-100.00","0","1145","0","0","0","","0","0","0","","",""
"080008","0000","0","99900","100200","100500","100700","100900","101000","101200","101300","101500","101700","99700","99300","99200","99100","99000","98900","98400","98200","98100","98000","330","200","250","5","2","457","1245","26","6","240","209","23","10","110","550","160","1","101","100","1","2761","1265","0","0","0","0","0","-99700","5","-100.00","0","400","0","0","0","","0","0","0","","",""
"080009","0000","0","99900","100200","100500","100700","100900","101000","101200","101300","101500","101700","99700","99300","99200","99100","99000","98900","98400","98200","98100","98000","330","200","250","5","2","457","1245","26","7","240","209","23","10","110","550","160","1","101","100","1","2762","1265","0","0","0","0","0","-99700","5","-100.00","0","1","0","0","0","","0","0","0","","",""
"080009","0001","0","99900","100200","100500","100700","100900","101000","101200","101300","101500","101700","99700","99300","99200","99100","99000","98900","98400","98200","98100","98000","330","200","250","5","2","457","1245","26","7","240","209","23","10","142","550","160","1","101","100","1","2762","1297","0","0","0","0","0","-99700","5","-100.00","0","0","32","0","0","","0","0","0","","",""
"080010","0000","0","99900","100200","100500","100700","100900","101000","101200","101300","101500","101700","99700","99300","99200","99100","99000","98900","98400","98200","98100","98000","330","200","250","5","2","457","1245","26","7","240","209","33","10","142","550","160","1","101","100","1","2762","1307","0","0","0","0","0","-99700","5","-100.00","0","0","10","0","0","","0","0","0","","",""
"080010","0001","0","99900","100200","100500","100700","100900","101000","101200","101300","101500","101700","99700","99300","99200","99100","99000","98900","98400","98200","98100","98000","330","200","250","5","2","460","1245","26","7","240","209","33","10","142","550","160","1","101","100","1","2765","1307","0","0","0","0","0","-99700","5","-100.00","0","3","0","0","0","","0","0","0","","",""
"080011","0000","0","99900","100200","100500","100700","100800","100900","101000","101200","101300","101500","99700","99300","99200","99100","99000","98900","98400","98200","98100","98000","330","200","250","5","2","2","460","1245","26","17","209","33","10","142","550","160","1","101","100","1","2537","1307","0","0","0","0","0","-99700","5","-100.00","0","-228","0","0","0","","0","0","0","","",""
"080012","0000","0","99900","100200","100500","100700","100800","100900","101000","101200","101300","101500","99700","99300","99200","99100","99000","98900","98400","98200","98100","98000","330","200","250","5","2","2","460","1245","26","17","209","33","10","204","550","160","1","101","100","1","2537","1369","0","0","0","0","0","-99700","5","-100.00","0","0","62","0","0","","0","0","0","","",""
"080012","0001","0","99900","100200","100500","100600","100700","100800","100900","101000","101200","101300","99700","99300","99200","99100","99000","98900","98400","98200","98100","98000","330","200","250","1","5","2","3","460","1245","26","209","33","10","204","550","160","1","101","100","1","2522","1369","0","0","0","0","0","-99700","5","-100.00","0","-15","0","0","0","","0","0","0","","",""
"080014","0000","0","99900","100200","100500","100600","100700","100800","100900","101000","101200","101300","99700","99300","99200","99100","99000","98900","98400","98200","98100","98000","330","200","250","1","5","2","3","460","1315","26","214","33","10","204","550","160","1","101","100","1","2592","1374","0","0","0","0","0","-99700","5","-100.00","0","70","5","0","0","","0","0","0","","",""
"080014","0001","0","99900","100200","100400","100500","100600","100700","100800","100900","101000","101200","99700","99300","99200","99100","99000","98900","98400","98200","98100","98000","330","200","1","250","1","5","2","3","460","1315","214","33","10","204","550","160","1","101","100","1","2567","1374","0","0","0","0","0","-99700","5","-100.00","0","-25","0","0","0","","0","0","0","","",""
"080014","0002","0","99900","100200","100400","100500","100600","100700","100800","100900","101000","101200","99700","99300","99200","99100","99000","98900","98400","98200","98100","98000","330","200","1","250","1","7","2","3","460","1315","214","33","10","204","550","160","1","101","100","1","2569","1374","0","0","0","0","0","-99700","5","-100.00","0","2","0","0","0","","0","0","0","","",""
"080015","0000","0","99900","100200","100400","100500","100600","100700","100800","100900","101000","101200","99700","99300","99200","99100","99000","98900","98400","98200","98100","98000","330","200","1","250","1","7","2","3","460","1315","214","33","10","204","550","160","1","102","100","2","2569","1376","0","0","0","0","0","-99700","5","-100.00","0","0","2","0","0","","0","0","0","","",""
"080015","0001","0","99900","100100","100200","100400","100500","100600","100700","100800","100900","101000","99700","99300","99200","99100","99000","98900","98400","98200","98100","98000","330","224","200","1","250","1","7","2","3","460","214","33","10","204","550","160","1","102","100","2","1478","1376","0","0","0","0","0","-99700","5","-100.00","0","-1091","0","0","0","","0","0","0","","",""
"080018","0000","0","99900","100100","100200","100400","100500","100600","100700","100800","100900","101000","99700","99300","99200","99100","99000","98900","98400","98200","98100","98000","330","224","200","1","250","1","7","2","3","710","214","33","10","204","550","160","1","102","100","2","1728","1376","0","0","0","0","0","-99700","5","-100.00","0","250","0","0","0","","0","0","0","","",""
"080019","0000","0","99900","100100","100200","100400","100500","100600","100700","100800","100900","101000","99700","99300","99200","99100","99000","98900","98400","98200","98100","98000","330","224","200","1","250","1","7","2","3","710","214","33","10","214","550","160","1","102","100","2","1728","1386","0","0","0","0","0","-99700","5","-100.00","0","0","10","0","0","","0","0","0","","",""
"080019","0001","0","99900","100100","100200","100400","100500","100600","100700","100800","100900","101000","99700","99300","99200","99100","99000","98900","98400","98200","98100","98000","330","224","200","1","250","1","48","2","3","710","214","33","10","214","550","160","1","102","100","2","1769","1386","0","0","0","0","0","-99700","5","-100.00","0","41","0","0","0","","0","0","0","","",""
"080020","0000","0","99900","100100","100200","100400","100500","100600","100700","100800","100900","101000","99700","99300","99200","99100","99000","98900","98400","98200","98100","98000","330","224","200","1","250","3","48","2","3","710","214","33","10","214","554","160","1","102","100","2","1771","1390","0","0","0","0","0","-99700","5","-100.00","0","2","4","0","0","","0","0","0","","",""
"080021","0000","0","99900","100100","100200","100400","100500","100600","100700","100800","100900","101000","99700","99300","99200","99100","99000","98900","98400","98200","98100","98000","330","224","200","1","250","3","48","2","3","710","220","33","10","214","554","160","1","102","100","2","1771","1396","0","0","0","0","0","-99700","5","-100.00","0","0","6","0","0","","0","0","0","","",""
"080021","0001","0","99900","100100","100200","100400","100500","100600","100700","100800","100900","101000","99700","99300","99200","99100","99000","98900","98400","98200","98100","98000","330","224","200","1","250","3","48","2","3","710","220","33","10","214","559","160","1","102","100","2","1771","1401","0","0","0","0","0","-99700","5","-100.00","0","0","5","0","0","","0","0","0","","",""
"080022","0000","0","99900","100100","100200","100400","100500","100600","100700","100800","100900","101000","99700","99300","99200","99100","99000","98900","98400","98200","98100","98000","330","224","201","1","250","3","48","2","3","710","220","33","10","214","559","160","1","102","100","2","1772","1401","0","0","0","0","0","-99700","5","-100.00","0","1","0","0","0","","0","0","0","","",""
"080022","0001","0","99900","100100","100200","100400","100500","100600","100700","100800","100900","101000","99700","99300","99200","99100","99000","98900","98400","98200","98100","98000","330","224","201","1","250","3","48","2","3","710","220","133","10","214","559","160","1","102","100","2","1772","1501","0","0","0","0","0","-99700","5","-100.00","0","0","100","0","0","","0","0","0","","",""
"080023","0000","0","99900","100100","100200","100400","100500","100600","100700","100800","100900","101000","99700","99300","99200","99100","99000","98900","98400","98200","98100","98000","319","224","201","1","250","3","48","2","3","710","220","133","10","214","559","160","1","102","100","2","1761","1501","0","0","0","0","0","-99700","5","-100.00","11","-11","0","0","0","","0","0","0","","",""
"080024","0000","0","99900","100100","100200","100400","100500","100600","100700","100800","100900","101000","99700","99300","99200","99100","99000","98900","98400","98200","98100","98000","319","224","201","1","252","3","48","2","3","710","220","633","10","214","559","160","1","102","100","2","1763","2001","0","0","0","0","0","-99700","5","-100.00","11","2","500","0","0","","0","0","0","","",""
"080025","0000","0","99900","100100","100200","100400","100500","100600","100700","100800","100900","101000","99700","99300","99200","99100","99000","98900","98400","98200","98100","98000","319","224","201","1","252","3","48","2","3","710","220","633","10","214","559","160","1","102","110","2","1763","2011","0","0","0","0","0","-99700","5","-100.00","11","0","10","0","0","","0","0","0","","",""
"080025","0001","0","99900","100100","100200","100400","100500","100600","100700","100800","100900","101000","99700","99300","99200","99100","99000","98900","98400","98200","98100","98000","319","224","201","1","252","3","48","2","3","710","239","633","10","214","559","160","1","102","110","2","1763","2030","0","0","0","0","0","-99700","5","-100.00","11","0","19","0","0","","0","0","0","","",""
"080026","0000","0","99900","100100","100200","100400","100500","100600","100700","100800","100900","101000","99700","99300","99200","99100","99000","98900","98400","98200","98100","98000","319","224","201","16","252","3","48","2","3","710","239","633","10","214","559","160","1","102","110","2","1778","2030","0","0","0","0","0","-99700","5","-100.00","11","15","0","0","0","","0","0","0","","",""
"080027","0000","0","99900","100100","100200","100400","100500","100600","100700","100800","100900","101000","99700","99300","99200","99100","99000","98900","98400","98200","98100","98000","319","224","201","18","252","3","48","2","3","710","239","633","10","214","559","160","1","102","110","2","1780","2030","0","0","0","0","0","-99700","5","-100.00","11","2","0","0","0","","0","0","0","","",""
"080027","0001","0","99900","100100","100200","100400","100500","100600","100700","100800","100900","101000","99700","99300","99200","99100","99000","98900","98400","98200","98100","98000","319","324","201","18","252","3","48","2","3","710","239","633","10","214","559","160","1","102","110","2","1880","2030","0","0","0","0","0","-99700","5","-100.00","11","100","0","0","0","","0","0","0","","",""
"080028","0000","0","99900","100100","100200","100400","100500","100600","100700","100800","100900","101000","99700","99300","99200","99100","99000","98900","98500","98400","98200","98100","319","324","201","18","252","3","48","2","3","710","239","633","10","214","559","160","2","1","102","110","1880","2030","0","0","0","0","0","-99700","5","-100.00","11","0","0","0","0","","0","0","0","","",""
"080030","0000","0","99900","100100","100200","100400","100500","100600","100700","100800","100900","101000","99700","99300","99200","99100","99000","98900","98500","98400","98300","98200","319","324","201","18","322","3","48","2","3","710","239","633","10","214","559","160","2","1","368","102","1950","2288","0","0","0","0","0","-99700","5","-100.00","11","70","258","0","0","","0","0","0","","",""
"080030","0001","0","99900","100100","100200","100300","100400","100500","100600","100700","100800","100900","99700","99300","99200","99100","99000","98900","98500","98400","98300","98200","319","324","201","2","18","322","3","48","2","3","239","633","10","214","621","160","2","1","368","102","1242","2350","0","0","0","0","0","-99700","5","-100.00","11","-708","62","0","0","","0","0","0","","",""
"080031","0000","0","99900","100100","100200","100300","100400","100500","100600","100700","100800","100900","99700","99300","99200","99100","99000","98900","98500","98400","98300","98200","319","324","201","2","18","322","3","48","2","3","239","633","20","204","621","160","2","1","368","102","1242","2350","0","0","0","0","0","-99700","5","-100.00","11","0","0","0","0","","0","0","0","","",""
"080032","0000","0","99900","100100","100200","100300","100400","100500","100600","100700","100800","100900","99700","99300","99200","99100","99000","98900","98500","98400","98300","98200","319","324","201","2","18","322","3","48","2","3","239","633","20","204","622","160","2","1","368","102","1242","2351","0","0","0","0","0","-99700","5","-100.00","11","0","1","0","0","","0","0","0","","",""
"080032","0001","0","99900","100100","100200","100300","100400","100500","100600","100700","100800","100900","99700","99300","99200","99100","99000","98900","98500","98400","98300","98200","319","324","201","2","18","323","3","48","2","3","239","633","20","204","622","160","2","1","368","102","1243","2351","0","0","0","0","0","-99700","5","-100.00","11","1","0","0","0","","0","0","0","","",""
"080032","0002","0","99900","100100","100200","100300","100400","100500","100600","100700","100800","100900","99700","99300","99200","99100","99000","98900","98500","98400","98300","98200","319","324","211","2","18","323","3","48","2","3","239","633","20","204","622","160","2","1","368","102","1253","2351","0","0","0","0","0","-99700","5","-100.00","11","10","0","0","0","","0","0","0","","",""
"080033","0000","0","99900","100000","100100","100200","100300","100400","100500","100600","100700","100800","99700","99300","99200","99100","99000","98900","98500","98400","98300","98200","319","100","324","211","2","18","323","3","48","2","239","633","20","204","622","160","2","1","368","102","1350","2351","0","0","0","0","0","-99700","5","-100.00","11","97","0","0","0","","0","0","0","","",""
"080033","0001","0","99900","100000","100100","100200","100300","100400","100500","100600","100700","100800","99700","99300","99200","99100","99000","98900","98500","98400","98300","98200","319","111","324","211","2","18","323","3","48","2","239","633","20","204","622","160","2","1","368","102","1361","2351","0","0","0","0","0","-99700","5","-100.00","11","11","0","0","0","","0","0","0","","",""
"080034","0000","0","99900","100000","100100","100200","100300","100400","100500","100600","100700","100800","99700","99600","99300","99200","99100","99000","98900","98500","98400","98300","319","111","324","211","2","18","323","3","48","2","239","20","633","20","172","622","160","2","1","368","1361","2237","0","0","0","0","0","-99700","5","-100.00","11","0","-114","0","0","","0","0","0","","",""
"080037","0000","0","99900","100000","100100","100200","100300","100400","100500","100600","100700","100800","99700","99600","99300","99200","99100","99000","98900","98500","98400","98300","319","111","324","213","2","18","323","3","48","2","302","20","633","20","172","622","160","2","1","368","1363","2300","0","0","0","0","0","-99700","5","-100.00","11","2","63","0","0","","0","0","0","","",""
"080038","0000","0","99900","100000","100100","100200","100300","100400","100500","100600","100700","100800","99700","99600","99300","99200","99100","99000","98900","98500","98400","98300","300","111","324","223","2","18","323","3","48","2","302","20","633","20","172","622","160","2","1","368","1354","2300","0","0","0","0","0","-99700","5","-100.00","30","-9","0","0","0","","0","0","0","","",""
"080039","0000","0","99900","100000","100100","100200","100300","100400","100500","100600","100700","100800","99700","99600","99300","99200","99100","99000","98900","98500","98400","98300","300","111","324","223","2","18","423","3","48","2","302","20","633","20","172","622","160","2","1","368","1454","2300","0","0","0","0","0","-99700","5","-100.00","30","100","0","0","0","","0","0","0","","",""
"080039","0001","0","99900","100000","100100","100200","100300","100400","100500","100600","100700","100800","99700","99600","99300","99200","99100","99000","98900","98500","98400","98300","300","111","324","223","2","18","423","3","48","3","302","20","633","20","172","622","160","2","1","368","1455","2300","0","0","0","0","0","-99700","5","-100.00","30","1","0","0","0","","0","0","0","","",""
"080040","0000","0","99900","100000","100100","100200","100300","100400","100500","100600","100700","100800","99700","99600","99300","99200","99100","99000","98900","98500","98400","98300","300","111","324","223","2","18","423","3","48","3","402","20","633","120","172","622","160","2","1","368","1455","2500","0","0","0","0","0","-99700","5","-100.00","30","0","200","0","0","","0","0","0","","",""
"080040","0001","0","99900","100000","100100","100200","100300","100400","100500","100600","100700","100800","99700","99600","99300","99200","99100","99000","98900","98500","98400","98300","300","111","324","223","12","18","423","3","48","3","402","20","633","120","172","622","160","2","1","368","1465","2500","0","0","0","0","0","-99700","5","-100.00","30","10","0","0","0","","0","0","0","","",""
"080042","0000","0","99900","100000","100100","100200","100300","100400","100500","100600","100700","100800","99700","99600","99300","99200","99100","99000","98900","98500","98400","98300","300","111","324","228","12","18","423","3","48","3","402","20","633","120","172","622","160","2","1","368","1470","2500","0","0","0","0","0","-99700","5","-100.00","30","5","0","0","0","","0","0","0","","",""
"080042","0001","0","99900","100000","100100","100200","100300","100400","100500","100600","100700","100800","99700","99600","99300","99200","99100","99000","98900","98500","98400","98300","300","111","326","228","12","18","423","3","48","3","402","20","633","120","172","622","160","2","1","368","1472","2500","0","0","0","0","0","-99700","5","-100.00","30","2","0","0","0","","0","0","0","","",""
"080044","0000","0","99900","100000","100100","100200","100300","100400","100500","100600","100700","100800","99700","99600","99300","99200","99100","99000","98900","98500","98400","98300","314","111","326","228","12","18","423","3","48","3","402","20","633","120","172","622","160","2","1","368","1486","2500","0","0","0","0","0","-99700","5","-100.00","30","14","0","0","0","","0","0","0","","",""
"080044","0001","0","99900","100000","100100","100200","100300","100400","100500","100600","100700","100800","99700","99600","99300","99200","99100","99000","98900","98500","98400","98300","312","112","326","228","12","18","423","3","48","3","402","20","633","120","172","622","160","2","1","368","1485","2500","0","0","0","0","0","-99700","5","-100.00","32","-1","0","0","0","","0","0","0","","",""
"080045","0000","0","99900","100000","100100","100200","100300","100400","100500","100600","100700","100800","99700","99600","99300","99200","99100","99000","98900","98500","98400","98300","312","112","326","228","12","18","423","3","48","3","402","30","633","120","172","622","160","2","1","368","1485","2510","0","0","0","0","0","-99700","5","-100.00","32","0","10","0","0","","0","0","0","","",""
"080046","0000","0","99900","100000","100100","100200","100300","100400","100500","100600","100700","100800","99700","99600","99300","99200","99100","99000","98900","98500","98400","98300","312","114","326","228","12","18","423","3","48","3","402","30","633","120","172","622","160","2","1","368","1487","2510","0","0","0","0","0","-99700","5","-100.00","32","2","0","0","0","","0","0","0","","",""
"080047","0000","0","99900","100000","100100","100200","100300","100400","100500","100600","100700","100800","99700","99600","99300","99200","99100","99000","98900","98500","98400","98300","312","114","326","228","12","18","423","3","48","3","404","30","633","120","172","622","160","2","1","368","1487","2512","0","0","0","0","0","-99700","5","-100.00","32","0","2","0","0","","0","0","0","","",""
"080048","0000","0","99900","100000","100100","100200","100300","100400","100500","100600","100700","100800","99700","99600","99300","99200","99100","99000","98900","98500","98400","98300","312","114","326","228","12","18","423","3","48","3","404","30","633","120","176","627","160","2","1","373","1487","2526","0","0","0","0","0","-99700","5","-100.00","32","0","14","0","0","","0","0","0","","",""
"080048","0001","0","99900","100000","100100","100200","100300","100400","100500","100600","100700","100800","99800","99700","99600","99300","99200","99100","99000","98900","98500","98400","312","114","326","228","12","18","423","3","48","3","1","404","30","633","120","176","627","160","2","1","1487","2154","0","0","0","0","0","-99700","5","-100.00","32","0","-372","0","0","","0","0","0","","",""
"080048","0002","0","99900","100000","100100","100200","100300","100400","100500","100600","100700","100800","99800","99700","99600","99300","99200","99100","99000","98900","98700","98500","312","114","326","228","12","18","423","13","48","3","1","404","30","633","120","176","627","160","2","2","1497","2155","0","0","0","0","0","-99700","5","-100.00","32","10","1","0","0","","0","0","0","","",""
"080049","0000","0","99900","100000","100100","100200","100300","100400","100500","100600","100700","100800","99800","99700","99600","99300","99200","99100","99000","98900","98800","98700","312","114","326","228","12","18","423","13","48","3","1","404","30","633","120","176","627","160","20","2","1497","2173","0","0","0","0","0","-99700","5","-100.00","32","0","18","0","0","","0","0","0","","",""
"080050","0000","0","99900","100000","100100","100200","100300","100400","100500","100600","100700","100800","99800","99700","99600","99300","99200","99100","99000","98900","98800","98700","312","114","326","228","12","18","424","13","48","3","1","404","30","633","120","176","627","160","20","2","1498","2173","0","0","0","0","0","-99700","5","-100.00","32","1","0","0","0","","0","0","0","","",""
"080051","0000","0","99900","100000","100100","100200","100300","100400","100500","100600","100700","100800","99800","99700","99600","99300","99200","99100","99000","98900","98800","98700","312","114","326","228","12","18","429","13","48","3","1","404","30","633","110","176","627","160","20","2","1503","2163","0","0","0","0","0","-99700","5","-100.00","32","5","-10","0","0","","0","0","0","","",""
"080053","0000","0","99900","100000","100100","100200","100300","100400","100500","100600","100700","100800","99800","99700","99600","99300","99200","99100","99000","98900","98800","98700","312","114","326","228","12","18","429","13","48","3","1","405","30","633","110","176","627","160","20","2","1503","2164","0","0","0","0","0","-99700","5","-100.00","32","0","1","0","0","","0","0","0","","",""
"080054","0000","0","99900","100000","100100","100200","100300","100400","100500","100600","100700","100800","99700","99600","99300","99200","99100","99000","98900","98800","98700","98600","312","114","326","228","12","18","429","13","48","3","350","30","633","110","176","627","160","20","2","8","1503","2116","0","0","0","0","0","-99700","5","-100.00","88","0","-48","0","0","","0","0","0","","",""
"080054","0001","0","99900","100000","100100","100200","100300","100400","100500","100600","100700","100800","99700","99600","99300","99200","99100","99000","98900","98800","98700","98600","312","115","326","228","12","18","429","13","48","3","350","30","633","110","176","627","160","20","2","8","1504","2116","0","0","0","0","0","-99700","5","-100.00","88","1","0","0","0","","0","0","0","","",""
"080056","0000","0","99900","100000","100100","100200","100300","100400","100500","100600","100700","100800","99700","99600","99300","99200","99100","99000","98900","98800","98700","98600","312","115","326","228","12","18","429","13","48","3","350","30","633","110","176","637","160","20","2","8","1504","2126","0","0","0","0","0","-99700","5","-100.00","88","0","10","0","0","","0","0","0","","",""
"080056","0001","0","99900","100000","100100","100200","100300","100400","100500","100600","100700","100800","99700","99600","99300","99200","99100","99000","98900","98800","98700","98600","317","115","326","228","12","18","429","13","48","3","350","30","633","110","176","637","175","20","2","8","1509","2141","0","0","0","0","0","-99700","5","-100.00","88","5","15","0","0","","0","0","0","","",""
"080057","0000","0","99900","100000","100100","100200","100300","100400","100500","100600","100700","100800","99700","99600","99300","99200","99100","99000","98900","98800","98700","98600","317","215","326","228","12","18","429","13","48","3","352","30","633","110","176","637","175","20","2","8","1609","2143","0","0","0","0","0","-99700","5","-100.00","88","100","2","0","0","","0","0","0","","",""
"080057","0001","0","99900","100000","100100","100200","100300","100400","100500","100600","100700","100800","99700","99600","99300","99200","99100","99000","98900","98800","98700","98600","317","215","326","228","12","18","429","13","48","3","352","30","633","110","176","637","175","20","2","8","1609","2143","0","0","0","0","0","-99700","5","-100.00","88","0","0","0","0","","0","0","0","","",""
"080057","0002","0","99700","99900","100000","100100","100200","100300","100400","100500","100600","100700","99600","99300","99200","99100","99000","98900","98800","98700","98600","98500","269","317","215","326","228","12","18","429","13","48","30","633","110","176","637","175","20","2","8","22","1875","1813","0","0","0","0","0","-99700","5","-100.00","440","266","-330","0","0","","0","0","0","","",""
"080058","0000","0","99600","99900","100000","100100","100200","100300","100400","100500","100600","100700","99300","99200","99100","99000","98900","98800","98700","98600","98500","98400","238","317","215","326","228","12","18","429","13","48","633","110","176","637","175","20","2","8","22","1","1844","1784","0","0","0","0","0","-99700","5","-100.00","471","-31","-29","0","0","","0","0","0","","",""
"080059","0000","0","99600","99900","100000","100100","100200","100300","100400","100500","100600","100700","99300","99200","99100","99000","98900","98800","98700","98600","98500","98400","238","318","215","326","228","12","18","429","13","48","633","110","176","637","175","20","2","8","22","1","1845","1784","0","0","0","0","0","-99700","5","-100.00","471","1","0","0","0","","0","0","0","","",""
"080100","0000","0","99600","99900","100000","100100","100200","100300","100400","100500","100600","100700","99300","99200","99100","99000","98900","98800","98700","98600","98500","98400","238","318","215","326","228","12","18","429","13","48","633","110","176","637","15","20","2","8","22","161","1845","1784","0","0","0","0","0","-99700","5","-100.00","471","0","0","0","0","","0","0","0","","",""
"080101","0000","0","99600","99900","100000","100100","100200","100300","100400","100500","100600","100700","99300","99200","99100","99000","98900","98800","98700","98600","98500","98400","238","318","215","326","228","12","18","429","13","48","633","110","176","637","15","20","2","8","22","161","1845","1784","0","0","0","0","0","-99700","5","-100.00","471","0","0","0","0","","0","0","0","","",""
"080101","0001","0","99600","99900","100000","100100","100200","100300","100400","100500","100600","100700","99300","99200","99100","99000","98900","98800","98700","98600","98500","98400","238","318","215","326","228","12","18","429","38","48","633","110","176","637","15","20","2","8","22","161","1870","1784","0","0","0","0","0","-99700","5","-100.00","471","25","0","0","0","","0","0","0","","",""
"080102","0000","0","99600","99900","100000","100100","100200","100300","100400","100500","100600","100700","99300","99200","99100","99000","98900","98800","98700","98600","98500","98400","238","318","215","327","228","12","18","429","38","48","633","110","176","637","15","20","2","8","22","161","1871","1784","0","0","0","0","0","-99700","5","-100.00","471","1","0","0","0","","0","0","0","","",""
"080104","0000","0","99600","99900","100000","100100","100200","100300","100400","100500","100600","100700","99300","99200","99100","99000","98900","98800","98700","98600","98500","98400","238","318","224","327","228","12","18","429","38","48","633","110","176","637","15","20","2","8","22","161","1880","1784","0","0","0","0","0","-99700","5","-100.00","471","9","0","0","0","","0","0","0","","",""
"080105","0000","0","99900","100000","100100","100200","100300","100400","100500","100600","100700","100800","99500","99400","99300","99200","99100","99000","98900","98800","98700","98600","318","224","327","228","12","18","429","38","48","3","13","2","633","110","176","637","15","20","2","8","1645","1616","0","0","0","0","0","-99700","5","-100.00","709","-235","-168","0","0","","0","0","0","","",""
"080106","0000","0","99900","100000","100100","100200","100300","100400","100500","100600","100700","100800","99500","99400","99300","99200","99100","99000","98900","98800","98700","98600","318","224","327","228","12","18","429","38","48","3","13","2","643","110","176","637","15","20","2","8","1645","1626","0","0","0","0","0","-99700","5","-100.00","709","0","10","0","0","","0","0","0","","",""
"080106","0001","0","99900","100000","100100","100200","100300","100400","100500","100600","100700","100800","99600","99500","99400","99300","99200","99100","99000","98900","98800","98700","318","224","327","228","12","18","429","38","48","3","1","13","2","643","110","176","637","15","20","2","1645","1619","0","0","0","0","0","-99700","5","-100.00","709","0","-7","0","0","","0","0","0","","",""
"080108","0000","0","99900","100000","100100","100200","100300","100400","100500","100600","100700","100800","99600","99500","99400","99300","99200","99100","99000","98900","98800","98700","318","224","327","228","12","18","429","38","48","3","1","13","2","643","110","176","642","16","20","2","1645","1625","0","0","0","0","0","-99700","5","-100.00","709","0","6","0","0","","0","0","0","","",""
"080108","0001","0","99800","99900","100000","100100","100200","100300","100400","100500","100600","100700","99600","99500","99400","99300","99200","99100","99000","98900","98800","98700","30","318","224","327","228","12","18","429","38","48","1","13","2","643","110","176","642","16","20","2","1672","1625","0","0","0","0","0","-99700","5","-100.00","709","27","0","0","0","","0","0","0","","",""
"080108","0002","0","99800","99900","100000","100100","100200","100300","100400","100500","100600","100700","99600","99500","99400","99300","99200","99100","99000","98900","98800","98700","30","318","224","327","228","12","18","429","38","48","1","13","2","643","110","176","642","16","20","2","1672","1625","0","0","0","0","0","-99700","5","-100.00","709","0","0","0","0","","0","0","0","","",""
"080110","0000","0","99800","99900","100000","100100","100200","100300","100400","100500","100600","100700","99600","99500","99400","99300","99200","99100","99000","98900","98800","98700","30","318","224","327","228","12","18","429","38","48","1","14","2","643","110","176","642","16","20","2","1672","1626","0","0","0","0","0","-99700","5","-100.00","709","0","1","0","0","","0","0","0","","",""
"080111","0000","0","99800","99900","100000","100100","100200","100300","100400","100500","100600","100700","99600","99500","99400","99300","99200","99100","99000","98900","98800","98700","30","318","224","327","228","12","18","429","38","48","1","15","2","643","110","176","642","16","20","2","1672","1627","0","0","0","0","0","-99700","5","-100.00","709","0","1","0","0","","0","0","0","","",""
"080111","0001","0","99800","99900","100000","100100","100200","100300","100400","100500","100600","100700","99600","99500","99400","99300","99200","99100","99000","98900","98800","98700","30","318","224","327","228","12","79","429","38","48","1","15","2","643","110","176","642","16","20","2","1733","1627","0","0","0","0","0","-99700","5","-100.00","709","61","0","0","0","","0","0","0","","",""
"080113","0000","0","99800","99900","100000","100100","100200","100300","100400","100500","100600","100700","99600","99500","99400","99300","99200","99100","99000","98900","98800","98700","30","318","224","327","228","12","79","429","1063","48","1","15","2","643","110","176","642","16","20","2","2758","1627","0","0","0","0","0","-99700","5","-100.00","709","1025","0","0","0","","0","0","0","","",""
"080113","0001","0","99800","99900","100000","100100","100200","100300","100400","100500","100600","100700","99600","99500","99400","99300","99200","99100","99000","98900","98800","98700","30","318","224","327","228","12","79","429","1063","48","1","16","2","643","110","176","642","16","20","2","2758","1628","0","0","0","0","0","-99700","5","-100.00","709","0","1","0","0","","0","0","0","","",""
"080114","0000","0","99800","99900","100000","100100","100200","100300","100400","100500","100600","100700","99600","99500","99400","99300","99200","99100","99000","98900","98800","98700","30","318","224","327","228","12","79","429","1063","48","1","36","2","643","110","176","643","16","20","2","2758","1649","0","0","0","0","0","-99700","5","-100.00","709","0","21","0","0","","0","0","0","","",""
"080115","0000","0","99800","99900","100000","100100","100200","100300","100400","100500","100600","100700","99600","99500","99400","99300","99200","99100","99000","98900","98800","98700","30","318","224","327","228","12","79","429","1063","48","1","41","2","643","110","176","643","16","20","2","2758","1654","0","0","0","0","0","-99700","5","-100.00","709","0","5","0","0","","0","0","0","","",""
"080116","0000","0","99800","99900","100000","100100","100200","100300","100400","100500","100600","100700","99600","99500","99400","99300","99200","99100","99000","98900","98800","98700","30","318","224","327","228","12","79","490","1063","48","1","43","2","644","110","176","643","16","20","2","2819","1657","0","0","0","0","0","-99700","5","-100.00","709","61","3","0","0","","0","0","0","","",""
"080117","0000","0","99800","99900","100000","100100","100200","100300","100400","100500","100600","100700","99600","99500","99400","99300","99200","99100","99000","98900","98800","98700","31","318","224","327","228","12","79","490","1063","48","1","43","2","644","110","176","643","16","20","2","2820","1657","0","0","0","0","0","-99700","5","-100.00","709","1","0","0","0","","0","0","0","","",""
"080118","0000","0","99800","99900","100000","100100","100200","100300","100400","100500","100600","100700","99600","99500","99400","99300","99200","99100","99000","98900","98800","98700","31","318","224","327","228","12","79","490","1063","48","1","43","2","644","110","176","699","16","20","2","2820","1713","0","0","0","0","0","-99700","5","-100.00","709","0","56","0","0","","0","0","0","","",""
"080119","0000","0","99800","99900","100000","100100","100200","100300","100400","100500","100600","100700","99600","99500","99400","99300","99200","99100","99000","98900","98800","98700","31","318","224","327","228","12","79","490","1063","48","2","43","82","644","110","176","699","16","20","2","2820","1794","0","0","0","0","0","-99700","5","-100.00","709","0","81","0","0","","0","0","0","","",""
"080119","0001","0","99800","99900","100000","100100","100200","100300","100400","100500","100600","100700","99600","99500","99400","99300","99200","99100","99000","98900","98800","98700","31","318","224","327","228","12","79","490","1063","48","2","43","82","645","111","176","699","16","20","2","2820","1796","0","0","0","0","0","-99700","5","-100.00","709","0","2","0","0","","0","0","0","","",""
"080119","0002","0","99800","99900","100000","100100","100200","100300","100400","100500","100600","100700","99600","99500","99400","99300","99200","99100","99000","98900","98800","98700","31","318","224","327","228","12","79","490","1063","48","2","43","87","645","111","176","699","16","20","2","2820","1801","0","0","0","0","0","-99700","5","-100.00","709","0","5","0","0","","0","0","0","","",""
"080120","0000","0","99800","99900","100000","100100","100200","100300","100400","100500","100600","100700","99600","99500","99400","99300","99200","99100","99000","98900","98800","98700","31","318","224","327","228","12","79","490","1063","48","2","43","105","645","111","181","699","16","20","2","2820","1824","0","0","0","0","0","-99700","5","-100.00","709","0","23","0","0","","0","0","0","","",""
"080120","0001","0","99800","99900","100000","100100","100200","100300","100400","100500","100600","100700","99600","99500","99400","99300","99200","99100","99000","98900","98800","98700","31","318","224","327","228","12","79","490","1063","48","2","43","105","645","111","181","749","16","20","2","2820","1874","0","0","0","0","0","-99700","5","-100.00","709","0","50","0","0","","0","0","0","","",""
"080120","0002","0","99600","99800","99900","100000","100100","100200","100300","100400","100500","100600","99500","99400","99300","99200","99100","99000","98900","98800","98700","98600","18","31","318","224","327","228","12","79","490","1063","30","105","645","111","181","749","16","20","2","8","2790","1867","0","0","0","0","0","-99700","5","-100.00","711","-30","-7","0","0","","0","0","0","","",""
"080121","0000","0","99600","99800","99900","100000","100100","100200","100300","100400","100500","100600","99500","99400","99300","99200","99100","99000","98900","98800","98700","98600","18","31","318","224","327","228","12","79","491","1063","30","105","645","111","181","749","16","20","2","8","2791","1867","0","0","0","0","0","-99700","5","-100.00","711","1","0","0","0","","0","0","0","","",""
"080121","0001","0","99600","99800","99900","100000","100100","100200","100300","100400","100500","100600","99500","99400","99300","99200","99100","99000","98900","98800","98700","98600","18","31","318","224","327","228","12","79","491","1063","30","105","645","111","182","749","16","20","2","8","2791","1868","0","0","0","0","0","-99700","5","-100.00","711","0","1","0","0","","0","0","0","","",""
"080122","0000","0","99800","99900","100000","100100","100200","100300","100400","100500","100600","100700","99600","99500","99400","99300","99200","99100","99000","98900","98800","98700","31","318","224","327","228","12","79","491","1063","48","32","30","105","645","111","182","749","16","20","2","2821","1892","0","0","0","0","0","-99700","5","-100.00","729","30","24","0","0","","0","0","0","","",""
"080122","0001","0","99800","99900","100000","100100","100200","100300","100400","100500","100600","100700","99600","99500","99400","99300","99200","99100","99000","98900","98800","98700","31","318","224","327","228","12","79","491","1063","48","32","50","105","645","111","182","749","16","20","2","2821","1912","0","0","0","0","0","-99700","5","-100.00","729","0","20","0","0","","0","0","0","","",""
"080123","0000","0","99800","99900","100000","100100","100200","100300","100400","100500","100600","100700","99600","99500","99400","99300","99200","99100","99000","98900","98800","98700","31","318","224","327","228","12","79","491","1063","48","32","50","105","660","111","182","749","16","20","2","2821","1927","0","0","0","0","0","-99700","5","-100.00","729","0","15","0","0","","0","0","0","","",""
"080123","0001","0","99800","99900","100000","100100","100200","100300","100400","100500","100600","100700","99600","99500","99400","99300","99200","99100","99000","98900","98800","98700","31","318","224","327","228","12","79","491","1063","48","32","50","105","660","111","182","749","16","25","2","2821","1932","0","0","0","0","0","-99700","5","-100.00","729","0","5","0","0","","0","0","0","","",""
"080125","0000","0","99800","99900","100000","100100","100200","100300","100400","100500","100600","100700","99600","99500","99400","99300","99200","99100","99000","98900","98800","98700","31","318","224","327","228","12","79","491","1063","48","32","55","105","660","111","182","749","16","25","2","2821","1937","0","0","0","0","0","-99700","5","-100.00","729","0","5","0","0","","0","0","0","","",""
"080126","0000","0","99800","99900","100000","100100","100200","100300","100400","100500","100600","100700","99600","99500","99400","99300","99200","99100","99000","98900","98800","98700","31","318","224","327","228","12","79","491","1063","48","32","56","105","660","111","182","749","16","25","2","2821","1938","0","0","0","0","0","-99700","5","-100.00","729","0","1","0","0","","0","0","0","","",""
"080126","0001","0","99800","99900","100000","100100","100200","100300","100400","100500","100600","100700","99600","99500","99400","99300","99200","99100","99000","98900","98800","98700","31","318","224","327","228","12","79","492","1063","48","32","56","105","660","116","182","749","16","25","12","2822","1953","0","0","0","0","0","-99700","5","-100.00","729","1","15","0","0","","0","0","0","","",""
"080128","0000","0","99800","99900","100000","100100","100200","100300","100400","100500","100600","100700","99600","99500","99400","99300","99200","99100","99000","98900","98800","98700","31","318","224","327","228","12","79","492","1063","48","32","56","105","660","116","182","749","16","25","15","2822","1956","0","0","0","0","0","-99700","5","-100.00","729","0","3","0","0","","0","0","0","","",""
"080128","0001","0","99800","99900","100000","100100","100200","100300","100400","100500","100600","100700","99600","99500","99400","99300","99200","99100","99000","98900","98800","98700","31","318","224","327","228","12","79","492","1063","48","32","56","105","660","116","282","749","16","25","15","2822","2056","0","0","0","0","0","-99700","5","-100.00","729","0","100","0","0","","0","0","0","","",""
"080129","0000","0","99800","99900","100000","100100","100200","100300","100400","100500","100600","100700","99600","99500","99400","99300","99200","99100","99000","98900","98800","98700","31","318","224","327","228","12","88","492","1063","48","32","56","105","660","116","282","749","16","25","15","2831","2056","0","0","0","0","0","-99700","5","-100.00","729","9","0","0","0","","0","0","0","","",""
"080130","0000","0","99800","99900","100000","100100","100200","100300","100400","100500","100600","100700","99600","99500","99400","99300","99200","99100","99000","98900","98800","98700","31","318","224","327","228","12","88","492","1063","48","32","56","115","660","116","282","750","16","25","15","2831","2067","0","0","0","0","0","-99700","5","-100.00","729","0","11","0","0","","0","0","0","","",""
"080130","0001","0","99800","99900","100000","100100","100200","100300","100400","100500","100600","100700","99600","99500","99400","99300","99200","99100","99000","98900","98800","98700","31","318","224","327","228","12","88","492","1063","48","32","76","115","660","116","282","750","16","25","15","2831","2087","0","0","0","0","0","-99700","5","-100.00","729","0","20","0","0","","0","0","0","","",""
"080131","0000","0","99800","99900","100000","100100","100200","100300","100400","100500","100600","100700","99600","99500","99400","99300","99200","99100","99000","98900","98800","98700","31","318","224","327","228","12","88","492","1063","48","58","76","115","660","116","282","750","16","25","15","2831","2113","0","0","0","0","0","-99700","5","-100.00","729","0","26","0","0","","0","0","0","","",""
"080132","0000","0","99800","99900","100000","100100","100200","100300","100400","100500","100600","100700","99600","99500","99400","99300","99200","99100","99000","98900","98800","98700","31","318","224","327","228","12","88","492","1063","48","58","76","138","637","116","282","750","16","25","15","2831","2113","0","0","0","0","0","-99700","5","-100.00","729","0","0","0","0","","0","0","0","","",""
"080133","0000","0","99800","99900","100000","100100","100200","100300","100400","100500","100600","100700","99600","99500","99400","99300","99200","99100","99000","98900","98800","98700","31","318","229","327","228","12","88","514","1063","48","58","76","138","637","116","282","750","16","25","15","2858","2113","0","0","0","0","0","-99700","5","-100.00","729","27","0","0","0","","0","0","0","","",""
"080134","0000","0","99800","99900","100000","100100","100200","100300","100400","100500","100600","100700","99600","99500","99400","99300","99200","99100","99000","98900","98800","98700","31","318","229","327","228","14","88","514","1063","48","58","76","138","637","116","282","750","16","25","15","2860","2113","0","0","0","0","0","-99700","5","-100.00","729","2","0","0","0","","0","0","0","","",""
"080134","0001","0","99800","99900","100000","100100","100200","100300","100400","100500","100600","100700","99600","99500","99400","99300","99200","99100","99000","98900","98800","98700","31","318","229","327","228","14","88","514","1063","48","65","76","138","637","116","282","750","16","25","15","2860","2120","0","0","0","0","0","-99700","5","-100.00","729","0","7","0","0","","0","0","0","","",""
"080134","0002","0","99800","99900","100000","100100","100200","100300","100400","100500","100600","100700","99600","99500","99400","99300","99200","99100","99000","98900","98800","98700","31","325","229","327","228","14","88","514","1063","48","65","76","138","637","116","282","750","16","25","15","2867","2120","0","0","0","0","0","-99700","5","-100.00","729","7","0","0","0","","0","0","0","","",""
"080135","0000","0","99800","99900","100000","100100","100200","100300","100400","100500","100600","100700","99600","99500","99400","99300","99200","99100","99000","98900","98800","98700","31","325","229","327","228","14","88","514","1063","48","65","76","138","637","116","282","850","16","25","15","2867","2220","0","0","0","0","0","-99700","5","-100.00","729","0","100","0","0","","0","0","0","","",""
"080135","0001","0","99800","99900","100000","100100","100200","100300","100400","100500","100600","100700","99600","99500","99400","99300","99200","99100","99000","98900","98800","98700","31","325","229","327","228","14","88","514","1063","48","65","76","138","637","116","282","851","16","25","15","2867","2221","0","0","0","0","0","-99700","5","-100.00","729","0","1","0","0","","0","0","0","","",""
"080136","0000","0","99800","99900","100000","100100","100200","100300","100400","100500","100600","100700","99600","99500","99400","99300","99200","99100","99000","98900","98800","98700","31","325","229","327","228","14","88","514","1063","48","65","76","438","637","116","282","851","16","25","15","2867","2521","0","0","0","0","0","-99700","5","-100.00","729","0","300","0","0","","0","0","0","","",""
"080136","0001","0","99800","99900","100000","100100","100200","100300","100400","100500","100600","100700","99600","99500","99400","99300","99200","99100","99000","98900","98800","98700","31","325","229","327","228","14","88","514","1063","48","65","86","438","638","121","282","851","16","25","15","2867","2537","0","0","0","0","0","-99700","5","-100.00","729","0","16","0","0","","0","0","0","","",""
"080136","0002","0","99800","99900","100000","100100","100200","100300","100400","100500","100600","100700","99600","99500","99400","99300","99200","99100","99000","98900","98800","98700","34","325","229","327","228","14","88","514","1063","48","65","86","438","638","121","282","851","16","25","15","2870","2537","0","0","0","0","0","-99700","5","-100.00","729","3","0","0","0","","0","0","0","","",""
"080138","0000","0","99800","99900","100000","100100","100200","100300","100400","100500","100600","100700","99600","99500","99400","99300","99200","99100","99000","98900","98800","98700","34","325","229","327","228","14","88","514","1063","48","115","86","438","638","121","282","851","16","25","15","2870","2587","0","0","0","0","0","-99700","5","-100.00","729","0","50","0","0","","0","0","0","","",""
"080138","0001","0","99800","99900","100000","100100","100200","100300","100400","100500","100600","100700","99600","99500","99400","99300","99200","99100","99000","98900","98800","98700","34","325","229","327","230","14","88","514","1063","48","115","86","438","638","121","282","851","16","25","15","2872","2587","0","0","0","0","0","-99700","5","-100.00","729","2","0","0","0","","0","0","0","","",""
"080139","0000","0","99800","99900","100000","100100","100200","100300","100400","100500","100600","100700","99600","99500","99400","99300","99200","99100","99000","98900","98800","98700","34","325","229","327","230","14","88","514","1063","48","115","91","438","678","121","282","851","16","25","15","2872","2632","0","0","0","0","0","-99700","5","-100.00","729","0","45","0","0","","0","0","0","","",""
"080139","0001","0","99800","99900","100000","100100","100200","100300","100400","100500","100600","100700","99600","99500","99400","99300","99200","99100","99000","98900","98800","98700","34","325","229","327","230","14","88","514","1063","48","115","91","438","678","123","282","851","16","25","15","2872","2634","0","0","0","0","0","-99700","5","-100.00","729","0","2","0","0","","0","0","0","","",""
"080140","0000","0","99800","99900","100000","100100","100200","100300","100400","100500","100600","100700","99600","99500","99400","99300","99200","99100","99000","98900","98800","98700","34","325","229","327","230","14","88","514","1063","48","115","290","438","678","123","282","851","16","25","15","2872","2833","0","0","0","0","0","-99700","5","-100.00","729","0","199","0","0","","0","0","0","","",""
"080141","0000","0","99800","99900","100000","100100","100200","100300","100400","100500","100600","100700","99600","99500","99400","99300","99200","99100","99000","98900","98800","98700","34","325","229","327","230","14","88","514","1063","48","108","290","438","678","123","282","851","16","25","15","2872","2826","0","0","0","0","0","-99700","5","-100.00","729","0","-7","0","0","","0","0","0","","",""
"080141","0001","0","99800","99900","100000","100100","100200","100300","100400","100500","100600","100700","99600","99500","99400","99300","99200","99100","99000","98900","98800","98700","34","325","229","327","230","14","88","514","1063","48","108","310","438","678","123","282","851","16","25","15","2872","2846","0","0","0","0","0","-99700","5","-100.00","729","0","20","0","0","","0","0","0","","",""
"080142","0000","0","99800","99900","100000","100100","100200","100300","100400","100500","100600","100700","99600","99500","99400","99300","99200","99100","99000","98900","98800","98700","34","325","229","329","230","14","88","514","1063","48","108","310","438","678","123","282","851","16","25","15","2874","2846","0","0","0","0","0","-99700","5","-100.00","729","2","0","0","0","","0","0","0","","",""
"080142","0001","0","99800","99900","100000","100100","100200","100300","100400","100500","100600","100700","99600","99500","99400","99300","99200","99100","99000","98900","98800","98700","35","325","229","329","230","14","88","514","1063","48","108","310","438","678","123","282","851","16","25","15","2875","2846","0","0","0","0","0","-99700","5","-100.00","729","1","0","0","0","","0","0","0","","",""
"080142","0002","0","99800","99900","100000","100100","100200","100300","100400","100500","100600","100700","99600","99500","99400","99300","99200","99100","99000","98900","98800","98700","35","325","229","329","230","14","88","514","1063","48","108","310","438","678","123","282","951","16","25","15","2875","2946","0","0","0","0","0","-99700","5","-100.00","729","0","100","0","0","","0","0","0","","",""
"080143","0000","0","99800","99900","100000","100100","100200","100300","100400","100500","100600","100700","99600","99500","99400","99300","99200","99100","99000","98900","98800","98700","35","325","229","329","230","14","88","514","1063","48","108","310","438","678","123","282","956","16","25","15","2875","2951","0","0","0","0","0","-99700","5","-100.00","729","0","5","0","0","","0","0","0","","",""
"080143","0001","0","99800","99900","100000","100100","100200","100300","100400","100500","100600","100700","99600","99500","99400","99300","99200","99100","99000","98900","98800","98700","35","325","229","329","230","14","88","514","1063","48","108","310","458","678","123","282","956","16","25","15","2875","2971","0","0","0","0","0","-99700","5","-100.00","729","0","20","0","0","","0","0","0","","",""
"080144","0000","0","99800","99900","100000","100100","100200","100300","100400","100500","100600","100700","99600","99500","99400","99300","99200","99100","99000","98900","98800","98700","35","325","229","329","230","14","88","515","1063","48","108","310","458","678","123","282","957","16","25","15","2876","2972","0","0","0","0","0","-99700","5","-100.00","729","1","1","0","0","","0","0","0","","",""
"080145","0000","0","99800","99900","100000","100100","100200","100300","100400","100500","100600","100700","99600","99500","99400","99300","99200","99100","99000","98900","98800","98700","35","325","229","329","230","14","88","515","1063","48","128","310","458","678","123","282","957","16","25","16","2876","2993","0","0","0","0","0","-99700","5","-100.00","729","0","21","0","0","","0","0","0","","",""
"080145","0001","0","99800","99900","100000","100100","100200","100300","100400","100500","100600","100700","99600","99500","99400","99300","99200","99100","99000","98900","98800","98700","35","325","231","329","230","14","88","515","1063","48","128","310","458","678","123","282","957","16","25","16","2878","2993","0","0","0","0","0","-99700","5","-100.00","729","2","0","0","0","","0","0","0","","",""
"080147","0000","0","99800","99900","100000","100100","100200","100300","100400","100500","100600","100700","99600","99500","99400","99300","99200","99100","99000","98900","98800","98700","21","325","231","329","230","14","88","515","1063","48","128","310","458","678","123","282","957","16","25","16","2864","2993","0","0","0","0","0","-99700","5","-100.00","743","-14","0","0","0","","0","0","0","","",""
"080147","0001","0","99800","99900","100000","100100","100200","100300","100400","100500","100600","100700","99600","99500","99400","99300","99200","99100","99000","98900","98800","98700","21","325","231","329","230","14","88","515","1063","48","135","310","458","678","123","282","957","16","25","16","2864","3000","0","0","0","0","0","-99700","5","-100.00","743","0","7","0","0","","0","0","0","","",""
"080149","0000","0","99800","99900","100000","100100","100200","100300","100400","100500","100600","100700","99600","99500","99400","99300","99200","99100","99000","98900","98800","98700","21","327","231","329","230","14","88","515","1063","48","135","310","458","678","123","282","957","16","25","16","2866","3000","0","0","0","0","0","-99700","5","-100.00","743","2","0","0","0","","0","0","0","","",""
"080149","0001","0","99800","99900","100000","100100","100200","100300","100400","100500","100600","100700","99600","99500","99400","99300","99200","99100","99000","98900","98800","98700","21","327","231","329","230","14","88","515","1063","48","135","310","508","678","123","282","957","16","25","16","2866","3050","0","0","0","0","0","-99700","5","-100.00","743","0","50","0","0","","0","0","0","","",""
"080150","0000","0","99800","99900","100000","100100","100200","100300","100400","100500","100600","100700","99600","99500","99400","99300","99200","99100","99000","98900","98800","98700","21","327","231","329","230","14","88","515","1063","48","135","310","508","683","123","282","957","16","25","16","2866","3055","0","0","0","0","0","-99700","5","-100.00","743","0","5","0","0","","0","0","0","","",""
"080151","0000","0","99800","99900","100000","100100","100200","100300","100400","100500","100600","100700","99600","99500","99400","99300","99200","99100","99000","98900","98800","98700","21","327","231","329","230","14","88","515","1063","48","135","310","508","683","123","282","957","16","25","21","2866","3060","0","0","0","0","0","-99700","5","-100.00","743","0","5","0","0","","0","0","0","","",""
"080154","0000","0","99800","99900","100000","100100","100200","100300","100400","100500","100600","100700","99600","99500","99400","99300","99200","99100","99000","98900","98800","98700","21","327","231","329","230","14","88","515","1063","48","135","310","508","683","123","282","997","16","25","21","2866","3100","0","0","0","0","0","-99700","5","-100.00","743","0","40","0","0","","0","0","0","","",""
"080157","0000","0","99800","99900","100000","100100","100200","100300","100400","100500","100600","100700","99600","99500","99400","99300","99200","99100","99000","98900","98800","98700","21","327","231","329","230","14","88","525","1063","48","140","310","508","683","123","282","997","16","25","21","2876","3105","0","0","0","0","0","-99700","5","-100.00","743","10","5","0","0","","0","0","0","","",""
"080157","0001","0","99800","99900","100000","100100","100200","100300","100400","100500","100600","100700","99600","99500","99400","99300","99200","99100","99000","98900","98800","98700","21","327","231","329","230","14","88","525","1063","48","140","310","508","683","123","282","1007","16","25","21","2876","3115","0","0","0","0","0","-99700","5","-100.00","743","0","10","0","0","","0","0","0","","",""
"080158","0000","0","99800","99900","100000","100100","100200","100300","100400","100500","100600","100700","99600","99500","99400","99300","99200","99100","99000","98900","98800","98700","21","327","231","329","230","14","88","525","1063","48","140","310","508","683","153","282","1007","16","25","26","2876","3150","0","0","0","0","0","-99700","5","-100.00","743","0","35","0","0","","0","0","0","","",""
"080158","0001","0","99800","99900","100000","100100","100200","100300","100400","100500","100600","100700","99600","99500","99400","99300","99200","99100","99000","98900","98800","98700","21","327","231","329","230","14","88","525","1063","48","140","310","558","683","153","282","1007","16","25","26","2876","3200","0","0","0","0","0","-99700","5","-100.00","743","0","50","0","0","","0","0","0","","",""
"080159","0000","0","99800","99900","100000","100100","100200","100300","100400","100500","100600","100700","99600","99500","99400","99300","99200","99100","99000","98900","98800","98700","21","327","231","329","230","14","88","525","1063","48","140","310","558","683","153","282","1007","16","25","31","2876","3205","0","0","0","0","0","-99700","5","-100.00","743","0","5","0","0","","0","0","0","","",""
"080159","0001","0","99800","99900","100000","100100","100200","100300","100400","100500","100600","100700","99600","99500","99400","99300","99200","99100","99000","98900","98800","98700","21","327","231","329","230","14","88","525","1063","48","140","310","608","683","153","282","1007","16","25","31","2876","3255","0","0","0","0","0","-99700","5","-100.00","743","0","50","0","0","","0","0","0","","",""
"080202","0000","0","99800","99900","100000","100100","100200","100300","100400","100500","100600","100700","99600","99500","99400","99300","99200","99100","99000","98900","98800","98700","21","327","231","329","230","14","88","525","1063","48","141","310","608","683","153","282","1007","16","25","31","2876","3256","0","0","0","0","0","-99700","5","-100.00","743","0","1","0","0","","0","0","0","","",""
"080202","0001","0","99800","99900","100000","100100","100200","100300","100400","100500","100600","100700","99600","99500","99400","99300","99200","99100","99000","98900","98800","98700","1","327","231","329","230","14","88","525","1063","48","141","310","608","683","153","282","1007","16","25","31","2856","3256","0","0","0","0","0","-99700","5","-100.00","763","-20","0","0","0","","0","0","0","","",""
"080204","0000","0","99800","99900","100000","100100","100200","100300","100400","100500","100600","100700","99600","99500","99400","99300","99200","99100","99000","98900","98800","98700","1","327","231","329","230","14","88","525","1063","48","141","310","608","683","153","282","1012","16","25","31","2856","3261","0","0","0","0","0","-99700","5","-100.00","763","0","5","0","0","","0","0","0","","",""
"080204","0001","0","99800","99900","100000","100100","100200","100300","100400","100500","100600","100700","99600","99500","99400","99300","99200","99100","99000","98900","98800","98700","1","327","231","329","230","14","88","525","1063","48","148","310","608","683","153","282","1012","16","25","331","2856","3568","0","0","0","0","0","-99700","5","-100.00","763","0","307","0","0","","0","0","0","","",""
"080205","0000","0","99800","99900","100000","100100","100200","100300","100400","100500","100600","100700","99600","99500","99400","99300","99200","99100","99000","98900","98800","98700","1","332","231","329","230","14","88","525","1063","48","148","311","608","683","153","282","1012","16","25","331","2861","3569","0","0","0","0","0","-99700","5","-100.00","763","5","1","0","0","","0","0","0","","",""
"080205","0001","0","99800","99900","100000","100100","100200","100300","100400","100500","100600","100700","99600","99500","99400","99300","99200","99100","99000","98900","98800","98700","622","332","231","329","230","14","88","525","1063","48","148","311","608","683","153","282","1012","16","25","331","3482","3569","0","0","0","0","0","-99700","5","-100.00","763","621","0","0","0","","0","0","0","","",""
"080205","0002","0","99700","99800","99900","100000","100100","100200","100300","100400","100500","100600","99600","99500","99400","99300","99200","99100","99000","98900","98800","98700","594","1","332","231","329","230","14","318","525","1063","148","311","608","683","153","282","1012","16","25","331","3637","3569","0","0","0","0","0","-99700","5","-100.00","790","155","0","0","0","","0","0","0","","",""
"080206","0000","0","99600","99800","99900","100000","100100","100200","100300","100400","100500","100600","99500","99400","99300","99200","99100","99000","98900","98800","98700","98600","436","1","332","231","329","230","14","318","525","1063","311","608","683","153","282","1012","16","25","331","8","3479","3429","0","0","0","0","0","-99700","5","-100.00","948","-158","-140","0","0","","0","0","0","","",""
"080206","0001","0","99600","99800","99900","100000","100100","100200","100300","100400","100500","100600","99500","99400","99300","99200","99100","99000","98900","98800","98700","98600","436","1","332","231","329","230","14","318","525","1063","311","598","683","153","282","1022","16","25","331","8","3479","3429","0","0","0","0","0","-99700","5","-100.00","948","0","0","0","0","","0","0","0","","",""
"080206","0002","0","99600","99800","99900","100000","100100","100200","100300","100400","100500","100600","99500","99400","99300","99200","99100","99000","98900","98800","98700","98600","436","1","332","231","329","230","14","318","525","1063","311","598","683","153","292","1022","16","25","331","8","3479","3439","0","0","0","0","0","-99700","5","-100.00","948","0","10","0","0","","0","0","0","","",""
"080207","0000","0","99600","99800","99900","100000","100100","100200","100300","100400","100500","100600","99500","99400","99300","99200","99100","99000","98900","98800","98700","98600","436","1","332","231","329","230","14","318","526","1063","311","598","684","153","292","1022","16","25","331","8","3480","3440","0","0","0","0","0","-99700","5","-100.00","948","1","1","0","0","","0","0","0","","",""
"080209","0000","0","99600","99800","99900","100000","100100","100200","100300","100400","100500","100600","99500","99400","99300","99200","99100","99000","98900","98800","98700","98600","435","1","332","231","329","230","14","318","526","1063","311","598","684","153","292","1022","16","25","331","8","3479","3440","0","0","0","0","0","-99700","5","-100.00","949","-1","0","0","0","","0","0","0","","",""
"080209","0001","0","99600","99800","99900","100000","100100","100200","100300","100400","100500","100600","99500","99400","99300","99200","99100","99000","98900","98800","98700","98600","435","1","332","231","329","230","14","318","526","1063","311","625","684","153","292","1022","16","25","331","8","3479","3467","0","0","0","0","0","-99700","5","-100.00","949","0","27","0","0","","0","0","0","","",""
"080210","0000","0","99600","99800","99900","100000","100100","100200","100300","100400","100500","100600","99500","99400","99300","99200","99100","99000","98900","98800","98700","98600","435","1","332","231","329","230","14","318","526","1063","311","625","684","153","609","1022","16","25","331","8","3479","3784","0","0","0","0","0","-99700","5","-100.00","949","0","317","0","0","","0","0","0","","",""
"080210","0001","0","99600","99800","99900","100000","100100","100200","100300","100400","100500","100600","99500","99400","99300","99200","99100","99000","98900","98800","98700","98600","434","1","332","231","329","230","14","318","526","1063","311","625","684","153","609","1022","16","25","331","8","3478","3784","0","0","0","0","0","-99700","5","-100.00","950","-1","0","0","0","","0","0","0","","",""
"080211","0000","0","99600","99800","99900","100000","100100","100200","100300","100400","100500","100600","99500","99400","99300","99200","99100","99000","98900","98800","98700","98600","434","1","332","231","329","230","14","318","526","1063","311","626","684","153","609","1022","16","25","331","8","3478","3785","0","0","0","0","0","-99700","5","-100.00","950","0","1","0","0","","0","0","0","","",""
"080211","0001","0","99600","99800","99900","100000","100100","100200","100300","100400","100500","100600","99500","99400","99300","99200","99100","99000","98900","98800","98700","98600","434","1","332","231","329","230","14","318","526","1063","311","626","684","153","609","1017","16","25","331","8","3478","3780","0","0","0","0","0","-99700","5","-100.00","950","0","-5","0","0","","0","0","0","","",""
"080212","0000","0","99600","99800","99900","100000","100100","100200","100300","100400","100500","100600","99500","99400","99300","99200","99100","99000","98900","98800","98700","98600","434","1","332","236","329","230","14","318","526","1063","311","626","684","153","609","1017","16","25","331","8","3483","3780","0","0","0","0","0","-99700","5","-100.00","950","5","0","0","0","","0","0","0","","",""
"080214","0000","0","99600","99800","99900","100000","100100","100200","100300","100400","100500","100600","99500","99400","99300","99200","99100","99000","98900","98800","98700","98600","434","1","342","236","329","230","14","318","526","1063","311","626","684","153","609","1017","16","25","331","8","3493","3780","0","0","0","0","0","-99700","5","-100.00","950","10","0","0","0","","0","0","0","","",""
"080215","0000","0","99600","99800","99900","100000","100100","100200","100300","100400","100500","100600","99500","99400","99300","99200","99100","99000","98900","98800","98700","98600","434","1","342","236","329","230","14","318","526","1063","311","626","685","153","609","1017","16","25","331","8","3493","3781","0","0","0","0","0","-99700","5","-100.00","950","0","1","0","0","","0","0","0","","",""
"080215","0001","0","99600","99800","99900","100000","100100","100200","100300","100400","100500","100600","99500","99400","99300","99200","99100","99000","98900","98800","98700","98600","433","1","342","236","329","230","14","318","526","1063","311","626","685","153","609","1017","16","25","331","8","3492","3781","0","0","0","0","0","-99700","5","-100.00","951","-1","0","0","0","","0","0","0","","",""
"080217","0000","0","99600","99800","99900","100000","100100","100200","100300","100400","100500","100600","99500","99400","99300","99200","99100","99000","98900","98800","98700","98600","433","1","342","236","329","230","14","318","526","1063","311","626","685","154","609","1017","16","25","331","8","3492","3782","0","0","0","0","0","-99700","5","-100.00","951","0","1","0","0","","0","0","0","","",""
"080218","0000","0","99600","99800","99900","100000","100100","100200","100300","100400","100500","100600","99500","99400","99300","99200","99100","99000","98900","98800","98700","98600","432","1","342","236","329","230","14","318","526","1063","311","626","685","154","609","1017","16","25","331","8","3491","3782","0","0","0","0","0","-99700","5","-100.00","952","-1","0","0","0","","0","0","0","","",""
"080219","0000","0","99600","99800","99900","100000","100100","100200","100300","100400","100500","100600","99500","99400","99300","99200","99100","99000","98900","98800","98700","98600","432","1","342","316","329","230","14","318","526","1063","312","626","685","154","609","1017","16","25","331","8","3571","3783","0","0","0","0","0","-99700","5","-100.00","952","80","1","0","0","","0","0","0","","",""
"080219","0001","0","99600","99800","99900","100000","100100","100200","100300","100400","100500","100600","99500","99400","99300","99200","99100","99000","98900","98800","98700","98600","432","1","342","316","329","230","14","318","526","1063","313","626","685","154","609","1017","16","25","331","8","3571","3784","0","0","0","0","0","-99700","5","-100.00","952","0","1","0","0","","0","0","0","","",""
"080221","0000","0","99600","99800","99900","100000","100100","100200","100300","100400","100500","100600","99500","99400","99300","99200","99100","99000","98900","98800","98700","98600","382","1","342","316","329","230","14","318","526","1063","313","626","685","154","609","1017","16","25","331","8","3521","3784","0","0","0","0","0","-99700","5","-100.00","1002","-50","0","0","0","","0","0","0","","",""
"080221","0001","0","99600","99800","99900","100000","100100","100200","100300","100400","100500","100600","99500","99400","99300","99200","99100","99000","98900","98800","98700","98600","382","1","342","316","329","230","14","318","526","1063","313","626","685","154","609","1017","16","30","331","8","3521","3789","0","0","0","0","0","-99700","5","-100.00","1002","0","5","0","0","","0","0","0","","",""
"080222","0000","0","99600","99800","99900","100000","100100","100200","100300","100400","100500","100600","99500","99400","99300","99200","99100","99000","98900","98800","98700","98600","382","1","342","316","329","230","14","318","526","1073","313","626","685","154","609","1017","16","30","331","8","3531","3789","0","0","0","0","0","-99700","5","-100.00","1002","10","0","0","0","","0","0","0","","",""
"080222","0001","0","99600","99800","99900","100000","100100","100200","100300","100400","100500","100600","99500","99400","99300","99200","99100","99000","98900","98800","98700","98600","382","1","342","316","329","230","14","318","526","1073","313","626","685","194","609","1017","16","30","331","8","3531","3829","0","0","0","0","0","-99700","5","-100.00","1002","0","40","0","0","","0","0","0","","",""
"080223","0000","0","99600","99800","99900","100000","100100","100200","100300","100400","100500","100600","99500","99400","99300","99200","99100","99000","98900","98800","98700","98600","381","1","342","316","329","230","14","318","526","1073","313","626","685","194","609","1017","16","30","331","8","3530","3829","0","0","0","0","0","-99700","5","-100.00","1003","-1","0","0","0","","0","0","0","","",""
"080225","0000","0","99600","99800","99900","100000","100100","100200","100300","100400","100500","100600","99500","99400","99300","99200","99100","99000","98900","98800","98700","98600","381","1","342","316","329","230","14","318","526","1073","313","626","685","194","609","1019","16","30","331","8","3530","3831","0","0","0","0","0","-99700","5","-100.00","1003","0","2","0","0","","0","0","0","","",""
"080225","0001","0","99600","99800","99900","100000","100100","100200","100300","100400","100500","100600","99500","99400","99300","99200","99100","99000","98900","98800","98700","98600","381","1","342","316","329","230","14","418","526","1073","313","626","685","194","609","1019","16","30","331","8","3630","3831","0","0","0","0","0","-99700","5","-100.00","1003","100","0","0","0","","0","0","0","","",""
"080226","0000","0","99600","99800","99900","100000","100100","100200","100300","100400","100500","100600","99500","99400","99300","99200","99100","99000","98900","98800","98700","98600","311","1","342","316","329","230","14","418","526","1073","313","626","685","194","609","1019","16","30","331","8","3560","3831","0","0","0","0","0","-99700","5","-100.00","1073","-70","0","0","0","","0","0","0","","",""
"080226","0001","0","99600","99800","99900","100000","100100","100200","100300","100400","100500","100600","99500","99400","99300","99200","99100","99000","98900","98800","98700","98600","311","1","342","316","329","230","14","418","526","1073","313","576","685","194","609","1019","16","30","331","8","3560","3781","0","0","0","0","0","-99700","5","-100.00","1073","0","-50","0","0","","0","0","0","","",""
"080227","0000","0","99600","99800","99900","100000","100100","100200","100300","100400","100500","100600","99500","99400","99300","99200","99100","99000","98900","98800","98700","98600","311","1","342","316","329","230","14","418","526","1073","313","578","685","194","609","1019","16","30","331","8","3560","3783","0","0","0","0","0","-99700","5","-100.00","1073","0","2","0","0","","0","0","0","","",""
"080228","0000","0","99600","99800","99900","100000","100100","100200","100300","100400","100500","100600","99500","99400","99300","99200","99100","99000","98900","98800","98700","98600","311","1","342","316","329","230","14","418","526","1073","313","578","685","194","609","1019","16","130","331","8","3560","3883","0","0","0","0","0","-99700","5","-100.00","1073","0","100","0","0","","0","0","0","","",""
"080229","0000","0","99600","99800","99900","100000","100100","100200","100300","100400","100500","100600","99500","99400","99300","99200","99100","99000","98900","98800","98700","98600","311","1","342","316","329","230","14","418","526","1073","319","578","685","194","609","1019","16","130","331","8","3560","3889","0","0","0","0","0","-99700","5","-100.00","1073","0","6","0","0","","0","0","0","","",""
"080230","0000","0","99600","99800","99900","100000","100100","100200","100300","100400","100500","100600","99500","99400","99300","99200","99100","99000","98900","98800","98700","98600","311","1","342","316","329","230","14","418","526","1073","319","578","685","194","629","1019","16","130","331","8","3560","3909","0","0","0","0","0","-99700","5","-100.00","1073","0","20","0","0","","0","0","0","","",""
"080230","0001","0","99600","99800","99900","100000","100100","100200","100300","100400","100500","100600","99500","99400","99300","99200","99100","99000","98900","98800","98700","98600","311","1","342","321","329","230","14","418","526","1073","319","578","685","194","629","1019","16","130","331","8","3565","3909","0","0","0","0","0","-99700","5","-100.00","1073","5","0","0","0","","0","0","0","","",""
"080232","0000","0","99600","99800","99900","100000","100100","100200","100300","100400","100500","100600","99500","99400","99300","99200","99100","99000","98900","98800","98700","98600","306","1","342","321","329","230","14","418","526","1073","319","578","685","194","629","1019","16","130","331","8","3560","3909","0","0","0","0","0","-99700","5","-100.00","1078","-5","0","0","0","","0","0","0","","",""
"080232","0001","0","99600","99800","99900","100000","100100","100200","100300","100400","100500","100600","99500","99400","99300","99200","99100","99000","98900","98800","98700","98600","306","1","342","321","329","230","14","418","526","1073","319","578","685","194","629","1021","16","130","331","8","3560","3911","0","0","0","0","0","-99700","5","-100.00","1078","0","2","0","0","","0","0","0","","",""
"080233","0000","0","99600","99800","99900","100000","100100","100200","100300","100400","100500","100600","99500","99400","99300","99200","99100","99000","98900","98800","98700","98600","505","1","342","321","329","230","14","418","526","1073","319","578","685","194","629","1021","16","130","331","8","3759","3911","0","0","0","0","0","-99700","5","-100.00","1079","199","0","0","0","","0","0","0","","",""
"080234","0000","0","99600","99800","99900","100000","100100","100200","100300","100400","100500","100600","99500","99400","99300","99200","99100","99000","98900","98800","98700","98600","504","1","342","321","329","230","14","418","526","1073","319","578","685","194","629","1021","16","130","331","8","3758","3911","0","0","0","0","0","-99700","5","-100.00","1080","-1","0","0","0","","0","0","0","","",""
"080234","0001","0","99600","99800","99900","100000","100100","100200","100300","100400","100500","100600","99500","99400","99300","99200","99100","99000","98900","98800","98700","98600","498","1","342","321","329","230","14","418","526","1073","319","578","685","194","629","1021","16","130","331","8","3752","3911","0","0","0","0","0","-99700","5","-100.00","1086","-6","0","0","0","","0","0","0","","",""
"080235","0000","0","99600","99800","99900","100000","100100","100200","100300","100400","100500","100600","99500","99400","99300","99200","99100","99000","98900","98800","98700","98600","498","1","342","321","329","230","14","418","526","1073","319","578","685","194","630","1024","16","130","331","8","3752","3915","0","0","0","0","0","-99700","5","-100.00","1086","0","4","0","0","","0","0","0","","",""
"080237","0000","0","99600","99800","99900","100000","100100","100200","100300","100400","100500","100600","99500","99400","99300","99200","99100","99000","98900","98800","98700","98600","498","1","342","321","329","230","14","418","526","1073","319","578","685","194","630","1024","16","131","331","8","3752","3916","0","0","0","0","0","-99700","5","-100.00","1086","0","1","0","0","","0","0","0","","",""
"080238","0000","0","99600","99800","99900","100000","100100","100200","100300","100400","100500","100600","99500","99400","99300","99200","99100","99000","98900","98800","98700","98600","488","1","342","321","329","230","14","418","526","1073","319","578","685","194","630","1024","16","131","331","8","3742","3916","0","0","0","0","0","-99700","5","-100.00","1096","-10","0","0","0","","0","0","0","","",""
"080239","0000","0","99600","99800","99900","100000","100100","100200","100300","100400","100500","100600","99500","99400","99300","99200","99100","99000","98900","98800","98700","98600","488","1","342","321","329","230","14","418","526","1073","319","578","686","194","630","1024","16","131","331","8","3742","3917","0","0","0","0","0","-99700","5","-100.00","1096","0","1","0","0","","0","0","0","","",""
"080239","0001","0","99600","99800","99900","100000","100100","100200","100300","100400","100500","100600","99500","99400","99300","99200","99100","99000","98900","98800","98700","98600","438","1","342","321","329","231","14","418","526","1073","319","578","686","194","630","1024","16","131","331","8","3693","3917","0","0","0","0","0","-99700","5","-100.00","1146","-49","0","0","0","","0","0","0","","",""
"080240","0000","0","99600","99800","99900","100000","100100","100200","100300","100400","100500","100600","99500","99400","99300","99200","99100","99000","98900","98800","98700","98600","438","1","342","321","329","231","14","418","526","1073","319","578","686","194","630","1024","16","131","331","9","3693","3918","0","0","0","0","0","-99700","5","-100.00","1146","0","1","0","0","","0","0","0","","",""
"080240","0001","0","99600","99800","99900","100000","100100","100200","100300","100400","100500","100600","99500","99400","99300","99200","99100","99000","98900","98800","98700","98600","438","1","342","321","329","231","14","418","526","1073","319","579","686","194","630","1024","16","131","331","9","3693","3919","0","0","0","0","0","-99700","5","-100.00","1146","0","1","0","0","","0","0","0","","",""
"080240","0002","0","99600","99800","99900","100000","100100","100200","100300","100400","100500","100600","99500","99400","99300","99200","99100","99000","98900","98800","98700","98600","438","1","342","321","329","231","14","418","526","1073","320","579","686","194","630","1024","16","131","332","9","3693","3921","0","0","0","0","0","-99700","5","-100.00","1146","0","2","0","0","","0","0","0","","",""
"080240","0003","0","99600","99800","99900","100000","100100","100200","100300","100400","100500","100600","99500","99400","99300","99200","99100","99000","98900","98800","98700","98600","238","1","342","321","329","231","14","418","526","1073","141","579","686","194","630","1024","16","131","332","9","3493","3742","0","0","0","0","0","-99700","5","-100.00","1346","-200","-179","0","0","","0","0","0","","",""
"080241","0000","0","99600","99800","99900","100000","100100","100200","100300","100400","100500","100600","99500","99400","99300","99200","99100","99000","98900","98800","98700","98600","278","1","342","321","329","231","14","418","526","1073","141","579","686","194","630","1024","16","131","332","9","3533","3742","0","0","0","0","0","-99700","5","-100.00","1346","40","0","0","0","","0","0","0","","",""
"080245","0000","0","99600","99800","99900","100000","100100","100200","100300","100400","100500","100600","99500","99400","99300","99200","99100","99000","98900","98800","98700","98600","278","1","342","321","329","231","14","418","526","1073","347","579","686","194","630","1024","16","131","332","9","3533","3948","0","0","0","0","0","-99700","5","-100.00","1346","0","206","0","0","","0","0","0","","",""
"080245","0001","0","99600","99800","99900","100000","100100","100200","100300","100400","100500","100600","99500","99400","99300","99200","99100","99000","98900","98800","98700","98600","278","1","342","321","329","231","14","418","526","1073","347","579","686","195","630","1024","16","131","332","9","3533","3949","0","0","0","0","0","-99700","5","-100.00","1346","0","1","0","0","","0","0","0","","",""
"080246","0000","0","99600","99800","99900","100000","100100","100200","100300","100400","100500","100600","99500","99400","99300","99200","99100","99000","98900","98800","98700","98600","278","3","342","321","329","231","14","418","526","1073","347","579","686","195","630","1024","16","131","332","9","3535","3949","0","0","0","0","0","-99700","5","-100.00","1346","2","0","0","0","","0","0","0","","",""
"080246","0001","0","99600","99800","99900","100000","100100","100200","100300","100400","100500","100600","99500","99400","99300","99200","99100","99000","98900","98800","98700","98600","278","3","342","321","329","231","14","418","526","1073","348","679","686","195","530","1024","16","131","332","9","3535","3950","0","0","0","0","0","-99700","5","-100.00","1346","0","1","0","0","","0","0","0","","",""
"080247","0000","0","99600","99800","99900","100000","100100","100200","100300","100400","100500","100600","99500","99400","99300","99200","99100","99000","98900","98800","98700","98600","278","3","342","321","329","231","14","418","526","1073","548","679","686","195","530","1024","16","131","332","9","3535","4150","0","0","0","0","0","-99700","5","-100.00","1346","0","200","0","0","","0","0","0","","",""
"080247","0001","0","99600","99800","99900","100000","100100","100200","100300","100400","100500","100600","99500","99400","99300","99200","99100","99000","98900","98800","98700","98600","278","10","342","321","329","231","14","418","526","1073","549","679","686","195","530","1024","16","131","332","9","3542","4151","0","0","0","0","0","-99700","5","-100.00","1346","7","1","0","0","","0","0","0","","",""
"080250","0000","0","99600","99800","99900","100000","100100","100200","100300","100400","100500","100600","99500","99400","99300","99200","99100","99000","98900","98800","98700","98600","278","10","342","321","329","231","14","418","526","1073","549","679","686","197","530","1024","16","131","332","9","3542","4153","0","0","0","0","0","-99700","5","-100.00","1346","0","2","0","0","","0","0","0","","",""
"080251","0000","0","99600","99800","99900","100000","100100","100200","100300","100400","100500","100600","99500","99400","99300","99200","99100","99000","98900","98800","98700","98600","278","20","342","321","329","231","14","418","526","1073","549","679","686","197","530","1024","16","131","332","9","3552","4153","0","0","0","0","0","-99700","5","-100.00","1346","10","0","0","0","","0","0","0","","",""
"080251","0001","0","99600","99800","99900","100000","100100","100200","100300","100400","100500","100600","99500","99400","99300","99200","99100","99000","98900","98800","98700","98600","278","20","342","321","329","231","14","418","526","1093","549","679","686","197","530","1024","16","131","332","9","3572","4153","0","0","0","0","0","-99700","5","-100.00","1346","20","0","0","0","","0","0","0","","",""
"080252","0000","0","99600","99800","99900","100000","100100","100200","100300","100400","100500","100600","99500","99400","99300","99200","99100","99000","98900","98800","98700","98600","278","20","342","321","329","231","14","418","526","1093","549","679","686","197","530","1024","17","131","332","9","3572","4154","0","0","0","0","0","-99700","5","-100.00","1346","0","1","0","0","","0","0","0","","",""
"080252","0001","0","99600","99800","99900","100000","100100","100200","100300","100400","100500","100600","99500","99400","99300","99200","99100","99000","98900","98800","98700","98600","278","20","342","321","329","231","14","418","526","1093","551","679","686","197","530","1024","17","131","332","9","3572","4156","0","0","0","0","0","-99700","5","-100.00","1346","0","2","0","0","","0","0","0","","",""
"080253","0000","0","99600","99800","99900","100000","100100","100200","100300","100400","100500","100600","99500","99400","99300","99200","99100","99000","98900","98800","98700","98600","268","20","342","321","329","231","14","418","526","1093","551","679","686","197","530","1024","17","131","332","9","3562","4156","0","0","0","0","0","-99700","5","-100.00","1356","-10","0","0","0","","0","0","0","","",""
"080254","0000","0","99600","99700","99800","99900","100000","100100","100200","100300","100400","100500","99500","99400","99300","99200","99100","99000","98900","98800","98700","98600","268","1","20","342","321","329","231","14","418","526","551","679","686","197","530","1024","18","131","332","9","2470","4157","0","0","0","0","0","-99700","5","-100.00","1356","-1092","1","0","0","","0","0","0","","",""
"080255","0000","0","99600","99700","99800","99900","100000","100100","100200","100300","100400","100500","99500","99400","99300","99200","99100","99000","98900","98800","98700","98600","268","1","20","342","321","329","231","14","418","526","551","689","676","197","530","1024","18","131","332","9","2470","4157","0","0","0","0","0","-99700","5","-100.00","1356","0","0","0","0","","0","0","0","","",""
"080256","0000","0","99600","99700","99800","99900","100000","100100","100200","100300","100400","100500","99500","99400","99300","99200","99100","99000","98900","98800","98700","98600","268","1","20","342","321","329","231","14","418","526","551","689","676","197","530","1024","18","131","345","9","2470","4170","0","0","0","0","0","-99700","5","-100.00","1356","0","13","0","0","","0","0","0","","",""
"080257","0000","0","99600","99700","99800","99900","100000","100100","100200","100300","100400","100500","99500","99400","99300","99200","99100","99000","98900","98800","98700","98600","268","1","20","342","321","329","231","14","418","526","551","689","676","197","530","524","18","131","345","9","2470","3670","0","0","0","0","0","-99700","5","-100.00","1356","0","-500","0","0","","0","0","0","","",""
"080257","0001","0","99600","99700","99800","99900","100000","100100","100200","100300","100400","100500","99500","99400","99300","99200","99100","99000","98900","98800","98700","98600","268","1","20","342","321","329","231","14","418","526","552","689","676","197","530","524","18","131","345","9","2470","3671","0","0","0","0","0","-99700","5","-100.00","1356","0","1","0","0","","0","0","0","","",""
"080257","0002","0","99600","99700","99800","99900","100000","100100","100200","100300","100400","100500","99500","99400","99300","99200","99100","99000","98900","98800","98700","98600","268","1","20","342","321","329","231","14","418","526","552","689","676","247","530","524","18","131","345","9","2470","3721","0","0","0","0","0","-99700","5","-100.00","1356","0","50","0","0","","0","0","0","","",""
"080258","0000","0","99600","99700","99800","99900","100000","100100","100200","100300","100400","100500","99500","99400","99300","99200","99100","99000","98900","98800","98700","98600","268","1","20","342","321","329","231","14","418","526","552","689","676","247","530","534","18","131","345","9","2470","3731","0","0","0","0","0","-99700","5","-100.00","1356","0","10","0","0","","0","0","0","","",""
"080258","0001","0","99600","99700","99800","99900","100000","100100","100200","100300","100400","100500","99500","99400","99300","99200","99100","99000","98900","98800","98700","98600","263","1","20","342","321","329","231","14","418","526","552","689","676","247","530","534","18","131","345","9","2465","3731","0","0","0","0","0","-99700","5","-100.00","1361","-5","0","0","0","","0","0","0","","",""
"080259","0000","0","99600","99700","99800","99900","100000","100100","100200","100300","100400","100500","99500","99400","99300","99200","99100","99000","98900","98800","98700","98600","263","1","20","342","321","329","231","14","418","526","554","689","676","247","530","534","18","131","345","9","2465","3733","0","0","0","0","0","-99700","5","-100.00","1361","0","2","0","0","","0","0","0","","",""
"080301","0000","0","99600","99700","99800","99900","100000","100100","100200","100300","100400","100500","99500","99400","99300","99200","99100","99000","98900","98800","98700","98600","262","1","20","342","321","329","231","14","418","526","554","689","676","247","530","534","18","131","345","9","2464","3733","0","0","0","0","0","-99700","5","-100.00","1362","-1","0","0","0","","0","0","0","","",""
"080303","0000","0","99600","99700","99800","99900","100000","100100","100200","100300","100400","100500","99500","99400","99300","99200","99100","99000","98900","98800","98700","98600","262","1","20","342","321","329","231","14","418","526","554","689","676","247","531","534","18","131","345","9","2464","3734","0","0","0","0","0","-99700","5","-100.00","1362","0","1","0","0","","0","0","0","","",""
"080303","0001","0","99600","99700","99800","99900","100000","100100","100200","100300","100400","100500","99500","99400","99300","99200","99100","99000","98900","98800","98700","98600","262","1","20","342","321","329","231","14","418","526","554","689","676","247","531","534","18","131","345","10","2464","3735","0","0","0","0","0","-99700","5","-100.00","1362","0","1","0","0","","0","0","0","","",""
"080305","0000","0","99600","99700","99800","99900","100000","100100","100200","100300","100400","100500","99500","99400","99300","99200","99100","99000","98900","98800","98700","98600","262","1","20","342","321","329","231","14","418","526","555","689","676","247","531","544","18","131","345","10","2464","3746","0","0","0","0","0","-99700","5","-100.00","1362","0","11","0","0","","0","0","0","","",""
"080306","0000","0","99600","99700","99800","99900","100000","100100","100200","100300","100400","100500","99500","99400","99300","99200","99100","99000","98900","98800","98700","98600","262","1","20","342","321","329","231","14","418","526","655","689","676","247","531","544","18","131","345","10","2464","3846","0","0","0","0","0","-99700","5","-100.00","1362","0","100","0","0","","0","0","0","","",""
"080306","0001","0","99600","99700","99800","99900","100000","100100","100200","100300","100400","100500","99500","99400","99300","99200","99100","99000","98900","98800","98700","98600","276","1","20","342","321","329","231","14","418","526","655","689","676","247","531","544","18","131","345","10","2478","3846","0","0","0","0","0","-99700","5","-100.00","1362","14","0","0","0","","0","0","0","","",""
"080307","0000","0","99600","99700","99800","99900","100000","100100","100200","100300","100400","100500","99500","99400","99300","99200","99100","99000","98900","98800","98700","98600","276","1","20","342","321","329","231","14","418","526","655","689","676","247","551","544","18","131","345","10","2478","3866","0","0","0","0","0","-99700","5","-100.00","1362","0","20","0","0","","0","0","0","","",""
"080308","0000","0","99600","99700","99800","99900","100000","100100","100200","100300","100400","100500","99500","99400","99300","99200","99100","99000","98900","98800","98700","98600","276","1","20","342","321","329","231","14","418","526","655","689","676","248","551","544","18","131","345","10","2478","3867","0","0","0","0","0","-99700","5","-100.00","1362","0","1","0","0","","0","0","0","","",""
"080308","0001","0","99700","99800","99900","100000","100100","100200","100300","100400","100500","100600","99600","99500","99400","99300","99200","99100","99000","98900","98800","98700","1","20","342","321","329","231","14","418","526","1093","107","634","1689","676","248","551","544","18","131","345","3295","4943","0","0","0","0","0","-99700","5","-100.00","1638","817","1076","0","0","","0","0","0","","",""
"080308","0002","0","99700","99800","99900","100000","100100","100200","100300","100400","100500","100600","99600","99500","99400","99300","99200","99100","99000","98900","98800","98700","1","20","342","321","329","231","14","418","526","1093","107","634","1689","676","248","551","544","18","131","350","3295","4948","0","0","0","0","0","-99700","5","-100.00","1638","0","5","0","0","","0","0","0","","",""
