"time","millisec","HOUR_CLS_CODE","ASKP1","ASKP2","ASKP3","ASKP4","ASKP5","ASKP6","ASKP7","ASKP8","ASKP9","ASKP10","BIDP1","BIDP2","BIDP3","BIDP4","BIDP5","BIDP6","BIDP7","BIDP8","BIDP9","BIDP10","ASKP_RSQN1","ASKP_RSQN2","ASKP_RSQN3","ASKP_RSQN4","ASKP_RSQN5","ASKP_RSQN6","ASKP_RSQN7","ASKP_RSQN8","ASKP_RSQN9","ASKP_RSQN10","BIDP_RSQN1","BIDP_RSQN2","BIDP_RSQN3","BIDP_RSQN4","BIDP_RSQN5","BIDP_RSQN6","BIDP_RSQN7","BIDP_RSQN8","BIDP_RSQN9","BIDP_RSQN10","TOTAL_ASKP_RSQN","TOTAL_BIDP_RSQN","OVTM_TOTAL_ASKP_RSQN","OVTM_TOTAL_BIDP_RSQN","ANTC_CNPR","ANTC_CNQN","ANTC_VOL","ANTC_CNTG_VRSS","ANTC_CNTG_VRSS_SIGN","ANTC_CNTG_PRDY_CTRT","ACML_VOL","TOTAL_ASKP_RSQN_ICDC","TOTAL_BIDP_RSQN_ICDC","OVTM_TOTAL_ASKP_ICDC","OVTM_TOTAL_BIDP_ICDC","STCK_DEAL_CLS_CODE","KMID_PRC","KMID_TOTAL_RSQN","KMID_CLS_CODE","NMID_PRC","NMID_TOTAL_RSQN","NMID_CLS_CODE"
"080000","0000","0","0","0","0","0","0","0","0","0","0","0","275000","270500","261000","251500","250000","240500","0","0","0","0","0","0","0","0","0","0","0","0","0","0","50","70","100","150","10","200","0","0","0","0","0","580","0","0","0","0","0","-283000","5","-100.00","0","0","0","0","0","","0","0","0","","",""
"080000","0001","0","291500","299500","0","0","0","0","0","0","0","0","276000","275000","270500","261000","251500","250000","240500","198500","0","0","2","30","0","0","0","0","0","0","0","0","3","50","70","100","150","10","200","1","0","0","32","584","0","0","0","0","0","-283000","5","-100.00","0","32","4","0","0","","0","0","0","","",""
"080001","0000","0","291500","299500","313000","323000","0","0","0","0","0","0","283000","276000","275000","270500","261000","251500","250000","240500","198500","0","2","30","50","45","0","0","0","0","0","0","5","3","50","70","100","150","10","200","1","0","127","589","0","0","0","0","0","-283000","5","-100.00","0","95","5","0","0","","0","0","0","","",""
"080001","0001","0","289000","291500","299500","313000","323000","0","0","0","0","0","283000","276000","275000","270500","261000","251500","250000","240500","220500","198500","10","2","30","50","45","0","0","0","0","0","6","3","50","70","100","150","10","200","21","1","137","611","0","0","0","0","0","-283000","5","-100.00","0","10","22","0","0","","0","0","0","","",""
"080002","0000","0","289000","291500","297500","299500","300000","311500","313000","315000","323000","367500","283000","282500","282000","281500","281000","276000","275000","271500","270500","261000","10","2","10","30","10","15","50","20","45","356","26","1","2","3","4","3","50","10","70","100","548","269","0","0","0","0","0","-283000","5","-100.00","0","411","-342","0","0","","0","0","0","","",""
"080002","0001","0","289000","291500","297500","299500","300000","305000","311500","313000","315000","318000","283000","282500","282000","281500","281000","280500","280000","276000","275000","271500","10","2","10","30","10","40","15","50","20","25","38","1","2","3","7","4","5","3","50","10","212","123","0","0","0","0","0","-283000","5","-100.00","0","-336","-146","0","0","","0","0","0","","",""
"080002","0002","0","289000","291500","297500","299500","300000","305000","311000","311500","313000","315000","283000","282500","282000","281500","281000","280500","280000","279500","279000","278500","10","2","10","30","10","40","2","15","50","20","38","1","2","3","7","4","5","5","6","6","189","77","0","0","0","0","0","-283000","5","-100.00","0","-23","-46","0","0","","0","0","0","","",""
"080003","0000","0","289000","291500","294000","297500","299500","300000","305000","308500","311000","311500","283000","282500","282000","281500","281000","280500","280000","279500","279000","278500","10","2","1","10","30","10","40","5","2","15","38","1","2","3","7","4","5","5","6","6","125","77","0","0","0","0","0","-283000","5","-100.00","0","-64","0","0","0","","0","0","0","","",""
"080003","0001","0","289000","291500","293500","294000","297500","299500","300000","305000","308500","311000","283000","282500","282000","281500","281000","280500","280000","279500","279000","278500","10","2","5","1","10","30","10","40","5","2","38","1","2","3","7","4","5","5","6","6","115","77","0","0","0","0","0","-283000","5","-100.00","0","-10","0","0","0","","0","0","0","","",""
"080003","0002","0","289000","291500","293500","294000","297500","299500","300000","305000","308500","311000","283000","282500","282000","281500","281000","280500","280000","279500","279000","278500","10","2","5","1","10","30","10","40","5","2","38","1","2","3","7","4","6","5","6","6","115","78","0","0","0","0","0","-283000","5","-100.00","0","0","1","0","0","","0","0","0","","",""
"080004","0000","0","289000","291500","293500","294000","297500","298000","299500","300000","305000","308500","283000","282500","282000","281500","281000","280500","280000","279500","279000","278500","10","2","5","1","10","10","30","10","40","5","38","1","2","3","7","4","6","5","106","6","123","178","0","0","0","0","0","-283000","5","-100.00","0","8","100","0","0","","0","0","0","","",""
"080004","0001","0","289000","291500","293500","294000","297500","298000","299500","300000","305000","308500","283000","282500","282000","281500","281000","280500","280000","279500","279000","278500","10","2","5","1","10","10","30","10","40","5","40","1","2","3","7","4","6","5","106","6","123","180","0","0","0","0","0","-283000","5","-100.00","0","0","2","0","0","","0","0","0","","",""
"080005","0000","0","289000","291500","293500","294000","297500","298000","299500","300000","305000","308500","283000","282500","282000","281500","281000","280500","280000","279500","279000","278500","10","2","5","1","10","10","30","10","40","5","30","1","2","3","7","4","6","5","106","6","123","170","0","0","0","0","0","-283000","5","-100.00","10","0","-10","0","0","","0","0","0","","",""
"080005","0001","0","289000","291500","293500","294000","297500","298000","299500","300000","305000","308500","283000","282500","282000","281500","281000","280500","280000","279500","279000","278500","10","2","5","1","10","10","30","392","40","5","30","1","2","3","7","4","6","5","106","6","505","170","0","0","0","0","0","-283000","5","-100.00","10","382","0","0","0","","0","0","0","","",""
"080005","0002","0","289000","291500","293500","294000","297500","298000","299500","300000","305000","308500","283500","283000","282500","282000","281500","281000","280500","280000","279500","279000","10","2","5","1","10","10","30","392","40","5","4","30","1","2","3","7","4","6","5","106","505","168","0","0","0","0","0","-283000","5","-100.00","10","0","-2","0","0","","0","0","0","","",""
"080006","0000","0","289000","291500","293500","294000","297500","298000","299500","300000","305000","308500","283500","283000","282500","282000","281500","281000","280500","280000","279500","279000","10","2","5","1","10","10","30","392","40","5","4","30","1","2","3","7","4","11","5","106","505","173","0","0","0","0","0","-283000","5","-100.00","10","0","5","0","0","","0","0","0","","",""
"080006","0001","0","289000","291500","293500","294000","297500","298000","299500","300000","303000","305000","283500","283000","282500","282000","281500","281000","280500","280000","279500","279000","10","2","5","1","10","10","30","392","1","40","4","30","1","2","3","7","4","11","5","106","501","173","0","0","0","0","0","-283000","5","-100.00","10","-4","0","0","0","","0","0","0","","",""
"080006","0002","0","288000","289000","291500","293500","294000","297500","298000","299500","300000","303000","283500","283000","282500","282000","281500","281000","280500","280000","279500","279000","20","10","2","5","1","10","10","30","392","1","4","30","1","2","3","7","4","11","5","106","481","173","0","0","0","0","0","-283000","5","-100.00","10","-20","0","0","0","","0","0","0","","",""
"080007","0000","0","288000","289000","291500","293500","294000","297500","298000","299500","300000","303000","283500","283000","282500","282000","281500","281000","280500","280000","279500","279000","20","10","2","5","1","10","10","30","392","1","4","65","1","2","3","7","4","11","5","106","481","208","0","0","0","0","0","-283000","5","-100.00","10","0","35","0","0","","0","0","0","","",""
"080007","0001","0","288000","289000","291500","293500","294000","297500","298000","299500","300000","303000","283500","283000","282500","282000","281500","281000","280500","280000","279500","279000","20","10","2","5","1","10","20","30","392","1","4","65","1","2","3","7","4","11","5","106","491","208","0","0","0","0","0","-283000","5","-100.00","10","10","0","0","0","","0","0","0","","",""
"080007","0002","0","288000","289000","291500","293500","294000","297500","298000","299500","300000","303000","283500","283000","282500","282000","281500","281000","280500","280000","279500","279000","20","10","2","5","1","10","20","30","392","1","2","65","1","2","3","7","4","11","5","106","491","206","0","0","0","0","0","-283000","5","-100.00","12","0","-2","0","0","","0","0","0","","",""
"080008","0000","0","288000","289000","291500","293000","293500","294000","297500","298000","299500","300000","283500","283000","282500","282000","281500","281000","280500","280000","279500","279000","20","10","2","2","5","1","10","20","30","392","2","65","1","2","3","7","4","11","5","106","492","206","0","0","0","0","0","-283000","5","-100.00","12","1","0","0","0","","0","0","0","","",""
"080008","0001","0","288000","289000","291500","293000","293500","294000","297500","298000","299500","300000","283500","283000","282500","282000","281500","281000","280500","280000","279500","279000","20","10","2","2","5","1","10","20","30","392","2","65","1","2","3","7","4","11","5","111","492","211","0","0","0","0","0","-283000","5","-100.00","12","0","5","0","0","","0","0","0","","",""
"080008","0002","0","288000","289000","291500","293000","293500","294000","297500","298000","299500","300000","283500","283000","282500","282000","281500","281000","280500","280000","279500","279000","20","10","2","2","5","1","10","20","30","392","2","65","1","2","3","7","4","11","5","111","492","211","0","0","0","0","0","-283000","5","-100.00","12","0","0","0","0","","0","0","0","","",""
"080008","0003","0","288000","289000","291500","293000","293500","294000","295500","297500","298000","299500","283500","283000","282500","282000","281500","281000","280500","280000","279500","279000","20","10","2","2","5","1","18","10","20","30","2","65","1","2","3","7","4","11","5","111","118","211","0","0","0","0","0","-283000","5","-100.00","12","-374","0","0","0","","0","0","0","","",""
"080010","0000","0","287500","288000","289000","291500","293500","294000","295500","297500","298000","299000","283500","283000","282500","282000","281500","281000","280500","280000","279500","279000","2","20","10","2","5","1","18","10","20","20","2","65","1","2","3","7","4","11","5","111","108","211","0","0","0","0","0","-283000","5","-100.00","12","-10","0","0","0","","0","0","0","","",""
"080010","0001","0","287500","288000","289000","291500","293500","294000","295500","297500","298000","299000","283500","283000","282500","282000","281500","281000","280500","280000","279500","279000","2","20","13","2","5","1","18","10","20","20","2","65","1","2","3","7","4","11","5","111","111","211","0","0","0","0","0","-283000","5","-100.00","12","3","0","0","0","","0","0","0","","",""
"080010","0002","0","287500","288000","289000","291500","292000","293500","294000","295500","297500","298000","283500","283000","282500","282000","281500","281000","280500","280000","279500","279000","2","20","13","2","1","5","1","18","10","20","2","65","1","2","3","7","4","11","5","111","92","211","0","0","0","0","0","-283000","5","-100.00","12","-19","0","0","0","","0","0","0","","",""
"080011","0000","0","287000","287500","288000","289000","291500","292000","293500","294000","295500","297500","283500","283000","282500","282000","281500","281000","280500","280000","279500","279000","1","3","20","13","2","1","5","1","18","10","12","65","1","2","3","7","4","11","5","111","74","221","0","0","0","0","0","-283000","5","-100.00","12","-18","10","0","0","","0","0","0","","",""
"080012","0000","0","287000","287500","288000","289000","291500","292000","293500","294000","295500","297500","283500","283000","282500","282000","281500","281000","280500","280000","279500","279000","1","3","20","13","2","1","5","1","18","10","11","65","1","2","3","7","4","11","5","111","74","220","0","0","0","0","0","-283000","5","-100.00","13","0","-1","0","0","","0","0","0","","",""
"080012","0001","0","287000","287500","288000","289000","291500","292000","293500","294000","295500","297500","283500","283000","282500","282000","281500","281000","280500","280000","279500","279000","1","4","20","13","2","1","5","1","18","10","11","65","1","2","3","7","4","11","5","111","75","220","0","0","0","0","0","-283000","5","-100.00","13","1","0","0","0","","0","0","0","","",""
"080013","0000","0","286500","287000","288000","289000","291500","292000","293500","294000","295500","297500","283500","283000","282500","282000","281500","281000","280500","280000","279500","279000","1","1","20","13","2","1","5","1","18","10","11","65","1","2","3","7","4","11","5","111","72","220","0","0","0","0","0","-283000","5","-100.00","14","7","0","0","0","","0","0","0","","",""
"080013","0001","0","286500","287000","288000","289000","291500","292000","293500","294000","295500","297500","283500","283000","282500","282000","281500","281000","280500","280000","279500","279000","1","1","20","13","2","1","5","1","18","10","9","65","1","2","3","7","4","11","5","111","72","218","0","0","0","0","0","-283000","5","-100.00","16","0","-2","0","0","","0","0","0","","",""
"080013","0002","0","286500","287000","287500","288000","289000","291500","292000","293500","294000","295500","283500","283000","282500","282000","281500","281000","280500","280000","279500","279000","1","1","3","20","13","2","1","5","1","18","9","65","1","2","3","7","4","11","6","111","65","219","0","0","0","0","0","-283000","5","-100.00","16","-7","1","0","0","","0","0","0","","",""
"080014","0000","0","286500","287000","287500","288000","289000","291500","292000","293500","294000","295500","283500","283000","282500","282000","281500","281000","280500","280000","279500","279000","1","2","3","20","13","2","1","5","1","18","1","102","1","2","3","7","4","11","6","111","66","248","0","0","0","0","0","-283000","5","-100.00","91","-9","-5","0","0","","0","0","0","","",""
"080014","0001","0","286500","287000","287500","288000","289000","291500","292000","293500","294000","295500","283500","283000","282500","282000","281500","281000","280500","280000","279500","279000","1","2","3","20","13","2","1","5","1","18","2","102","1","2","3","7","4","11","6","111","66","249","0","0","0","0","0","-283000","5","-100.00","91","0","1","0","0","","0","0","0","","",""
"080014","0002","0","286000","286500","288000","289000","291500","292000","293500","294000","295500","297500","283500","283000","282500","282000","281500","281000","280500","280000","279500","279000","1","4","20","13","2","1","5","1","18","10","2","102","1","2","3","7","4","11","6","111","75","249","0","0","0","0","0","-283000","5","-100.00","91","9","0","0","0","","0","0","0","","",""
"080014","0003","0","283500","287500","288000","289000","291500","292000","293500","294000","295500","297500","283000","282500","282000","281500","281000","280500","280000","279500","279000","278500","6","3","20","13","2","1","5","1","18","10","3","1","2","3","7","4","12","6","111","6","79","155","0","0","0","0","0","-283000","5","-100.00","196","4","-95","0","0","","0","0","0","","",""
"080016","0000","0","283500","287500","288000","289000","291500","292000","293500","294000","295500","297500","283000","282500","282000","281500","281000","280500","280000","279500","279000","278500","27","4","20","13","2","1","5","1","18","10","1","1","2","3","7","4","12","6","111","6","101","153","0","0","0","0","0","-283000","5","-100.00","198","22","-2","0","0","","0","0","0","","",""
"080017","0000","0","283500","287500","288000","289000","291500","292000","293500","294000","295500","297500","283000","282500","282000","281500","281000","280500","280000","279500","279000","278500","27","4","20","13","2","1","5","1","18","10","1","1","2","3","7","4","12","6","111","6","101","153","0","0","0","0","0","-283000","5","-100.00","198","0","0","0","0","","0","0","0","","",""
"080017","0001","0","283500","287500","288000","289000","291500","292000","293500","294000","295500","297500","283000","282500","282000","281500","281000","280500","280000","279500","279000","278500","27","4","20","13","2","1","5","1","18","10","1","1","2","3","7","4","22","6","111","6","101","163","0","0","0","0","0","-283000","5","-100.00","198","0","10","0","0","","0","0","0","","",""
"080018","0000","0","283500","287500","288000","289000","291500","292000","293500","294000","295500","297500","283000","282500","282000","281500","281000","280500","280000","279500","279000","278500","27","4","20","13","2","1","5","1","18","10","2","1","2","3","7","4","22","6","111","6","101","164","0","0","0","0","0","-283000","5","-100.00","198","0","1","0","0","","0","0","0","","",""
"080018","0001","0","283000","283500","287500","288000","289000","291500","292000","293500","294000","295500","282500","282000","281500","281000","280500","280000","279500","279000","278500","278000","15","27","4","20","13","2","1","5","1","18","1","2","3","7","4","22","6","111","6","7","106","169","0","0","0","0","0","-283000","5","-100.00","200","5","5","0","0","","0","0","0","","",""
"080020","0000","0","283000","283500","287500","288000","289000","291500","292000","293500","294000","295500","282000","281500","281000","280500","280000","279500","279000","278500","278000","277500","35","27","4","20","13","2","1","5","1","18","2","3","7","4","22","6","111","6","7","8","126","176","0","0","0","0","0","-283000","5","-100.00","201","20","7","0","0","","0","0","0","","",""
"080020","0001","0","282500","283000","283500","286000","287500","288000","289000","291500","292000","293500","281500","281000","280500","280000","279500","279000","278500","278000","277500","277000","1","33","25","5","4","20","13","2","1","5","3","7","4","22","6","111","6","7","8","8","109","182","0","0","0","0","0","-283000","5","-100.00","203","-17","6","0","0","","0","0","0","","",""
"080020","0002","0","282500","283000","283500","286000","287500","288000","289000","291500","292000","293500","281500","281000","280500","280000","279500","279000","278500","278000","277500","277000","3","33","25","5","1","20","13","2","1","5","3","7","4","22","6","111","6","7","8","8","108","182","0","0","0","0","0","-283000","5","-100.00","205","-1","0","0","0","","0","0","0","","",""
"080021","0000","0","282500","283000","283500","286000","287500","288000","289000","291500","292000","293500","281500","281000","280500","280000","279500","279000","278500","278000","277500","277000","3","33","25","5","1","20","13","2","1","5","3","7","4","22","6","111","6","7","8","8","108","182","0","0","0","0","0","-283000","5","-100.00","205","0","0","0","0","","0","0","0","","",""
"080022","0000","0","283000","283500","286000","287500","288000","289000","291500","292000","293500","294000","281500","281000","280500","280000","279500","279000","278500","278000","277500","277000","32","25","5","1","20","13","2","1","5","1","3","7","4","22","6","111","6","7","8","8","105","182","0","0","0","0","0","-283000","5","-100.00","225","-3","0","0","0","","0","0","0","","",""
"080023","0000","0","282500","283000","283500","286000","288000","289000","291500","292000","293500","294000","281500","281000","280500","280000","279500","279000","278500","278000","277500","277000","2","32","25","5","20","13","2","1","5","1","3","7","4","22","6","111","6","7","8","8","106","182","0","0","0","0","0","-283000","5","-100.00","225","1","0","0","0","","0","0","0","","",""
"080024","0000","0","282500","283000","283500","286000","287500","288000","289000","291500","292000","293500","281500","281000","280500","280000","279500","279000","278500","278000","277500","277000","5","32","25","5","109","20","13","2","1","5","3","7","4","22","6","111","6","7","8","8","217","182","0","0","0","0","0","-283000","5","-100.00","225","111","0","0","0","","0","0","0","","",""
"080024","0001","0","282500","283000","283500","286000","287500","288000","289000","291500","292000","293500","281500","281000","280500","280000","279500","279000","278500","278000","277500","277000","5","32","25","5","109","20","13","2","1","5","3","7","4","22","6","111","6","12","8","8","217","187","0","0","0","0","0","-283000","5","-100.00","225","0","5","0","0","","0","0","0","","",""
"080025","0000","0","282500","283000","283500","286000","287500","288000","289000","290000","291500","292000","281500","281000","280500","280000","279500","279000","278500","278000","277500","277000","5","32","25","5","109","20","13","2","2","3","3","7","4","22","6","111","6","12","8","8","216","187","0","0","0","0","0","-283000","5","-100.00","225","-1","0","0","0","","0","0","0","","",""
"080025","0001","0","282500","283000","283500","286000","287500","288000","289000","290000","291500","292000","281500","281000","280500","280000","279500","279000","278500","278000","277500","277000","5","32","25","5","109","20","13","2","2","3","103","7","4","22","6","113","6","12","8","8","216","289","0","0","0","0","0","-283000","5","-100.00","225","0","102","0","0","","0","0","0","","",""
"080026","0000","0","282500","283000","283500","286000","287500","288000","289000","290000","291500","292000","281500","281000","280500","280000","279500","279000","278500","278000","277500","277000","10","32","25","5","109","20","13","2","2","3","103","7","4","22","6","113","6","12","8","8","221","289","0","0","0","0","0","-283000","5","-100.00","225","5","0","0","0","","0","0","0","","",""
"080026","0001","0","282500","283000","283500","286000","287500","288000","289000","290000","291500","292000","282000","281500","281000","280500","280000","279500","279000","278500","278000","277500","10","32","25","5","109","20","13","2","2","3","2","103","7","4","24","6","113","6","14","8","221","287","0","0","0","0","0","-283000","5","-100.00","225","0","4","0","0","","0","0","0","","",""
"080026","0002","0","283000","283500","286000","287500","288000","289000","290000","291500","292000","293000","282500","282000","281500","281000","280500","280000","279500","279000","278500","278000","32","25","5","109","20","13","2","2","3","10","40","2","103","7","4","24","6","113","6","14","221","319","0","0","0","0","0","-283000","5","-100.00","235","0","32","0","0","","0","0","0","","",""
"080027","0000","0","283000","283500","286000","287500","288000","289000","290000","291500","292000","293000","282500","282000","281500","281000","280500","280000","279500","279000","278500","278000","32","25","5","109","20","13","2","2","3","10","40","2","103","7","4","24","6","113","6","19","221","324","0","0","0","0","0","-283000","5","-100.00","235","0","5","0","0","","0","0","0","","",""
"080027","0001","0","283000","283500","286000","287500","288000","289000","290000","291500","292000","293000","282500","282000","281500","281000","280500","280000","279500","279000","278500","278000","32","25","5","109","20","13","2","2","3","10","10","2","103","7","4","24","7","113","6","19","221","295","0","0","0","0","0","-283000","5","-100.00","265","0","-29","0","0","","0","0","0","","",""
"080027","0002","0","283000","283500","286000","287500","288000","289000","290000","291500","292000","293000","282500","282000","281500","281000","280500","280000","279500","279000","278500","278000","32","25","5","109","20","13","2","2","3","10","50","2","103","7","4","24","7","113","6","19","221","335","0","0","0","0","0","-283000","5","-100.00","265","0","40","0","0","","0","0","0","","",""
"080028","0000","0","282500","283000","283500","286000","287500","288000","289000","290000","291500","292000","282000","281500","281000","280500","280000","279500","279000","278500","278000","277500","28","32","25","5","109","20","13","2","2","3","2","103","7","4","24","7","113","6","19","9","239","294","0","0","0","0","0","-283000","5","-100.00","317","-2","0","0","0","","0","0","0","","",""
"080029","0000","0","282500","283000","283500","286000","287500","288000","289000","290000","291500","292000","282000","281500","281000","280500","280000","279500","279000","278500","278000","277500","38","32","25","5","109","20","13","2","2","3","2","103","7","4","24","7","113","6","19","9","249","294","0","0","0","0","0","-283000","5","-100.00","317","10","0","0","0","","0","0","0","","",""
"080030","0000","0","282500","283000","283500","286000","287500","288000","289000","290000","291500","292000","282000","281500","281000","280500","280000","279500","279000","278500","278000","277500","58","12","25","5","109","20","13","2","2","3","2","113","7","4","24","7","117","6","19","9","249","308","0","0","0","0","0","-283000","5","-100.00","317","0","4","0","0","","0","0","0","","",""
"080031","0000","0","282500","283000","283500","286000","287500","288000","289000","290000","291500","292000","282000","281500","281000","280500","280000","279500","279000","278500","278000","277500","58","12","25","5","109","20","13","2","2","3","2","113","7","4","24","7","127","6","19","9","249","318","0","0","0","0","0","-283000","5","-100.00","317","0","10","0","0","","0","0","0","","",""
"080031","0001","0","282500","283000","283500","286000","287500","288000","289000","290000","291500","292000","281500","281000","280500","280000","279500","279000","278500","278000","277500","277000","58","12","25","5","109","20","13","2","2","3","105","7","4","24","7","127","6","19","9","8","249","316","0","0","0","0","0","-283000","5","-100.00","327","0","-2","0","0","","0","0","0","","",""
"080032","0000","0","281500","282500","283000","283500","286000","287500","288000","289000","290000","291500","281000","280500","280000","279500","279000","278500","278000","277500","277000","276500","7","58","12","25","5","109","20","13","2","2","7","4","24","7","127","6","29","9","8","9","253","230","0","0","0","0","0","-283000","5","-100.00","432","4","-86","0","0","","0","0","0","","",""
"080033","0000","0","282500","283000","283500","286000","287500","288000","289000","290000","291500","292000","281000","280500","280000","279500","279000","278500","278000","277500","277000","276500","58","12","25","5","109","20","13","2","2","3","7","4","24","7","127","6","29","9","8","9","249","230","0","0","0","0","0","-283000","5","-100.00","452","-4","0","0","0","","0","0","0","","",""
"080033","0001","0","282500","283000","283500","286000","287500","288000","289000","290000","291500","292000","281000","280500","280000","279500","279000","278500","278000","277500","277000","276500","57","12","25","5","109","23","13","2","2","3","7","4","24","7","127","6","29","9","8","9","251","230","0","0","0","0","0","-283000","5","-100.00","453","2","0","0","0","","0","0","0","","",""
"080034","0000","0","282500","283000","283500","286000","287500","288000","289000","290000","291500","292000","281000","280500","280000","279500","279000","278500","278000","277500","277000","276500","57","12","25","5","109","23","13","2","2","3","7","4","24","7","127","6","29","9","8","9","251","230","0","0","0","0","0","-283000","5","-100.00","453","0","0","0","0","","0","0","0","","",""
"080034","0001","0","282500","283000","283500","286000","287500","288000","289000","290000","291500","292000","281000","280500","280000","279500","279000","278500","278000","277500","277000","276500","57","12","25","5","109","23","13","2","2","3","7","4","27","7","127","6","29","9","8","9","251","233","0","0","0","0","0","-283000","5","-100.00","453","0","3","0","0","","0","0","0","","",""
"080034","0002","0","280500","282500","283000","283500","286000","287500","288000","289000","290000","291500","280000","279500","279000","278500","278000","277500","277000","276500","276000","275500","187","57","12","25","5","109","23","13","2","2","27","8","127","6","29","9","8","9","48","10","435","281","0","0","0","0","0","-283000","5","-100.00","488","184","48","0","0","","0","0","0","","",""
"080035","0000","0","280500","281500","282500","283000","283500","286000","287500","288000","289000","290000","280000","279500","279000","278500","278000","277500","277000","276500","276000","275500","187","20","57","12","25","5","109","23","13","2","27","8","127","6","29","9","8","9","48","10","453","281","0","0","0","0","0","-283000","5","-100.00","488","18","0","0","0","","0","0","0","","",""
"080035","0001","0","281500","282500","283000","283500","286000","287500","288000","289000","290000","291500","280500","280000","279500","279000","278500","278000","277500","277000","276500","276000","20","57","12","25","5","109","23","13","2","2","29","27","8","127","6","29","9","8","9","48","268","300","0","0","0","0","0","-283000","5","-100.00","675","-185","19","0","0","","0","0","0","","",""
"080036","0000","0","282500","283000","283500","286000","287500","288000","289000","290000","291500","292000","280500","280000","279500","279000","278500","278000","277500","277000","276500","276000","57","12","25","5","109","23","13","2","2","3","29","27","8","127","6","29","9","8","9","48","251","300","0","0","0","0","0","-283000","5","-100.00","695","-17","0","0","0","","0","0","0","","",""
"080036","0001","0","282500","283000","283500","286000","287500","288000","289000","290000","291500","292000","281500","280500","280000","279500","279000","278500","278000","277500","277000","276500","57","12","25","5","109","23","13","2","2","3","1","29","27","8","127","6","29","9","8","9","251","253","0","0","0","0","0","-283000","5","-100.00","695","0","-47","0","0","","0","0","0","","",""
"080037","0000","0","282500","283000","283500","286000","287500","288000","289000","290000","291500","292000","281500","280500","280000","279500","279000","278500","278000","277500","277000","276500","57","12","25","5","109","23","13","2","2","3","2","29","27","8","127","6","29","9","8","9","251","254","0","0","0","0","0","-283000","5","-100.00","695","0","1","0","0","","0","0","0","","",""
"080037","0001","0","282000","282500","283000","283500","286000","287500","288000","289000","290000","291500","280500","280000","279500","279000","278500","278000","277500","277000","276500","276000","14","57","12","25","5","109","23","13","2","2","30","27","8","127","6","29","9","8","9","48","262","301","0","0","0","0","0","-283000","5","-100.00","697","11","47","0","0","","0","0","0","","",""
"080038","0000","0","282000","282500","283000","283500","286000","287500","288000","289000","290000","291500","280500","280000","279500","279000","278500","278000","277500","277000","276500","276000","4","57","12","25","5","109","23","13","2","2","30","27","8","127","6","29","9","8","9","48","252","301","0","0","0","0","0","-283000","5","-100.00","707","-10","0","0","0","","0","0","0","","",""
"080039","0000","0","282000","282500","283000","283500","286000","287500","288000","289000","289500","290000","280500","280000","279500","279000","278500","278000","277500","277000","276500","276000","4","57","12","25","5","109","23","13","21","2","30","27","8","127","6","29","9","8","9","48","271","301","0","0","0","0","0","-283000","5","-100.00","707","19","0","0","0","","0","0","0","","",""
"080039","0001","0","282000","282500","283000","283500","286000","287500","288000","288500","289000","289500","280500","280000","279500","279000","278500","278000","277500","277000","276500","276000","4","57","12","25","5","109","23","1","13","21","30","27","8","127","6","29","9","8","9","48","270","301","0","0","0","0","0","-283000","5","-100.00","707","-1","0","0","0","","0","0","0","","",""
"080039","0002","0","282000","282500","283000","283500","286000","287500","288000","288500","289000","289500","280500","280000","279500","279000","278500","278000","277500","277000","276500","276000","4","57","12","25","5","109","23","1","13","21","10","27","8","127","6","29","9","8","9","48","270","281","0","0","0","0","0","-283000","5","-100.00","727","0","-20","0","0","","0","0","0","","",""
"080040","0000","0","282000","282500","283000","283500","286000","287500","288000","288500","289000","289500","281000","280500","280000","279500","279000","278500","278000","277500","277000","276500","5","57","12","25","5","109","23","1","13","21","1","10","27","8","127","6","29","9","8","9","271","234","0","0","0","0","0","-283000","5","-100.00","727","0","-47","0","0","","0","0","0","","",""
"080041","0000","0","281500","282000","282500","283000","283500","286000","287500","288000","288500","289000","281000","280500","280000","279500","279000","278500","278000","277500","277000","276500","10","5","57","12","25","5","109","23","1","13","1","10","27","8","127","6","29","9","8","9","260","234","0","0","0","0","0","-283000","5","-100.00","727","-11","0","0","0","","0","0","0","","",""
"080041","0001","0","281500","282000","282500","283000","283500","286000","287500","288000","288500","289000","281000","280500","280000","279500","279000","278500","278000","277500","277000","276500","10","5","57","12","25","5","109","23","1","13","1","10","28","8","127","6","29","9","8","9","260","235","0","0","0","0","0","-283000","5","-100.00","727","0","1","0","0","","0","0","0","","",""
"080042","0000","0","281500","282000","282500","283000","283500","286000","287500","288000","288500","289000","280500","280000","279500","279000","278500","278000","277500","277000","276500","276000","10","5","57","12","25","5","109","23","1","13","1","28","8","127","6","29","9","8","9","49","260","274","0","0","0","0","0","-283000","5","-100.00","731","0","39","0","0","","0","0","0","","",""
"080042","0001","0","281500","282000","282500","283000","283500","286000","287500","288000","288500","289000","280500","280000","279500","279000","278500","278000","277500","277000","276500","276000","10","5","57","12","25","5","109","23","1","13","2","28","8","127","6","29","9","8","9","49","260","275","0","0","0","0","0","-283000","5","-100.00","731","0","1","0","0","","0","0","0","","",""
"080043","0000","0","282000","282500","283000","283500","286000","287500","288000","288500","289000","289500","280500","280000","279500","279000","278500","278000","277500","277000","276500","276000","5","57","12","25","5","109","23","1","13","21","2","28","8","127","6","29","9","8","9","49","271","275","0","0","0","0","0","-283000","5","-100.00","741","11","0","0","0","","0","0","0","","",""
"080043","0001","0","282000","282500","283000","283500","286000","287500","288000","288500","289000","289500","280500","280000","279500","279000","278500","278000","277500","277000","276500","276000","5","57","12","25","5","109","23","1","13","21","2","28","8","147","6","29","9","8","9","49","271","295","0","0","0","0","0","-283000","5","-100.00","741","0","20","0","0","","0","0","0","","",""
"080043","0002","0","282000","282500","283000","283500","286000","287500","288000","288500","289000","289500","280500","280000","279500","279000","278500","278000","277500","277000","276500","276000","5","57","12","25","5","109","23","1","3","21","2","28","18","147","14","29","9","8","9","49","261","313","0","0","0","0","0","-283000","5","-100.00","741","0","8","0","0","","0","0","0","","",""
"080044","0000","0","282000","282500","283000","283500","286000","287500","288000","288500","289000","289500","280500","280000","279500","279000","278500","278000","277500","277000","276500","276000","5","57","12","25","5","109","23","1","3","21","2","163","18","147","14","29","9","8","9","49","261","448","0","0","0","0","0","-283000","5","-100.00","741","0","135","0","0","","0","0","0","","",""
"080044","0001","0","282000","282500","283000","283500","286000","287500","288000","288500","289000","289500","280500","280000","279500","279000","278500","278000","277500","277000","276500","276000","5","57","12","25","5","109","23","1","3","21","2","163","43","147","14","29","9","8","9","49","261","473","0","0","0","0","0","-283000","5","-100.00","741","0","25","0","0","","0","0","0","","",""
"080044","0002","0","282000","282500","283000","283500","286000","287500","288000","288500","289000","289500","280500","280000","279500","279000","278500","278000","277500","277000","276500","276000","5","57","12","25","5","109","23","1","3","21","5","163","43","147","14","29","9","8","9","49","261","476","0","0","0","0","0","-283000","5","-100.00","741","0","3","0","0","","0","0","0","","",""
"080045","0000","0","282000","282500","283000","283500","286000","287500","288000","288500","289000","289500","280500","280000","279500","279000","278500","278000","277500","277000","276500","276000","5","57","14","25","5","109","23","1","3","21","5","163","43","147","14","29","9","8","9","49","263","476","0","0","0","0","0","-283000","5","-100.00","741","2","0","0","0","","0","0","0","","",""
"080045","0001","0","282000","282500","283000","283500","286000","287500","288000","288500","289000","289500","280500","280000","279500","279000","278500","278000","277500","277000","276500","276000","5","57","14","25","5","109","23","1","3","21","15","163","43","147","14","29","9","8","9","49","263","486","0","0","0","0","0","-283000","5","-100.00","741","0","10","0","0","","0","0","0","","",""
"080045","0002","0","282000","282500","283000","283500","286000","287500","288000","288500","289000","289500","280500","280000","279500","279000","278500","278000","277500","277000","276500","276000","5","57","14","25","5","109","23","1","3","21","15","163","53","147","14","29","9","8","9","49","263","496","0","0","0","0","0","-283000","5","-100.00","741","0","10","0","0","","0","0","0","","",""
"080046","0000","0","282000","282500","283000","283500","286000","287500","288000","288500","289000","289500","280500","280000","279500","279000","278500","278000","277500","277000","276500","276000","1","57","14","25","5","109","23","1","3","21","65","163","53","147","14","29","9","8","9","59","259","556","0","0","0","0","0","-283000","5","-100.00","741","-4","60","0","0","","0","0","0","","",""
"080046","0001","0","282000","282500","283000","283500","285000","286000","287500","288000","288500","289000","280500","280000","279500","279000","278500","278000","277500","277000","276500","276000","1","57","14","25","5","5","109","23","1","3","65","163","53","147","14","29","9","8","9","59","243","556","0","0","0","0","0","-283000","5","-100.00","741","-16","0","0","0","","0","0","0","","",""
"080046","0002","0","281500","282000","282500","283000","283500","285000","286000","287500","288000","288500","281000","280500","280000","279500","279000","278500","278000","277500","277000","276500","1","1","57","18","25","5","5","109","23","1","6","65","163","53","147","14","29","9","8","9","245","503","0","0","0","0","0","-283000","5","-100.00","741","2","-53","0","0","","0","0","0","","",""
"080046","0003","0","282000","282500","283000","283500","285000","286000","287500","288000","288500","289000","281500","281000","280500","280000","279500","279000","278500","278000","277500","277000","1","57","18","25","5","5","109","23","1","3","1","6","65","163","53","147","14","29","9","8","247","495","0","0","0","0","0","-283000","5","-100.00","742","2","-8","0","0","","0","0","0","","",""
"080046","0004","0","282000","282500","283000","283500","285000","286000","287500","288000","288500","289000","281500","281000","280500","280000","279500","279000","278500","278000","277500","277000","6","57","18","25","5","5","109","23","1","3","1","6","65","163","53","147","14","29","9","8","252","495","0","0","0","0","0","-283000","5","-100.00","742","5","0","0","0","","0","0","0","","",""
"080047","0000","0","282000","282500","283000","283500","285000","286000","287500","288000","288500","289000","281500","281000","280500","280000","279500","279000","278500","278000","277500","277000","6","57","18","25","5","5","109","23","1","3","1","6","67","163","53","147","14","29","9","8","252","497","0","0","0","0","0","-283000","5","-100.00","742","0","2","0","0","","0","0","0","","",""
"080047","0001","0","282000","282500","283000","283500","285000","286000","287500","288000","288500","289000","281500","281000","280500","280000","279500","279000","278500","278000","277500","277000","6","57","18","25","5","5","109","23","1","3","1","6","67","163","63","147","14","29","9","8","252","507","0","0","0","0","0","-283000","5","-100.00","742","0","10","0","0","","0","0","0","","",""
"080048","0000","0","282000","282500","283000","283500","285000","286000","287500","288000","288500","289000","281500","281000","280500","280000","279500","279000","278500","278000","277500","277000","6","57","18","25","5","5","109","23","1","3","1","16","67","163","63","147","14","29","9","8","252","517","0","0","0","0","0","-283000","5","-100.00","742","0","10","0","0","","0","0","0","","",""
"080048","0001","0","282000","282500","283000","283500","285000","286000","287500","288000","288500","289000","281500","281000","280500","280000","279500","279000","278500","278000","277500","277000","6","57","18","25","5","5","109","23","1","3","2","16","67","163","63","147","14","29","9","8","252","518","0","0","0","0","0","-283000","5","-100.00","742","0","1","0","0","","0","0","0","","",""
"080049","0000","0","282000","282500","283000","283500","285000","286000","287500","288000","288500","289000","281500","281000","280500","280000","279500","279000","278500","278000","277500","277000","6","57","18","25","5","5","109","23","1","3","2","16","67","163","63","147","14","29","9","8","252","518","0","0","0","0","0","-283000","5","-100.00","746","0","0","0","0","","0","0","0","","",""
"080049","0001","0","282000","282500","283000","283500","285000","286000","287500","288000","288500","289000","281500","281000","280500","280000","279500","279000","278500","278000","277500","277000","6","57","18","25","5","5","109","23","1","3","5","16","68","163","63","147","14","29","9","8","252","522","0","0","0","0","0","-283000","5","-100.00","746","0","3","0","0","","0","0","0","","",""
"080049","0002","0","282500","283000","283500","285000","286000","287500","288000","288500","289000","289500","282000","281500","281000","280500","280000","279500","279000","278500","278000","277500","57","18","25","5","5","109","23","1","3","21","4","5","16","68","163","63","147","14","29","9","267","518","0","0","0","0","0","-283000","5","-100.00","752","15","-4","0","0","","0","0","0","","",""
"080050","0000","0","282500","283000","283500","285000","286000","287500","288000","288500","289000","289500","282000","281500","281000","280500","280000","279500","279000","278500","278000","277500","57","18","25","5","5","109","23","1","3","21","4","7","18","68","163","63","172","14","29","9","267","547","0","0","0","0","0","-283000","5","-100.00","752","0","27","0","0","","0","0","0","","",""
"080050","0001","0","282500","283000","283500","285000","286000","287500","288000","288500","289000","289500","282000","281500","281000","280500","280000","279500","279000","278500","278000","277500","57","18","25","5","5","109","23","1","3","21","3","7","18","69","163","63","172","14","29","9","267","547","0","0","0","0","0","-283000","5","-100.00","753","0","0","0","0","","0","0","0","","",""
"080050","0002","0","282500","283000","283500","285000","286000","287500","288000","288500","289000","289500","281000","280500","280000","279500","279000","278500","278000","277500","277000","276500","47","18","25","5","5","109","23","1","3","21","18","69","163","63","172","14","29","9","8","9","257","554","0","0","0","0","0","-283000","5","-100.00","763","-10","7","0","0","","0","0","0","","",""
"080051","0000","0","282500","283000","283500","285000","286000","287500","288000","288500","289000","289500","281000","280500","280000","279500","279000","278500","278000","277500","277000","276500","47","18","25","5","5","109","23","1","3","21","19","68","163","63","172","14","29","9","8","9","257","554","0","0","0","0","0","-283000","5","-100.00","763","0","0","0","0","","0","0","0","","",""
"080051","0001","0","282500","283000","283500","285000","286000","287500","288000","288500","289000","289500","281000","280500","280000","279500","279000","278500","278000","277500","277000","276500","47","18","25","5","5","109","23","1","3","21","19","71","163","63","172","14","29","9","8","9","257","557","0","0","0","0","0","-283000","5","-100.00","763","0","3","0","0","","0","0","0","","",""
"080051","0002","0","282500","283000","283500","285000","286000","287500","288000","288500","289000","289500","281000","280500","280000","279500","279000","278500","278000","277500","277000","276500","47","18","25","5","5","109","23","1","3","21","19","71","164","63","172","14","29","9","8","9","257","558","0","0","0","0","0","-283000","5","-100.00","763","0","1","0","0","","0","0","0","","",""
"080052","0000","0","282500","283000","283500","285000","286000","287500","288000","288500","289000","289500","281500","281000","280500","280000","279500","279000","278500","278000","277500","277000","47","18","25","5","5","109","23","1","3","21","10","19","71","164","80","172","14","29","9","8","257","576","0","0","0","0","0","-283000","5","-100.00","763","0","17","0","0","","0","0","0","","",""
"080053","0000","0","282500","283000","283500","285000","286000","287500","288000","288500","289000","289500","281500","281000","280500","280000","279500","279000","278500","278000","277500","277000","47","18","25","5","5","109","23","1","3","21","60","19","71","164","80","172","14","29","9","8","257","626","0","0","0","0","0","-283000","5","-100.00","763","0","50","0","0","","0","0","0","","",""
"080053","0001","0","282500","283000","283500","285000","286000","287500","288000","288500","289000","289500","281500","281000","280500","280000","279500","279000","278500","278000","277500","277000","47","18","25","5","5","109","23","1","3","21","63","19","68","164","80","172","14","29","9","8","257","626","0","0","0","0","0","-283000","5","-100.00","763","0","0","0","0","","0","0","0","","",""
"080053","0002","0","282500","283000","283500","285000","286000","287500","288000","288500","289000","289500","281500","281000","280500","280000","279500","279000","278500","278000","277500","277000","47","18","25","5","5","109","23","1","3","21","73","19","68","164","80","172","14","29","9","8","257","636","0","0","0","0","0","-283000","5","-100.00","763","0","10","0","0","","0","0","0","","",""
"080053","0003","0","282500","283000","283500","285000","286000","287500","288000","288500","289000","289500","281500","281000","280500","280000","279500","279000","278500","278000","277500","277000","47","18","25","5","5","109","23","1","3","21","73","20","68","164","80","172","14","29","9","8","257","637","0","0","0","0","0","-283000","5","-100.00","763","0","1","0","0","","0","0","0","","",""
"080054","0000","0","282500","283000","283500","285000","286000","287500","288000","288500","289000","289500","281500","281000","280500","280000","279500","279000","278500","278000","277500","277000","47","18","25","5","5","109","23","1","3","21","73","30","68","164","80","172","14","29","9","8","257","647","0","0","0","0","0","-283000","5","-100.00","763","0","10","0","0","","0","0","0","","",""
"080054","0001","0","282500","283000","283500","285000","286000","287500","288000","288500","289000","289500","281500","281000","280500","280000","279500","279000","278500","278000","277500","277000","47","18","25","5","5","109","23","1","3","21","85","33","66","164","80","172","14","29","9","8","257","660","0","0","0","0","0","-283000","5","-100.00","763","0","13","0","0","","0","0","0","","",""
"080055","0000","0","282500","283000","283500","285000","286000","287500","288000","288500","289000","289500","281500","281000","280500","280000","279500","279000","278500","278000","277500","277000","47","18","25","5","5","109","23","1","3","21","98","33","71","164","80","172","14","29","9","8","257","678","0","0","0","0","0","-283000","5","-100.00","763","0","8","0","0","","0","0","0","","",""
"080055","0001","0","282500","283000","283500","285000","286000","287500","288000","288500","289000","289500","281500","281000","280500","280000","279500","279000","278500","278000","277500","277000","47","18","25","5","5","109","23","1","3","21","98","33","71","164","80","172","64","29","9","8","257","728","0","0","0","0","0","-283000","5","-100.00","763","0","50","0","0","","0","0","0","","",""
"080056","0000","0","282500","283000","283500","285000","286000","287500","288000","288500","289000","289500","281500","281000","280500","280000","279500","279000","278500","278000","277500","277000","47","18","25","5","5","109","23","1","3","21","100","32","81","164","80","172","64","29","9","8","257","739","0","0","0","0","0","-283000","5","-100.00","763","0","10","0","0","","0","0","0","","",""
"080056","0001","0","282500","283000","283500","285000","286000","287500","288000","288500","289000","289500","281500","281000","280500","280000","279500","279000","278500","278000","277500","277000","47","18","25","5","5","109","23","1","3","21","100","33","81","164","80","172","64","31","9","8","257","742","0","0","0","0","0","-283000","5","-100.00","763","0","3","0","0","","0","0","0","","",""
"080056","0002","0","282500","283000","283500","285000","286000","287500","288000","288500","289000","289500","281500","281000","280500","280000","279500","279000","278500","278000","277500","277000","47","18","25","5","5","109","23","1","3","21","100","33","81","164","88","172","64","31","9","8","257","750","0","0","0","0","0","-283000","5","-100.00","763","0","8","0","0","","0","0","0","","",""
"080056","0003","0","282500","283000","283500","285000","286000","287500","288000","288500","289000","289500","281500","281000","280500","280000","279500","279000","278500","278000","277500","277000","47","18","25","5","5","113","23","1","3","34","100","33","81","164","88","172","64","31","9","8","274","750","0","0","0","0","0","-283000","5","-100.00","763","17","0","0","0","","0","0","0","","",""
"080056","0004","0","282500","283000","283500","285000","286000","287500","288000","288500","289000","289500","281500","281000","280500","280000","279500","279000","278500","278000","277500","277000","47","18","25","5","5","113","23","1","3","34","100","33","81","164","88","172","64","31","12","8","274","753","0","0","0","0","0","-283000","5","-100.00","763","0","3","0","0","","0","0","0","","",""
"080057","0000","0","282500","283000","283500","285000","286000","287500","288000","288500","289000","289500","281500","281000","280500","280000","279500","279000","278500","278000","277500","277000","47","18","25","5","5","113","23","1","3","34","101","33","81","129","88","172","64","31","12","8","274","719","0","0","0","0","0","-283000","5","-100.00","763","0","1","0","0","","0","0","0","","",""
"080058","0000","0","282500","283000","283500","285000","286000","287500","288000","288500","289000","289500","281500","281000","280500","280000","279500","279000","278500","278000","277500","277000","47","18","25","5","5","113","23","1","3","34","101","33","81","129","88","172","64","31","12","8","274","719","0","0","0","0","0","-283000","5","-100.00","763","0","0","0","0","","0","0","0","","",""
"080058","0001","0","282500","283000","283500","285000","286000","287500","288000","288500","289000","289500","281500","281000","280500","280000","279500","279000","278500","278000","277500","277000","47","18","25","5","5","113","23","1","3","34","301","33","81","129","88","173","64","31","12","8","274","920","0","0","0","0","0","-283000","5","-100.00","763","0","1","0","0","","0","0","0","","",""
"080058","0002","0","282500","283000","283500","285000","286000","287500","288000","288500","289000","289500","281500","281000","280500","280000","279500","279000","278500","278000","277500","277000","47","18","25","5","5","113","23","1","3","34","301","33","84","129","88","173","64","31","12","8","274","923","0","0","0","0","0","-283000","5","-100.00","763","0","3","0","0","","0","0","0","","",""
"080058","0003","0","282500","283000","283500","285000","286000","287500","288000","288500","289000","289500","282000","281500","281000","280500","280000","279500","279000","278500","278000","277500","47","18","25","5","5","113","23","1","3","34","1","301","33","84","129","88","173","64","31","12","274","916","0","0","0","0","0","-283000","5","-100.00","772","0","-7","0","0","","0","0","0","","",""
"080059","0000","0","282500","283000","283500","285000","286000","287000","287500","288000","288500","289000","282000","281500","281000","280500","280000","279500","279000","278500","278000","277500","47","18","25","5","5","1","113","23","1","3","1","306","33","84","129","88","173","64","31","12","241","921","0","0","0","0","0","-283000","5","-100.00","772","-33","0","0","0","","0","0","0","","",""
"080059","0001","0","282500","283000","283500","285000","286000","287000","287500","288000","288500","289000","281500","281000","280500","280000","279500","279000","278500","278000","277500","277000","47","18","25","5","5","1","113","23","1","3","251","33","84","130","88","173","64","31","12","11","241","877","0","0","0","0","0","-283000","5","-100.00","828","0","-44","0","0","","0","0","0","","",""
"080059","0002","0","282500","283000","283500","285000","286000","287000","287500","288000","288500","289000","281500","281000","280500","280000","279500","279000","278500","278000","277500","277000","47","18","25","5","5","1","113","23","1","3","251","33","84","135","88","173","64","31","12","11","241","882","0","0","0","0","0","-283000","5","-100.00","828","0","5","0","0","","0","0","0","","",""
"080100","0000","0","282500","283000","283500","285000","286000","287000","287500","288000","288500","289000","281500","281000","280500","280000","279500","279000","278500","278000","277500","277000","47","18","25","5","5","1","113","23","1","3","261","33","84","135","88","174","64","31","12","11","241","893","0","0","0","0","0","-283000","5","-100.00","828","0","11","0","0","","0","0","0","","",""
"080100","0001","0","282500","283000","283500","285000","286000","287000","287500","288000","288500","289000","281500","281000","280500","280000","279500","279000","278500","278000","277500","277000","47","18","25","5","5","1","113","23","1","3","261","33","84","135","88","174","64","31","12","12","241","894","0","0","0","0","0","-283000","5","-100.00","828","0","1","0","0","","0","0","0","","",""
"080100","0002","0","282500","283000","283500","285000","286000","287000","287500","288000","288500","289000","281500","281000","280500","280000","279500","279000","278500","278000","277500","277000","47","18","25","5","5","1","113","23","1","3","261","34","84","135","88","174","64","31","12","12","241","895","0","0","0","0","0","-283000","5","-100.00","828","0","1","0","0","","0","0","0","","",""
"080101","0000","0","282500","283000","283500","285000","286000","287000","287500","288000","288500","289000","281500","281000","280500","280000","279500","279000","278500","278000","277500","277000","47","18","25","5","5","1","113","23","1","3","261","34","85","135","88","174","64","31","12","12","241","896","0","0","0","0","0","-283000","5","-100.00","828","0","1","0","0","","0","0","0","","",""
"080101","0001","0","282500","283000","283500","285000","286000","287000","287500","288000","288500","289000","281500","281000","280500","280000","279500","279000","278500","278000","277500","277000","47","18","25","5","5","1","113","23","1","3","261","35","85","135","88","174","64","31","12","12","241","897","0","0","0","0","0","-283000","5","-100.00","828","0","1","0","0","","0","0","0","","",""
"080102","0000","0","282000","282500","283000","283500","285000","286000","287000","287500","288000","288500","281500","281000","280500","280000","279500","279000","278500","278000","277500","277000","30","47","18","25","5","5","1","113","23","1","266","35","85","135","88","174","64","31","12","12","268","902","0","0","0","0","0","-283000","5","-100.00","828","27","5","0","0","","0","0","0","","",""
"080102","0001","0","282500","283000","283500","285000","286000","287000","287500","288000","288500","289000","281500","281000","280500","280000","279500","279000","278500","278000","277500","277000","47","18","25","5","5","1","113","23","1","3","266","35","85","135","88","174","64","31","12","12","241","902","0","0","0","0","0","-283000","5","-100.00","858","-27","0","0","0","","0","0","0","","",""
"080102","0002","0","282500","283000","283500","284000","285000","286000","287000","287500","288000","288500","281500","281000","280500","280000","279500","279000","278500","278000","277500","277000","47","14","25","4","5","5","1","113","23","1","266","35","85","135","88","174","64","31","12","12","238","902","0","0","0","0","0","-283000","5","-100.00","858","-3","0","0","0","","0","0","0","","",""
"080102","0003","0","282500","283000","283500","284000","285000","286000","287000","287500","288000","288500","281500","281000","280500","280000","279500","279000","278500","278000","277500","277000","47","14","25","4","5","5","1","113","23","1","269","35","85","135","88","174","64","31","12","12","238","905","0","0","0","0","0","-283000","5","-100.00","858","0","3","0","0","","0","0","0","","",""
"080103","0000","0","282500","283000","283500","284000","285000","286000","287000","287500","288000","288500","282000","281500","281000","280500","280000","279500","279000","278500","278000","277500","47","14","25","4","5","5","1","113","23","1","10","269","35","85","135","88","174","64","31","12","238","903","0","0","0","0","0","-283000","5","-100.00","858","0","-2","0","0","","0","0","0","","",""
"080103","0001","0","282500","283000","283500","284000","285000","286000","287000","287500","288000","288500","282000","281500","281000","280500","280000","279500","279000","278500","278000","277500","46","14","25","4","5","5","1","113","23","1","6","268","35","86","135","88","174","64","31","12","237","899","0","0","0","0","0","-283000","5","-100.00","863","-1","-4","0","0","","0","0","0","","",""
"080104","0000","0","282500","283000","283500","284000","285000","286000","287000","287500","288000","288500","282000","281500","281000","280500","280000","279500","279000","278500","278000","277500","46","14","25","4","5","5","1","113","23","1","6","271","35","86","135","88","174","64","31","12","237","902","0","0","0","0","0","-283000","5","-100.00","863","0","3","0","0","","0","0","0","","",""
"080105","0000","0","282500","283000","283500","284000","285000","286000","287000","287500","288000","288500","282000","281500","281000","280500","280000","279500","279000","278500","278000","277500","46","14","25","4","5","5","1","113","23","1","7","271","35","86","135","88","194","64","31","12","237","923","0","0","0","0","0","-283000","5","-100.00","863","0","21","0","0","","0","0","0","","",""
"080105","0001","0","282500","283000","283500","284000","285000","286000","287000","287500","288000","288500","282000","281500","281000","280500","280000","279500","279000","278500","278000","277500","46","14","25","4","5","5","1","113","23","1","14","264","35","86","135","88","194","64","31","12","237","923","0","0","0","0","0","-283000","5","-100.00","863","0","0","0","0","","0","0","0","","",""
"080105","0002","0","282500","283000","283500","284000","285000","286000","287000","287500","288000","288500","282000","281500","281000","280500","280000","279500","279000","278500","278000","277500","46","14","25","4","5","5","1","113","23","1","14","264","35","91","135","88","194","64","31","12","237","928","0","0","0","0","0","-283000","5","-100.00","863","0","5","0","0","","0","0","0","","",""
"080106","0000","0","282500","283000","283500","284000","285000","286000","287000","287500","288000","288500","282000","281500","281000","280500","280000","279500","279000","278500","278000","277500","46","14","25","4","5","5","1","113","23","1","17","274","35","91","135","87","194","64","31","12","237","940","0","0","0","0","0","-283000","5","-100.00","863","0","12","0","0","","0","0","0","","",""
"080106","0001","0","282500","283000","283500","284000","285000","286000","287000","287500","288000","288500","282000","281500","281000","280500","280000","279500","279000","278500","278000","277500","46","14","25","4","5","5","1","113","23","1","27","275","35","91","135","87","194","64","31","12","237","951","0","0","0","0","0","-283000","5","-100.00","863","0","11","0","0","","0","0","0","","",""
"080106","0002","0","282500","283000","283500","284000","285000","286000","287000","287500","288000","288500","282000","281500","281000","280500","280000","279500","279000","278500","278000","277500","46","14","25","4","5","5","1","113","23","1","27","310","35","91","135","87","194","64","31","12","237","986","0","0","0","0","0","-283000","5","-100.00","863","0","35","0","0","","0","0","0","","",""
"080107","0000","0","282500","283000","283500","284000","285000","286000","287000","287500","288000","288500","282000","281500","281000","280500","280000","279500","279000","278500","278000","277500","46","14","25","4","5","5","1","113","23","1","36","310","35","91","135","87","194","64","31","12","237","995","0","0","0","0","0","-283000","5","-100.00","864","0","9","0","0","","0","0","0","","",""
"080107","0001","0","282500","283000","283500","284000","285000","286000","287000","287500","288000","288500","282000","281500","281000","280500","280000","279500","279000","278500","278000","277500","46","14","25","4","5","5","1","113","23","1","39","310","35","91","135","87","194","64","31","12","237","998","0","0","0","0","0","-283000","5","-100.00","864","0","3","0","0","","0","0","0","","",""
"080107","0002","0","282500","283000","283500","284000","285000","286000","287000","287500","288000","288500","282000","281500","281000","280500","280000","279500","279000","278500","278000","277500","46","14","25","4","5","5","1","113","23","1","49","310","35","91","135","87","194","64","31","12","237","1008","0","0","0","0","0","-283000","5","-100.00","864","0","10","0","0","","0","0","0","","",""
"080108","0000","0","282500","283000","283500","284000","285000","286000","287000","287500","288000","288500","282000","281500","281000","280500","280000","279500","279000","278500","278000","277500","46","14","25","4","5","5","1","113","23","1","49","310","35","91","135","87","194","64","32","12","237","1009","0","0","0","0","0","-283000","5","-100.00","864","0","1","0","0","","0","0","0","","",""
"080109","0000","0","282500","283000","283500","284000","285000","286000","286500","287000","287500","288000","282000","281500","281000","280500","280000","279500","279000","278500","278000","277500","46","14","25","4","5","5","1","1","113","23","50","310","35","91","135","87","194","64","32","12","237","1010","0","0","0","0","0","-283000","5","-100.00","864","0","1","0","0","","0","0","0","","",""
"080109","0001","0","282500","283000","283500","284000","285000","286000","286500","287000","287500","288000","282000","281500","281000","280500","280000","279500","279000","278500","278000","277500","46","14","25","4","5","5","1","1","113","23","50","310","35","91","136","87","194","64","32","12","237","1011","0","0","0","0","0","-283000","5","-100.00","864","0","1","0","0","","0","0","0","","",""
"080109","0002","0","282500","283000","283500","284000","285000","286000","286500","287000","287500","288000","282000","281500","281000","280500","280000","279500","279000","278500","278000","277500","46","14","25","4","5","5","1","1","113","23","50","310","35","91","236","87","194","64","32","12","237","1111","0","0","0","0","0","-283000","5","-100.00","864","0","100","0","0","","0","0","0","","",""
"080109","0003","0","282500","283000","283500","284000","285000","286000","286500","287000","287500","288000","282000","281500","281000","280500","280000","279500","279000","278500","278000","277500","46","14","25","4","5","5","1","1","113","23","48","310","35","91","236","87","194","64","32","12","237","1109","0","0","0","0","0","-283000","5","-100.00","866","0","-2","0","0","","0","0","0","","",""
"080110","0000","0","282500","283000","283500","284000","285000","286000","286500","287000","287500","288000","282000","281500","281000","280500","280000","279500","279000","278500","278000","277500","46","14","25","4","5","5","1","1","113","23","48","310","55","91","236","87","194","64","32","12","237","1129","0","0","0","0","0","-283000","5","-100.00","866","0","20","0","0","","0","0","0","","",""
"080111","0000","0","282500","283000","283500","284000","285000","286000","286500","287000","287500","288000","282000","281500","281000","280500","280000","279500","279000","278500","278000","277500","46","14","25","4","5","5","1","1","113","23","44","310","55","91","236","87","194","64","32","12","237","1125","0","0","0","0","0","-283000","5","-100.00","871","0","-4","0","0","","0","0","0","","",""
"080111","0001","0","282500","283000","283500","284000","285000","286000","286500","287000","287500","288000","282000","281500","281000","280500","280000","279500","279000","278500","278000","277500","46","14","25","4","5","5","1","1","113","23","54","310","55","91","307","87","194","64","32","12","237","1206","0","0","0","0","0","-283000","5","-100.00","871","0","81","0","0","","0","0","0","","",""
"080111","0002","0","282500","283000","283500","284000","285000","286000","286500","287000","287500","288000","282000","281500","281000","280500","280000","279500","279000","278500","278000","277500","43","14","25","4","5","5","1","1","113","23","52","310","55","91","307","87","194","64","32","12","234","1204","0","0","0","0","0","-283000","5","-100.00","881","-3","-2","0","0","","0","0","0","","",""
"080111","0003","0","282500","283000","283500","284000","285000","286000","286500","287000","287500","288000","282000","281500","281000","280500","280000","279500","279000","278500","278000","277500","43","14","25","4","5","5","1","1","113","23","39","314","55","91","307","87","194","64","32","12","234","1195","0","0","0","0","0","-283000","5","-100.00","904","0","-9","0","0","","0","0","0","","",""
"080112","0000","0","282500","283000","283500","284000","285000","286000","286500","287000","287500","288000","282000","281500","281000","280500","280000","279500","279000","278500","278000","277500","43","14","25","4","5","5","1","1","113","23","59","314","55","91","307","87","194","64","32","12","234","1215","0","0","0","0","0","-283000","5","-100.00","904","0","20","0","0","","0","0","0","","",""
"080112","0001","0","282500","283000","283500","284000","285000","286000","286500","287000","287500","288000","282000","281500","281000","280500","280000","279500","279000","278500","278000","277500","43","14","25","4","5","5","1","1","113","23","61","314","55","91","307","87","194","64","32","12","234","1217","0","0","0","0","0","-283000","5","-100.00","904","0","2","0","0","","0","0","0","","",""
"080112","0002","0","282500","283000","283500","284000","285000","286000","286500","287000","287500","288000","282000","281500","281000","280500","280000","279500","279000","278500","278000","277500","43","14","25","4","5","5","1","1","113","23","66","309","55","91","307","87","194","64","32","12","234","1217","0","0","0","0","0","-283000","5","-100.00","904","0","0","0","0","","0","0","0","","",""
"080112","0003","0","282500","283000","283500","284000","285000","286000","286500","287000","287500","288000","282000","281500","281000","280500","280000","279500","279000","278500","278000","277500","40","14","25","4","5","5","1","1","113","23","66","309","55","91","307","87","194","64","32","12","231","1217","0","0","0","0","0","-283000","5","-100.00","907","-3","0","0","0","","0","0","0","","",""
"080113","0000","0","282500","283000","283500","284000","285000","286000","286500","287000","287500","288000","282000","281500","281000","280500","280000","279500","279000","278500","278000","277500","40","14","25","4","5","5","1","1","113","23","66","311","55","91","307","87","194","64","32","12","231","1219","0","0","0","0","0","-283000","5","-100.00","907","0","2","0","0","","0","0","0","","",""
"080113","0001","0","282500","283000","283500","284000","285000","286000","286500","287000","287500","288000","282000","281500","281000","280500","280000","279500","279000","278500","278000","277500","40","49","25","4","5","5","1","1","113","23","69","311","55","91","307","87","194","64","32","12","266","1222","0","0","0","0","0","-283000","5","-100.00","907","35","0","0","0","","0","0","0","","",""
"080114","0000","0","282500","283000","283500","284000","285000","286000","286500","287000","287500","288000","282000","281500","281000","280500","280000","279500","279000","278500","278000","277500","40","49","25","4","5","5","1","1","113","23","69","311","55","92","307","87","194","64","52","12","266","1243","0","0","0","0","0","-283000","5","-100.00","907","0","1","0","0","","0","0","0","","",""
"080114","0001","0","282500","283000","283500","284000","285000","286000","286500","287000","287500","288000","282000","281500","281000","280500","280000","279500","279000","278500","278000","277500","40","49","25","4","5","5","1","1","113","23","69","311","57","92","307","87","194","64","52","12","266","1245","0","0","0","0","0","-283000","5","-100.00","907","0","2","0","0","","0","0","0","","",""
"080115","0000","0","282500","283000","283500","284000","285000","286000","286500","287000","287500","288000","282000","281500","281000","280500","280000","279500","279000","278500","278000","277500","40","49","25","4","5","5","1","1","114","23","63","311","57","92","307","87","194","64","52","12","267","1239","0","0","0","0","0","-283000","5","-100.00","913","1","-6","0","0","","0","0","0","","",""
"080115","0001","0","282500","283000","283500","284000","285000","286000","286500","287000","287500","288000","282000","281500","281000","280500","280000","279500","279000","278500","278000","277500","40","49","25","4","5","5","1","1","114","23","68","311","57","87","307","87","194","64","52","12","267","1239","0","0","0","0","0","-283000","5","-100.00","913","0","0","0","0","","0","0","0","","",""
"080115","0002","0","282500","283000","283500","284000","285000","286000","286500","287000","287500","288000","282000","281500","281000","280500","280000","279500","279000","278500","278000","277500","40","49","25","4","5","5","1","1","114","23","71","311","57","87","307","87","194","64","52","12","267","1242","0","0","0","0","0","-283000","5","-100.00","913","0","3","0","0","","0","0","0","","",""
"080116","0000","0","282500","283000","283500","284000","285000","285500","286000","286500","287000","287500","282000","281500","281000","280500","280000","279500","279000","278500","278000","277500","40","49","25","4","5","1","5","1","1","114","71","311","57","87","307","87","194","64","52","12","245","1242","0","0","0","0","0","-283000","5","-100.00","913","-22","0","0","0","","0","0","0","","",""
"080116","0001","0","282500","283000","283500","284000","285000","285500","286000","286500","287000","287500","282000","281500","281000","280500","280000","279500","279000","278500","278000","277500","40","49","25","4","5","1","5","1","1","114","92","311","57","87","307","87","194","64","52","12","245","1263","0","0","0","0","0","-283000","5","-100.00","913","0","21","0","0","","0","0","0","","",""
"080117","0000","0","282500","283000","283500","284000","285000","285500","286000","286500","287000","287500","282000","281500","281000","280500","280000","279500","279000","278500","278000","277500","39","49","25","4","5","1","5","1","1","114","93","311","57","87","307","87","194","64","52","12","244","1264","0","0","0","0","0","-283000","5","-100.00","914","-1","1","0","0","","0","0","0","","",""
"080117","0001","0","282500","283000","283500","284000","285000","285500","286000","286500","287000","287500","282000","281500","281000","280500","280000","279500","279000","278500","278000","277500","39","49","25","4","5","1","5","1","1","114","93","277","58","87","307","87","194","64","52","12","244","1231","0","0","0","0","0","-283000","5","-100.00","914","0","1","0","0","","0","0","0","","",""
"080117","0002","0","282500","283000","283500","284000","285000","285500","286000","286500","287000","287500","282000","281500","281000","280500","280000","279500","279000","278500","278000","277500","39","49","25","4","5","1","5","1","1","114","98","277","58","87","307","87","194","64","52","12","244","1236","0","0","0","0","0","-283000","5","-100.00","914","0","5","0","0","","0","0","0","","",""
"080118","0000","0","282500","283000","283500","284000","285000","285500","286000","286500","287000","287500","282000","281500","281000","280500","280000","279500","279000","278500","278000","277500","39","49","25","4","5","1","5","1","1","114","102","277","58","92","307","87","194","64","52","12","244","1245","0","0","0","0","0","-283000","5","-100.00","914","0","5","0","0","","0","0","0","","",""
"080120","0000","0","282500","283000","283500","284000","285000","285500","286000","286500","287000","287500","282000","281500","281000","280500","280000","279500","279000","278500","278000","277500","36","49","25","4","5","1","5","1","1","114","102","277","58","92","307","87","194","64","52","12","241","1245","0","0","0","0","0","-283000","5","-100.00","917","-3","0","0","0","","0","0","0","","",""
"080120","0001","0","282500","283000","283500","284000","285000","285500","286000","286500","287000","287500","282000","281500","281000","280500","280000","279500","279000","278500","278000","277500","36","49","25","4","5","1","5","1","1","114","103","277","58","92","307","87","194","64","52","12","241","1246","0","0","0","0","0","-283000","5","-100.00","917","0","1","0","0","","0","0","0","","",""
"080121","0000","0","282500","283000","283500","284000","285000","285500","286000","286500","287000","287500","282000","281500","281000","280500","280000","279500","279000","278500","278000","277500","46","49","25","4","5","1","5","1","1","114","113","277","58","92","307","87","194","64","52","12","251","1256","0","0","0","0","0","-283000","5","-100.00","917","10","10","0","0","","0","0","0","","",""
"080121","0001","0","282500","283000","283500","284000","285000","285500","286000","286500","287000","287500","282000","281500","281000","280500","280000","279500","279000","278500","278000","277500","46","49","25","4","5","1","5","1","1","114","113","277","58","92","307","87","196","64","52","12","251","1258","0","0","0","0","0","-283000","5","-100.00","917","0","2","0","0","","0","0","0","","",""
"080121","0002","0","282500","283000","283500","284000","285000","285500","286000","286500","287000","287500","282000","281500","281000","280500","280000","279500","279000","278500","278000","277500","46","251","25","4","5","1","5","1","1","114","116","277","58","92","307","87","196","64","52","12","453","1261","0","0","0","0","0","-283000","5","-100.00","917","202","3","0","0","","0","0","0","","",""
"080122","0000","0","282500","283000","283500","284000","285000","285500","286000","286500","287000","287500","282000","281500","281000","280500","280000","279500","279000","278500","278000","277500","46","251","25","4","5","1","5","1","1","114","116","278","58","92","307","87","196","64","52","12","453","1262","0","0","0","0","0","-283000","5","-100.00","917","0","1","0","0","","0","0","0","","",""
"080122","0001","0","282500","283000","283500","284000","285000","285500","286000","286500","287000","287500","282000","281500","281000","280500","280000","279500","279000","278500","278000","277500","46","251","25","4","8","1","5","1","1","114","117","278","58","92","307","87","196","64","52","12","456","1263","0","0","0","0","0","-283000","5","-100.00","917","0","1","0","0","","0","0","0","","",""
"080123","0000","0","282000","282500","283000","283500","284000","285000","285500","286000","286500","287000","281500","281000","280500","280000","279500","279000","278500","278000","277500","277000","51","556","251","25","4","8","1","5","1","1","278","58","92","307","87","196","64","52","12","73","903","1219","0","0","0","0","0","-283000","5","-100.00","1034","447","-44","0","0","","0","0","0","","",""
"080123","0001","0","282000","282500","283000","283500","284000","285000","285500","286000","286500","287000","281500","281000","280500","280000","279500","279000","278500","278000","277500","277000","16","556","251","25","4","8","1","5","1","1","278","58","92","307","87","196","64","52","12","73","868","1219","0","0","0","0","0","-283000","5","-100.00","1069","-35","0","0","0","","0","0","0","","",""
"080123","0002","0","282000","282500","283000","283500","284000","285000","285500","286000","286500","287000","281500","281000","280500","280000","279500","279000","278500","278000","277500","277000","6","573","251","25","4","8","1","5","1","1","278","58","92","307","87","196","64","52","12","73","875","1219","0","0","0","0","0","-283000","5","-100.00","1079","7","0","0","0","","0","0","0","","",""
"080124","0000","0","282000","282500","283000","283500","284000","285000","285500","286000","286500","287000","281500","281000","280500","280000","279500","279000","278500","278000","277500","277000","6","573","251","25","4","8","1","5","1","1","278","58","93","307","87","196","64","52","12","73","875","1220","0","0","0","0","0","-283000","5","-100.00","1079","0","1","0","0","","0","0","0","","",""
"080124","0001","0","282000","282500","283000","283500","284000","285000","285500","286000","286500","287000","281500","281000","280500","280000","279500","279000","278500","278000","277500","277000","1","573","251","25","4","8","1","5","1","1","278","58","93","307","87","196","64","52","12","73","870","1220","0","0","0","0","0","-283000","5","-100.00","1084","-5","0","0","0","","0","0","0","","",""
"080124","0002","0","282500","283000","283500","284000","285000","285500","286000","286500","287000","287500","281500","281000","280500","280000","279500","279000","278500","278000","277500","277000","573","251","25","4","8","1","5","1","1","114","278","58","93","307","87","196","64","52","12","73","983","1220","0","0","0","0","0","-283000","5","-100.00","1085","113","0","0","0","","0","0","0","","",""
"080125","0000","0","282500","283000","283500","284000","285000","285500","286000","286500","287000","287500","281500","281000","280500","280000","279500","279000","278500","278000","277500","277000","569","251","25","4","8","1","5","1","1","114","278","58","93","307","87","196","64","52","12","73","979","1220","0","0","0","0","0","-283000","5","-100.00","1089","-4","0","0","0","","0","0","0","","",""
"080125","0001","0","282500","283000","283500","284000","285000","285500","286000","286500","287000","287500","281500","281000","280500","280000","279500","279000","278500","278000","277500","277000","568","251","25","4","8","1","5","1","1","114","278","58","93","307","87","196","64","52","12","73","978","1220","0","0","0","0","0","-283000","5","-100.00","1090","-1","0","0","0","","0","0","0","","",""
"080125","0002","0","282500","283000","283500","284000","285000","285500","286000","286500","287000","287500","282000","281500","281000","280500","280000","279500","279000","278500","278000","277500","568","251","25","4","8","1","5","1","1","114","3","278","58","93","307","87","196","64","52","12","978","1150","0","0","0","0","0","-283000","5","-100.00","1090","0","-70","0","0","","0","0","0","","",""
"080126","0000","0","282500","283000","283500","284000","285000","285500","286000","286500","287000","287500","282000","281500","281000","280500","280000","279500","279000","278500","278000","277500","568","252","25","4","8","1","5","1","1","114","3","278","58","93","307","87","196","64","52","12","979","1150","0","0","0","0","0","-283000","5","-100.00","1090","1","0","0","0","","0","0","0","","",""
"080126","0001","0","282500","283000","283500","284000","285000","285500","286000","286500","287000","287500","282000","281500","281000","280500","280000","279500","279000","278500","278000","277500","568","252","25","4","8","1","5","1","1","114","1","278","58","93","307","87","196","64","52","12","979","1148","0","0","0","0","0","-283000","5","-100.00","1092","0","-2","0","0","","0","0","0","","",""
"080127","0000","0","282500","283000","283500","284000","285000","285500","286000","286500","287000","287500","282000","281500","281000","280500","280000","279500","279000","278500","278000","277500","568","252","25","4","8","1","5","1","1","114","2","278","58","93","307","87","196","64","52","12","979","1149","0","0","0","0","0","-283000","5","-100.00","1092","0","1","0","0","","0","0","0","","",""
"080129","0000","0","282500","283000","283500","284000","285000","285500","286000","286500","287000","287500","282000","281500","281000","280500","280000","279500","279000","278500","278000","277500","58","252","25","4","8","1","5","1","1","114","2","278","58","93","307","87","196","64","52","12","469","1149","0","0","0","0","0","-283000","5","-100.00","1092","-510","0","0","0","","0","0","0","","",""
"080129","0001","0","282500","283000","283500","284000","285000","285500","286000","286500","287000","287500","281500","281000","280500","280000","279500","279000","278500","278000","277500","277000","58","252","25","4","8","1","5","1","1","114","193","58","93","307","87","196","64","52","12","73","469","1135","0","0","0","0","0","-283000","5","-100.00","1179","0","-14","0","0","","0","0","0","","",""
"080130","0000","0","282500","283000","283500","284000","285000","285500","286000","286500","287000","287500","282000","281500","281000","280500","280000","279500","279000","278500","278000","277500","58","252","25","4","8","1","5","1","1","114","10","193","58","93","307","87","196","64","52","12","469","1072","0","0","0","0","0","-283000","5","-100.00","1179","0","-63","0","0","","0","0","0","","",""
"080130","0001","0","282500","283000","283500","284000","285000","285500","286000","286500","287000","287500","282000","281500","281000","280500","280000","279500","279000","278500","278000","277500","61","382","25","6","8","1","5","1","1","114","10","193","58","93","307","87","196","64","52","12","604","1072","0","0","0","0","0","-283000","5","-100.00","1179","2","0","0","0","","0","0","0","","",""
"080131","0000","0","282500","283000","283500","284000","285000","285500","286000","286500","287000","287500","282000","281500","281000","280500","280000","279500","279000","278500","278000","277500","61","382","25","6","8","1","5","1","1","114","10","193","48","93","307","87","196","64","52","12","604","1062","0","0","0","0","0","-283000","5","-100.00","1179","0","-10","0","0","","0","0","0","","",""
"080131","0001","0","282500","283000","283500","284000","285000","285500","286000","286500","287000","287500","282000","281500","281000","280500","280000","279500","279000","278500","278000","277500","61","382","25","6","8","1","5","1","1","114","6","193","48","93","307","87","196","64","52","12","604","1058","0","0","0","0","0","-283000","5","-100.00","1183","0","-4","0","0","","0","0","0","","",""
"080131","0002","0","282500","283000","283500","284000","285000","285500","286000","286500","287000","287500","282000","281500","281000","280500","280000","279500","279000","278500","278000","277500","61","382","25","6","8","1","5","1","1","114","6","193","48","93","315","79","196","64","52","12","604","1058","0","0","0","0","0","-283000","5","-100.00","1183","0","0","0","0","","0","0","0","","",""
"080132","0000","0","282500","283000","283500","284000","285000","285500","286000","286500","287000","287500","282000","281500","281000","280500","280000","279500","279000","278500","278000","277500","61","382","25","6","8","1","5","1","1","114","6","195","49","93","315","79","196","64","52","12","604","1061","0","0","0","0","0","-283000","5","-100.00","1183","0","2","0","0","","0","0","0","","",""
"080132","0001","0","282500","283000","283500","284000","285000","285500","286000","286500","287000","287500","282000","281500","281000","280500","280000","279500","279000","278500","278000","277500","61","382","25","6","8","1","5","1","1","114","16","195","49","93","315","79","196","64","52","12","604","1071","0","0","0","0","0","-283000","5","-100.00","1183","0","10","0","0","","0","0","0","","",""
"080133","0000","0","282500","283000","283500","284000","285000","285500","286000","286500","287000","287500","282000","281500","281000","280500","280000","279500","279000","278500","278000","277500","44","382","25","6","8","1","5","1","1","114","16","195","49","93","315","79","196","64","52","12","587","1071","0","0","0","0","0","-283000","5","-100.00","1183","-17","0","0","0","","0","0","0","","",""
"080133","0001","0","282500","283000","283500","284000","285000","285500","286000","286500","287000","287500","282000","281500","281000","280500","280000","279500","279000","278500","278000","277500","44","382","25","6","8","1","5","1","1","114","14","195","49","96","315","79","196","64","52","12","587","1072","0","0","0","0","0","-283000","5","-100.00","1186","0","-3","0","0","","0","0","0","","",""
"080133","0002","0","282500","283000","283500","284000","285000","285500","286000","286500","287000","287500","282000","281500","281000","280500","280000","279500","279000","278500","278000","277500","44","382","25","6","8","1","5","1","1","114","14","195","50","96","315","79","196","64","52","12","587","1073","0","0","0","0","0","-283000","5","-100.00","1186","0","1","0","0","","0","0","0","","",""
"080134","0000","0","282500","283000","283500","284000","285000","285500","286000","286500","287000","287500","282000","281500","281000","280500","280000","279500","279000","278500","278000","277500","44","382","25","6","8","1","5","1","1","114","14","195","50","96","315","80","196","64","52","12","587","1074","0","0","0","0","0","-283000","5","-100.00","1186","0","1","0","0","","0","0","0","","",""
"080135","0000","0","282500","283000","283500","284000","285000","285500","286000","286500","287000","287500","282000","281500","281000","280500","280000","279500","279000","278500","278000","277500","44","382","25","6","8","1","5","1","1","114","14","196","50","96","315","80","216","64","52","12","587","1095","0","0","0","0","0","-283000","5","-100.00","1186","0","21","0","0","","0","0","0","","",""
"080135","0001","0","282500","283000","283500","284000","285000","285500","286000","286500","287000","287500","282000","281500","281000","280500","280000","279500","279000","278500","278000","277500","44","382","26","6","8","1","5","1","1","114","14","196","50","96","315","80","216","64","52","12","588","1095","0","0","0","0","0","-283000","5","-100.00","1186","1","0","0","0","","0","0","0","","",""
"080136","0000","0","282500","283000","283500","284000","285000","285500","286000","286500","287000","287500","282000","281500","281000","280500","280000","279500","279000","278500","278000","277500","44","382","26","6","8","1","5","1","1","114","11","196","50","96","315","80","216","64","52","12","588","1092","0","0","0","0","0","-283000","5","-100.00","1189","0","0","0","0","","0","0","0","","",""
"080136","0001","0","282500","283000","283500","284000","285000","285500","286000","286500","287000","287500","282000","281500","281000","280500","280000","279500","279000","278500","278000","277500","44","382","26","6","8","1","5","1","1","114","12","196","50","96","315","80","216","64","52","12","588","1093","0","0","0","0","0","-283000","5","-100.00","1189","0","1","0","0","","0","0","0","","",""
"080136","0002","0","282500","283000","283500","284000","285000","285500","286000","286500","287000","287500","282000","281500","281000","280500","280000","279500","279000","278500","278000","277500","44","382","26","6","8","1","5","1","1","114","12","196","50","96","322","80","216","64","52","12","588","1100","0","0","0","0","0","-283000","5","-100.00","1189","0","7","0","0","","0","0","0","","",""
"080137","0000","0","282500","283000","283500","284000","285000","285500","286000","286500","287000","287500","282000","281500","281000","280500","280000","279500","279000","278500","278000","277500","44","382","26","2","8","1","5","1","1","114","12","196","50","96","322","80","216","64","52","12","584","1100","0","0","0","0","0","-283000","5","-100.00","1189","-4","0","0","0","","0","0","0","","",""
"080137","0001","0","282500","283000","283500","284000","285000","285500","286000","286500","287000","287500","282000","281500","281000","280500","280000","279500","279000","278500","278000","277500","43","382","26","2","8","1","5","1","1","114","12","196","50","106","323","80","216","64","52","12","583","1111","0","0","0","0","0","-283000","5","-100.00","1190","-1","10","0","0","","0","0","0","","",""
"080137","0002","0","282500","283000","283500","284000","285000","285500","286000","286500","287000","287500","282000","281500","281000","280500","280000","279500","279000","278500","278000","277500","43","382","26","2","8","1","5","1","1","114","62","210","51","106","323","80","216","64","52","12","583","1176","0","0","0","0","0","-283000","5","-100.00","1190","0","65","0","0","","0","0","0","","",""
"080137","0003","0","282500","283000","283500","284000","285000","285500","286000","286500","287000","287500","282000","281500","281000","280500","280000","279500","279000","278500","278000","277500","43","382","26","2","8","1","5","1","1","114","61","210","51","106","323","80","216","64","52","12","583","1175","0","0","0","0","0","-283000","5","-100.00","1191","0","-1","0","0","","0","0","0","","",""
"080138","0000","0","282500","283000","283500","284000","285000","285500","286000","286500","287000","287500","282000","281500","281000","280500","280000","279500","279000","278500","278000","277500","43","382","26","2","8","1","5","1","1","114","63","210","51","106","323","80","218","64","52","12","583","1179","0","0","0","0","0","-283000","5","-100.00","1191","0","4","0","0","","0","0","0","","",""
"080138","0001","0","282500","283000","283500","284000","285000","285500","286000","286500","287000","287500","282000","281500","281000","280500","280000","279500","279000","278500","278000","277500","43","382","26","2","8","1","5","1","1","114","63","210","51","106","323","80","218","65","52","12","583","1180","0","0","0","0","0","-283000","5","-100.00","1191","0","1","0","0","","0","0","0","","",""
"080138","0002","0","282500","283000","283500","284000","285000","285500","286000","286500","287000","287500","282000","281500","281000","280500","280000","279500","279000","278500","278000","277500","43","382","26","2","8","1","5","1","1","114","63","210","51","106","323","80","218","65","53","12","583","1181","0","0","0","0","0","-283000","5","-100.00","1191","0","1","0","0","","0","0","0","","",""
"080138","0003","0","282500","283000","283500","284000","285000","285500","286000","286500","287000","287500","282000","281500","281000","280500","280000","279500","279000","278500","278000","277500","43","382","26","2","8","1","5","1","1","114","48","210","51","106","324","80","218","65","53","12","583","1167","0","0","0","0","0","-283000","5","-100.00","1208","0","3","0","0","","0","0","0","","",""
"080139","0000","0","282500","283000","283500","284000","285000","285500","286000","286500","287000","287500","282000","281500","281000","280500","280000","279500","279000","278500","278000","277500","33","382","26","2","8","1","5","1","1","114","58","221","51","106","324","80","218","65","53","12","573","1188","0","0","0","0","0","-283000","5","-100.00","1218","0","11","0","0","","0","0","0","","",""
"080139","0001","0","282500","283000","283500","284000","285000","285500","286000","286500","287000","287500","282000","281500","281000","280500","280000","279500","279000","278500","278000","277500","33","382","26","2","8","1","5","1","1","114","58","221","51","106","325","80","218","65","53","12","573","1189","0","0","0","0","0","-283000","5","-100.00","1218","0","1","0","0","","0","0","0","","",""
"080140","0000","0","282500","283000","283500","284000","285000","285500","286000","286500","287000","287500","282000","281500","281000","280500","280000","279500","279000","278500","278000","277500","38","382","26","2","8","1","5","1","1","114","47","221","51","106","325","80","218","65","53","12","578","1178","0","0","0","0","0","-283000","5","-100.00","1230","5","-11","0","0","","0","0","0","","",""
"080140","0001","0","282500","283000","283500","284000","285000","285500","286000","286500","287000","287500","282000","281500","281000","280500","280000","279500","279000","278500","278000","277500","38","382","26","2","8","1","5","1","1","114","47","222","51","106","325","80","218","65","53","12","578","1179","0","0","0","0","0","-283000","5","-100.00","1230","0","1","0","0","","0","0","0","","",""
"080140","0002","0","282500","283000","283500","284000","285000","285500","286000","286500","287000","287500","282000","281500","281000","280500","280000","279500","279000","278500","278000","277500","38","382","26","2","8","1","5","1","1","114","47","222","51","105","325","80","218","65","53","12","578","1178","0","0","0","0","0","-283000","5","-100.00","1230","0","-1","0","0","","0","0","0","","",""
"080141","0000","0","282500","283000","283500","284000","285000","285500","286000","286500","287000","287500","282000","281500","281000","280500","280000","279500","279000","278500","278000","277500","38","382","26","2","8","1","5","1","1","114","47","223","50","105","325","80","218","65","53","12","578","1178","0","0","0","0","0","-283000","5","-100.00","1230","0","0","0","0","","0","0","0","","",""
"080141","0001","0","282500","283000","283500","284000","285000","285500","286000","286500","287000","287500","282000","281500","281000","280500","280000","279500","279000","278500","278000","277500","38","382","26","2","8","1","5","1","1","114","47","223","50","106","325","80","218","65","53","12","578","1179","0","0","0","0","0","-283000","5","-100.00","1230","0","1","0","0","","0","0","0","","",""
"080142","0000","0","282500","283000","283500","284000","285000","285500","286000","286500","287000","287500","282000","281500","281000","280500","280000","279500","279000","278500","278000","277500","38","382","26","2","8","1","5","1","1","114","47","224","52","114","325","80","218","65","51","12","578","1188","0","0","0","0","0","-283000","5","-100.00","1230","0","8","0","0","","0","0","0","","",""
"080142","0001","0","282500","283000","283500","284000","285000","285500","286000","286500","287000","287500","282000","281500","281000","280500","280000","279500","279000","278500","278000","277500","38","382","26","2","8","1","5","1","1","114","52","224","52","114","325","80","218","65","51","12","578","1193","0","0","0","0","0","-283000","5","-100.00","1230","0","5","0","0","","0","0","0","","",""
"080143","0000","0","281000","282500","283000","283500","284000","285000","285500","286000","286500","287000","280500","280000","279500","279000","278500","278000","277500","277000","276500","276000","129","38","382","26","2","8","1","5","1","1","114","325","80","218","65","51","32","73","217","59","593","1234","0","0","0","0","0","-283000","5","-100.00","1611","15","21","0","0","","0","0","0","","",""
"080143","0001","0","281000","282000","282500","283000","283500","284000","285000","285500","286000","286500","280500","280000","279500","279000","278500","278000","277500","277000","276500","276000","128","28","38","382","26","2","8","1","5","1","114","325","80","218","65","51","32","73","217","59","619","1234","0","0","0","0","0","-283000","5","-100.00","1612","25","0","0","0","","0","0","0","","",""
"080143","0002","0","281000","282000","282500","283000","283500","284000","285000","285500","286000","286500","280500","280000","279500","279000","278500","278000","277500","277000","276500","276000","127","28","38","382","26","2","8","1","5","1","114","325","80","218","65","51","32","73","217","59","618","1234","0","0","0","0","0","-283000","5","-100.00","1613","-1","0","0","0","","0","0","0","","",""
"080144","0000","0","281000","282000","282500","283000","283500","284000","285000","285500","286000","286500","280500","280000","279500","279000","278500","278000","277500","277000","276500","276000","127","28","38","382","26","2","8","1","5","1","114","325","80","218","65","51","32","74","218","59","618","1236","0","0","0","0","0","-283000","5","-100.00","1613","0","2","0","0","","0","0","0","","",""
"080145","0000","0","282000","282500","283000","283500","284000","285000","285500","286000","286500","287000","281000","280500","280000","279500","279000","278500","278000","277500","277000","276500","28","38","382","26","2","8","1","5","1","1","22","114","325","80","218","75","51","32","74","218","492","1209","0","0","0","0","0","-283000","5","-100.00","1740","0","10","0","0","","0","0","0","","",""
"080146","0000","0","282000","282500","283000","283500","284000","285000","285500","286000","286500","287000","281000","280500","280000","279500","279000","278500","278000","277500","277000","276500","28","38","382","26","2","8","1","5","1","1","22","114","326","80","218","75","51","32","74","218","492","1210","0","0","0","0","0","-283000","5","-100.00","1740","0","1","0","0","","0","0","0","","",""
"080146","0001","0","282000","282500","283000","283500","284000","285000","285500","286000","286500","287000","281000","280500","280000","279500","279000","278500","278000","277500","277000","276500","28","38","382","26","2","8","1","5","1","1","22","114","327","80","218","75","51","32","74","218","492","1211","0","0","0","0","0","-283000","5","-100.00","1740","0","1","0","0","","0","0","0","","",""
"080147","0000","0","282000","282500","283000","283500","284000","285000","285500","286000","286500","287000","281000","280500","280000","279500","279000","278500","278000","277500","277000","276500","28","38","382","26","2","10","1","5","1","1","23","114","327","80","218","75","51","32","74","218","494","1212","0","0","0","0","0","-283000","5","-100.00","1740","2","1","0","0","","0","0","0","","",""
"080148","0000","0","282000","282500","283000","283500","284000","285000","285500","286000","286500","287000","281000","280500","280000","279500","279000","278500","278000","277500","277000","276500","28","38","382","26","2","10","1","5","1","1","23","115","327","80","218","75","51","32","74","218","494","1213","0","0","0","0","0","-283000","5","-100.00","1740","0","1","0","0","","0","0","0","","",""
"080148","0001","0","282000","282500","283000","283500","284000","285000","285500","286000","286500","287000","281000","280500","280000","279500","279000","278500","278000","277500","277000","276500","63","38","347","26","2","10","1","5","1","1","23","115","329","80","218","75","51","32","74","218","494","1215","0","0","0","0","0","-283000","5","-100.00","1740","0","2","0","0","","0","0","0","","",""
"080148","0002","0","282000","282500","283000","283500","284000","285000","285500","286000","286500","287000","281000","280500","280000","279500","279000","278500","278000","277500","277000","276500","63","38","347","26","2","10","1","5","1","1","23","116","329","80","218","75","51","32","74","218","494","1216","0","0","0","0","0","-283000","5","-100.00","1740","0","1","0","0","","0","0","0","","",""
"080149","0000","0","282000","282500","283000","283500","284000","285000","285500","286000","286500","287000","281000","280500","280000","279500","279000","278500","278000","277500","277000","276500","63","38","347","26","2","10","1","5","1","1","24","116","329","80","216","75","51","32","76","218","494","1217","0","0","0","0","0","-283000","5","-100.00","1740","0","1","0","0","","0","0","0","","",""
