"time","millisec","HOUR_CLS_CODE","ASKP1","ASKP2","ASKP3","ASKP4","ASKP5","ASKP6","ASKP7","ASKP8","ASKP9","ASKP10","BIDP1","BIDP2","BIDP3","BIDP4","BIDP5","BIDP6","BIDP7","BIDP8","BIDP9","BIDP10","ASKP_RSQN1","ASKP_RSQN2","ASKP_RSQN3","ASKP_RSQN4","ASKP_RSQN5","ASKP_RSQN6","ASKP_RSQN7","ASKP_RSQN8","ASKP_RSQN9","ASKP_RSQN10","BIDP_RSQN1","BIDP_RSQN2","BIDP_RSQN3","BIDP_RSQN4","BIDP_RSQN5","BIDP_RSQN6","BIDP_RSQN7","BIDP_RSQN8","BIDP_RSQN9","BIDP_RSQN10","TOTAL_ASKP_RSQN","TOTAL_BIDP_RSQN","OVTM_TOTAL_ASKP_RSQN","OVTM_TOTAL_BIDP_RSQN","ANTC_CNPR","ANTC_CNQN","ANTC_VOL","ANTC_CNTG_VRSS","ANTC_CNTG_VRSS_SIGN","ANTC_CNTG_PRDY_CTRT","ACML_VOL","TOTAL_ASKP_RSQN_ICDC","TOTAL_BIDP_RSQN_ICDC","OVTM_TOTAL_ASKP_ICDC","OVTM_TOTAL_BIDP_ICDC","STCK_DEAL_CLS_CODE","KMID_PRC","KMID_TOTAL_RSQN","KMID_CLS_CODE","NMID_PRC","NMID_TOTAL_RSQN","NMID_CLS_CODE"
"080000","0000","0","158400","158500","162300","165000","0","0","0","0","0","0","157900","157000","155600","154600","150100","0","0","0","0","0","2","443","5","300","0","0","0","0","0","0","50","1","3","5","958","0","0","0","0","0","750","1017","0","0","0","0","0","-157400","5","-100.00","0","0","0","0","0","","0","0","0","","",""
"080001","0000","0","158300","158500","158700","158800","162300","164900","165000","189800","194800","199800","157900","157600","157500","157000","156100","155600","155500","155200","154600","152300","24","409","3","50","5","10","300","1","1","1","50","50","1","1","100","103","300","20","5","100","804","730","0","0","0","0","0","-157400","5","-100.00","37","54","-287","0","0","","0","0","0","","",""
"080001","0001","0","158300","158400","158500","158700","158800","159600","162000","162300","162900","163000","157900","157600","157500","157000","156200","156100","155600","155500","155300","155200","24","20","409","3","50","2","1","5","120","1","50","50","1","1","5","100","103","300","185","150","635","945","0","0","0","0","0","-157400","5","-100.00","37","-169","215","0","0","","0","0","0","","",""
"080002","0000","0","158000","158300","158400","158500","158700","158800","159600","160000","161300","162000","157900","157600","157500","157400","157000","156200","156100","155600","155500","155300","5","24","26","409","3","50","2","100","7","1","50","50","1","32","1","5","100","103","300","185","627","827","0","0","0","0","0","-157400","5","-100.00","37","-8","-118","0","0","","0","0","0","","",""
"080002","0001","0","158000","158300","158400","158500","158600","158700","158800","159500","159600","159700","157900","157600","157500","157400","157000","156200","156100","155600","155500","155300","5","24","26","410","5","3","50","210","2","40","43","50","8","33","1","5","100","103","300","185","775","828","0","0","0","0","0","-157400","5","-100.00","44","148","1","0","0","","0","0","0","","",""
"080003","0000","0","158000","158300","158400","158500","158600","158700","158800","159500","159600","159700","157900","157600","157500","157400","157000","156200","156100","155600","155500","155300","5","24","26","410","5","3","50","210","2","40","43","50","8","33","1","5","100","103","317","185","775","845","0","0","0","0","0","-157400","5","-100.00","44","0","17","0","0","","0","0","0","","",""
"080003","0001","0","158000","158300","158400","158500","158600","158700","158800","159500","159600","159700","157900","157600","157500","157400","157000","156200","156100","155600","155500","155300","5","24","26","410","5","42","50","210","2","40","43","50","8","33","1","5","100","103","317","185","814","845","0","0","0","0","0","-157400","5","-100.00","44","39","0","0","0","","0","0","0","","",""
"080004","0000","0","158000","158300","158400","158500","158600","158700","158800","159000","159500","159600","157900","157600","157500","157400","157000","156200","156100","156000","155600","155500","5","24","26","410","5","42","50","100","210","2","43","50","8","33","1","5","104","100","103","317","874","764","0","0","0","0","0","-157400","5","-100.00","44","60","-81","0","0","","0","0","0","","",""
"080004","0001","0","158000","158300","158400","158500","158600","158700","158800","159000","159500","159600","157900","157600","157500","157400","157000","156200","156100","156000","155600","155500","5","24","207","410","5","42","50","100","210","2","43","50","8","33","1","5","104","100","103","317","1055","764","0","0","0","0","0","-157400","5","-100.00","44","181","0","0","0","","0","0","0","","",""
"080005","0000","0","158000","158300","158400","158500","158600","158700","158800","158900","159000","159500","157900","157600","157500","157400","157000","156200","156100","156000","155600","155500","5","24","207","410","5","42","50","100","100","210","43","50","8","33","1","5","104","100","103","317","1153","764","0","0","0","0","0","-157400","5","-100.00","44","98","0","0","0","","0","0","0","","",""
"080006","0000","0","158000","158300","158400","158500","158600","158700","158800","158900","159000","159500","157900","157600","157500","157400","157000","156200","156100","156000","155600","155500","35","24","207","410","5","42","50","100","100","210","43","50","8","33","1","5","104","100","103","317","1183","764","0","0","0","0","0","-157400","5","-100.00","44","30","0","0","0","","0","0","0","","",""
"080006","0001","0","158000","158300","158400","158500","158600","158700","158800","158900","159000","159500","157900","157600","157500","157400","157000","156200","156100","156000","155600","155500","35","24","207","410","5","42","50","100","100","210","43","50","8","33","1","5","104","100","103","317","1183","764","0","0","0","0","0","-157400","5","-100.00","44","0","0","0","0","","0","0","0","","",""
"080006","0002","0","158000","158300","158400","158500","158600","158700","158800","158900","159000","159500","157900","157600","157500","157400","157000","156200","156100","156000","155600","155500","35","24","207","410","5","42","50","100","100","210","43","50","8","33","1","5","104","100","103","317","1183","764","0","0","0","0","0","-157400","5","-100.00","44","0","0","0","0","","0","0","0","","",""
"080007","0000","0","158000","158300","158400","158500","158600","158700","158800","158900","159000","159500","157900","157600","157500","157400","157000","156200","156100","156000","155600","155500","55","24","207","410","5","42","50","100","100","210","43","50","8","33","1","5","104","100","103","317","1203","764","0","0","0","0","0","-157400","5","-100.00","44","20","0","0","0","","0","0","0","","",""
"080008","0000","0","158000","158300","158400","158500","158600","158700","158800","158900","159000","159500","157900","157600","157500","157400","157000","156200","156100","156000","155600","155500","45","24","207","410","5","42","50","100","100","210","43","50","8","33","1","5","104","100","103","317","1193","764","0","0","0","0","0","-157400","5","-100.00","54","-10","0","0","0","","0","0","0","","",""
"080008","0001","0","158000","158300","158400","158500","158600","158700","158800","158900","159000","159500","157900","157600","157500","157400","157000","156200","156100","156000","155600","155500","45","24","207","410","5","47","50","100","100","210","43","50","8","33","1","5","104","100","103","317","1198","764","0","0","0","0","0","-157400","5","-100.00","54","5","0","0","0","","0","0","0","","",""
"080008","0002","0","158000","158300","158400","158500","158600","158700","158800","158900","159000","159500","157900","157600","157500","157400","157000","156200","156100","156000","155600","155500","45","49","207","410","5","47","50","100","100","210","44","50","8","33","1","5","104","100","103","317","1223","765","0","0","0","0","0","-157400","5","-100.00","54","25","1","0","0","","0","0","0","","",""
"080008","0003","0","158000","158300","158400","158500","158600","158700","158800","158900","159000","159500","157900","157600","157500","157400","157000","156200","156100","156000","155600","155500","45","49","207","411","5","47","50","100","100","210","44","50","8","33","1","5","104","100","103","317","1224","765","0","0","0","0","0","-157400","5","-100.00","54","1","0","0","0","","0","0","0","","",""
"080009","0000","0","158000","158300","158400","158500","158600","158700","158800","158900","159000","159500","157900","157600","157500","157400","157000","156200","156100","156000","155600","155500","47","49","207","421","5","47","50","100","100","210","1","50","8","33","1","5","104","100","103","317","1236","722","0","0","0","0","0","-157400","5","-100.00","97","12","-43","0","0","","0","0","0","","",""
"080009","0001","0","158000","158300","158400","158500","158600","158700","158800","158900","159000","159500","157900","157600","157500","157400","157000","156200","156100","156000","155600","155500","47","49","207","421","5","47","50","100","107","210","1","50","8","33","1","5","104","100","103","317","1243","722","0","0","0","0","0","-157400","5","-100.00","97","7","0","0","0","","0","0","0","","",""
"080010","0000","0","158300","158400","158500","158600","158700","158800","158900","159000","159500","159600","157900","157600","157500","157400","157000","156200","156100","156000","155600","155500","49","207","421","5","47","50","100","107","215","2","1","50","8","33","1","5","104","100","103","317","1203","722","0","0","0","0","0","-157400","5","-100.00","147","-40","0","0","0","","0","0","0","","",""
"080011","0000","0","158300","158400","158500","158600","158700","158800","158900","159000","159500","159600","157600","157500","157400","157000","156200","156100","156000","155600","155500","155300","49","207","421","5","47","50","100","107","215","2","50","8","33","1","5","104","120","103","317","10","1203","751","0","0","0","0","0","-157400","5","-100.00","148","0","29","0","0","","0","0","0","","",""
"080011","0001","0","158300","158400","158500","158600","158700","158800","158900","159000","159500","159600","157600","157500","157400","157000","156200","156100","156000","155600","155500","155300","50","207","421","5","47","50","100","107","215","2","50","8","33","1","5","104","120","103","317","10","1204","751","0","0","0","0","0","-157400","5","-100.00","148","1","0","0","0","","0","0","0","","",""
"080012","0000","0","158300","158400","158500","158600","158700","158800","158900","159000","159500","159600","157600","157500","157400","157000","156200","156100","156000","155600","155500","155300","50","247","421","5","47","50","100","107","215","2","50","8","33","1","5","104","120","103","337","10","1244","771","0","0","0","0","0","-157400","5","-100.00","148","40","20","0","0","","0","0","0","","",""
"080012","0001","0","158300","158400","158500","158600","158700","158800","158900","159000","159500","159600","157600","157500","157400","157000","156200","156100","156000","155600","155500","155400","50","247","421","5","47","55","100","107","215","2","50","8","33","1","5","104","120","103","337","10","1249","771","0","0","0","0","0","-157400","5","-100.00","148","5","0","0","0","","0","0","0","","",""
"080013","0000","0","158400","158500","158600","158700","158800","158900","159000","159500","159600","159700","157600","157500","157400","157000","156200","156100","156000","155600","155500","155400","247","421","5","47","55","100","107","215","2","40","50","8","33","1","5","104","120","103","337","10","1239","771","0","0","0","0","0","-157400","5","-100.00","248","-10","0","0","0","","0","0","0","","",""
"080013","0001","0","158200","158400","158500","158600","158700","158800","158900","159000","159500","159600","157600","157500","157400","157000","156200","156100","156000","155600","155500","155400","24","247","421","5","47","55","100","107","215","2","50","8","33","1","5","104","120","103","337","10","1223","771","0","0","0","0","0","-157400","5","-100.00","248","-16","0","0","0","","0","0","0","","",""
"080013","0002","0","158200","158400","158500","158600","158700","158800","158900","159000","159500","159600","157600","157500","157400","157000","156400","156200","156100","156000","155600","155500","24","248","421","5","47","55","100","107","215","2","50","8","33","1","50","5","104","120","103","337","1224","811","0","0","0","0","0","-157400","5","-100.00","248","1","40","0","0","","0","0","0","","",""
"080014","0000","0","158200","158400","158500","158600","158700","158800","158900","159000","159500","159600","157600","157500","157400","157000","156400","156200","156100","156000","155600","155500","24","248","421","5","47","55","100","607","215","2","50","8","33","1","50","5","104","120","103","337","1724","811","0","0","0","0","0","-157400","5","-100.00","248","500","0","0","0","","0","0","0","","",""
"080014","0001","0","158200","158400","158500","158600","158700","158800","158900","159000","159500","159600","157600","157500","157400","157000","156400","156200","156100","156000","155600","155500","24","248","421","5","47","55","100","607","215","2","50","8","33","1","50","5","104","120","103","339","1724","813","0","0","0","0","0","-157400","5","-100.00","248","0","2","0","0","","0","0","0","","",""
"080015","0000","0","158200","158400","158500","158600","158700","158800","158900","159000","159500","159600","157600","157500","157400","157000","156400","156200","156100","156000","155600","155500","24","248","460","5","8","55","100","607","215","2","50","8","33","1","50","5","104","120","103","339","1724","813","0","0","0","0","0","-157400","5","-100.00","248","0","0","0","0","","0","0","0","","",""
"080015","0001","0","158200","158400","158500","158600","158700","158800","158900","159000","159500","159600","157600","157500","157400","157000","156400","156200","156100","156000","155600","155500","24","248","465","5","8","55","100","607","215","2","50","8","33","1","50","5","104","120","103","339","1729","813","0","0","0","0","0","-157400","5","-100.00","248","5","0","0","0","","0","0","0","","",""
"080015","0002","0","158200","158400","158500","158600","158700","158800","158900","159000","159500","159600","158000","157900","157600","157500","157400","157000","156500","156400","156200","156100","24","248","465","5","8","55","100","607","215","2","44","10","50","9","33","1","1","50","5","104","1729","307","0","0","0","0","0","-157400","5","-100.00","267","0","-506","0","0","","0","0","0","","",""
"080016","0000","0","158200","158400","158500","158600","158700","158800","158900","159000","159300","159500","158000","157900","157600","157500","157400","157000","156500","156400","156200","156100","24","268","465","5","8","55","100","607","1","215","44","10","50","9","33","1","1","50","5","104","1748","307","0","0","0","0","0","-157400","5","-100.00","267","19","0","0","0","","0","0","0","","",""
"080016","0001","0","158200","158400","158500","158600","158700","158800","158900","159000","159300","159500","158000","157900","157600","157500","157400","157000","156500","156400","156200","156100","24","268","465","5","8","55","109","607","1","215","44","10","50","9","33","1","1","50","5","104","1757","307","0","0","0","0","0","-157400","5","-100.00","267","9","0","0","0","","0","0","0","","",""
"080017","0000","0","158200","158400","158500","158600","158700","158800","158900","159000","159300","159500","158000","157900","157600","157500","157400","157000","156500","156400","156200","156100","24","268","465","5","8","55","109","607","1","215","44","10","50","9","33","1","1","50","25","104","1757","327","0","0","0","0","0","-157400","5","-100.00","267","0","20","0","0","","0","0","0","","",""
"080017","0001","0","158200","158400","158500","158600","158700","158800","158900","159000","159300","159500","158000","157900","157600","157500","157400","157000","156500","156400","156200","156100","24","268","465","5","8","55","109","607","1","215","44","10","50","9","40","1","1","50","25","104","1757","334","0","0","0","0","0","-157400","5","-100.00","267","0","7","0","0","","0","0","0","","",""
"080018","0000","0","158300","158400","158500","158600","158700","158800","158900","159000","159300","159500","158200","158000","157900","157600","157500","157400","157000","156500","156400","156200","5","268","465","5","8","55","109","607","1","215","1","44","10","50","9","40","1","1","50","25","1738","231","0","0","0","0","0","-157400","5","-100.00","316","-19","-103","0","0","","0","0","0","","",""
"080018","0001","0","158300","158400","158500","158600","158700","158800","158900","159000","159300","159500","158200","158000","157900","157600","157500","157400","157000","156500","156400","156200","85","268","465","5","8","55","109","607","1","215","1","44","10","50","9","40","11","11","50","25","1818","251","0","0","0","0","0","-157400","5","-100.00","316","80","20","0","0","","0","0","0","","",""
"080019","0000","0","158300","158400","158500","158600","158700","158800","158900","159000","159300","159500","158200","158000","157900","157600","157500","157400","157000","156500","156400","156200","85","268","465","10","28","55","109","607","1","215","1","44","10","50","9","40","11","11","50","25","1843","251","0","0","0","0","0","-157400","5","-100.00","316","25","0","0","0","","0","0","0","","",""
"080020","0000","0","158300","158400","158500","158600","158700","158800","158900","159000","159300","159500","158200","158000","157900","157600","157500","157400","157000","156500","156400","156200","85","268","465","10","28","55","109","607","3","215","1","44","10","50","9","71","11","11","50","25","1845","282","0","0","0","0","0","-157400","5","-100.00","316","2","31","0","0","","0","0","0","","",""
"080020","0001","0","158300","158400","158500","158600","158700","158800","158900","159000","159300","159500","158200","158000","157900","157600","157500","157400","157000","156500","156400","156200","85","268","465","10","28","55","155","607","3","215","1","44","10","50","9","71","11","11","50","25","1891","282","0","0","0","0","0","-157400","5","-100.00","316","46","0","0","0","","0","0","0","","",""
"080021","0000","0","158300","158400","158500","158600","158700","158800","158900","159000","159300","159500","158200","158000","157900","157600","157500","157400","157000","156500","156400","156200","85","268","470","10","28","55","155","612","3","215","1","44","10","50","9","71","11","11","50","25","1901","282","0","0","0","0","0","-157400","5","-100.00","316","10","0","0","0","","0","0","0","","",""
"080022","0000","0","158300","158400","158500","158600","158700","158800","158900","159000","159300","159500","158200","158000","157900","157600","157500","157400","157000","156500","156400","156200","85","268","510","10","28","55","155","612","3","220","1","44","10","50","9","71","11","11","50","25","1946","282","0","0","0","0","0","-157400","5","-100.00","316","45","0","0","0","","0","0","0","","",""
"080022","0001","0","158200","158300","158400","158500","158600","158700","158800","158900","159000","159300","158000","157900","157600","157500","157400","157000","156500","156400","156200","156100","2","124","228","510","10","28","55","155","612","3","1","10","50","9","71","11","11","50","25","104","1727","342","0","0","0","0","0","-157400","5","-100.00","361","-219","60","0","0","","0","0","0","","",""
"080022","0002","0","158200","158300","158400","158500","158600","158700","158800","158900","159000","159300","158000","157900","157600","157500","157400","157000","156500","156400","156200","156100","3","124","228","510","10","28","55","155","612","3","1","10","50","9","71","11","11","50","25","104","1728","342","0","0","0","0","0","-157400","5","-100.00","361","1","0","0","0","","0","0","0","","",""
"080022","0003","0","157400","157900","158200","158300","158400","158500","158600","158700","158800","158900","157000","156500","156400","156200","156100","156000","155800","155600","155500","155400","794","10","23","124","228","510","10","28","55","155","11","11","50","25","104","135","1","103","345","10","1937","795","0","0","0","0","0","-157400","5","-100.00","567","209","453","0","0","","0","0","0","","",""
"080023","0000","0","157400","157900","158200","158300","158400","158500","158600","158700","158800","158900","157000","156500","156400","156200","156100","156000","155800","155600","155500","155400","794","10","23","124","229","510","10","28","55","155","11","11","50","25","104","135","1","103","370","10","1938","820","0","0","0","0","0","-157400","5","-100.00","567","1","25","0","0","","0","0","0","","",""
"080023","0001","0","157400","157900","158200","158300","158400","158500","158600","158700","158800","158900","157000","156500","156400","156200","156100","156000","155800","155600","155500","155400","794","10","23","124","229","510","10","33","55","155","11","11","50","25","104","135","1","103","370","10","1943","820","0","0","0","0","0","-157400","5","-100.00","567","5","0","0","0","","0","0","0","","",""
"080023","0002","0","157400","157900","158200","158300","158400","158500","158600","158700","158800","158900","157000","156500","156400","156200","156100","156000","155800","155600","155500","155400","764","10","23","124","229","510","10","33","55","155","11","11","50","25","104","135","1","103","370","10","1913","820","0","0","0","0","0","-157400","5","-100.00","597","-30","0","0","0","","0","0","0","","",""
"080024","0000","0","157400","157900","158200","158300","158400","158500","158600","158700","158800","158900","157000","156500","156400","156200","156100","156000","155800","155600","155500","155400","764","10","23","624","229","510","10","33","55","155","11","11","50","25","104","135","1","103","370","10","2413","820","0","0","0","0","0","-157400","5","-100.00","597","500","0","0","0","","0","0","0","","",""
"080024","0001","0","157400","157900","158000","158200","158300","158400","158500","158600","158700","158800","157000","156500","156400","156200","156100","156000","155800","155600","155500","155400","764","10","25","23","624","229","510","10","33","55","11","11","50","25","104","135","1","103","370","10","2283","820","0","0","0","0","0","-157400","5","-100.00","597","-130","0","0","0","","0","0","0","","",""
"080025","0000","0","157400","157900","158000","158200","158300","158400","158500","158600","158700","158800","157000","156500","156400","156200","156100","156000","155800","155600","155500","155400","763","10","25","23","624","269","510","10","33","55","11","11","50","25","104","135","1","103","370","10","2322","820","0","0","0","0","0","-157400","5","-100.00","598","39","0","0","0","","0","0","0","","",""
"080025","0001","0","157400","157900","158000","158200","158300","158400","158500","158600","158700","158800","157000","156500","156400","156200","156100","156000","155800","155600","155500","155400","773","10","25","23","624","269","510","10","33","55","11","11","50","25","104","135","1","103","370","10","2332","820","0","0","0","0","0","-157400","5","-100.00","598","10","0","0","0","","0","0","0","","",""
"080026","0000","0","157400","157900","158000","158200","158300","158400","158500","158600","158700","158800","157000","156500","156400","156200","156100","156000","155800","155600","155500","155400","773","10","25","23","642","269","510","10","33","55","11","11","50","25","104","135","1","103","370","10","2350","820","0","0","0","0","0","-157400","5","-100.00","598","18","0","0","0","","0","0","0","","",""
"080026","0001","0","157400","157900","158000","158200","158300","158400","158500","158600","158700","158800","157000","156500","156400","156200","156100","156000","155800","155600","155500","155400","723","10","25","23","642","269","510","10","33","55","11","11","50","25","104","135","1","103","370","10","2300","820","0","0","0","0","0","-157400","5","-100.00","648","-50","0","0","0","","0","0","0","","",""
"080027","0000","0","157400","157900","158000","158200","158300","158400","158500","158600","158700","158800","157000","156500","156400","156200","156100","156000","155800","155600","155500","155400","722","10","25","23","642","269","510","10","33","55","11","11","50","25","104","135","1","103","400","10","2299","850","0","0","0","0","0","-157400","5","-100.00","649","-1","30","0","0","","0","0","0","","",""
"080028","0000","0","157400","157900","158000","158200","158300","158400","158500","158600","158700","158800","157100","157000","156500","156400","156200","156100","156000","155800","155600","155500","722","10","25","23","652","269","510","10","33","55","50","11","11","50","25","104","135","1","103","400","2309","890","0","0","0","0","0","-157400","5","-100.00","649","10","40","0","0","","0","0","0","","",""
"080028","0001","0","157400","157900","158000","158200","158300","158400","158500","158600","158700","158800","157100","157000","156500","156400","156200","156100","156000","155800","155600","155500","722","10","25","23","652","269","510","10","33","55","60","11","11","50","25","104","135","1","103","400","2309","900","0","0","0","0","0","-157400","5","-100.00","649","0","10","0","0","","0","0","0","","",""
"080029","0000","0","157400","157900","158000","158200","158300","158400","158500","158600","158700","158800","157100","157000","156500","156400","156200","156100","156000","155800","155700","155600","722","10","25","23","652","269","510","10","33","55","60","11","11","50","25","104","135","1","17","103","2309","517","0","0","0","0","0","-157400","5","-100.00","649","0","-383","0","0","","0","0","0","","",""
"080029","0001","0","157400","157900","158000","158200","158300","158400","158500","158600","158700","158800","157100","157000","156500","156400","156200","156100","156000","155800","155700","155600","722","10","25","33","652","269","510","10","33","55","60","11","11","50","25","104","135","1","17","103","2319","517","0","0","0","0","0","-157400","5","-100.00","649","10","0","0","0","","0","0","0","","",""
"080029","0002","0","157400","157900","158000","158200","158300","158400","158500","158600","158700","158800","157100","157000","156500","156400","156200","156100","156000","155900","155800","155700","722","10","25","33","652","269","510","10","33","55","60","11","11","50","25","104","135","1","1","17","2319","415","0","0","0","0","0","-157400","5","-100.00","649","0","-102","0","0","","0","0","0","","",""
"080030","0000","0","157400","157900","158000","158200","158300","158400","158500","158600","158700","158800","157100","157000","156500","156400","156200","156100","156000","155900","155800","155700","722","10","25","33","652","269","510","50","33","55","110","11","11","50","25","104","135","1","1","17","2359","465","0","0","0","0","0","-157400","5","-100.00","649","40","50","0","0","","0","0","0","","",""
"080031","0000","0","157400","157900","158000","158200","158300","158400","158500","158600","158700","158800","157100","157000","156500","156400","156200","156100","156000","155900","155800","155700","722","10","25","33","652","269","511","50","33","55","110","11","11","50","25","104","135","1","1","17","2360","465","0","0","0","0","0","-157400","5","-100.00","649","1","0","0","0","","0","0","0","","",""
"080031","0001","0","157400","157900","158000","158200","158300","158400","158500","158600","158700","158800","157100","157000","156500","156400","156200","156100","156000","155900","155800","155700","709","10","25","33","652","269","511","50","33","55","110","11","11","50","25","104","135","1","1","17","2347","465","0","0","0","0","0","-157400","5","-100.00","662","-13","0","0","0","","0","0","0","","",""
"080032","0000","0","157400","157900","158000","158200","158300","158400","158500","158600","158700","158800","157100","157000","156500","156400","156200","156100","156000","155900","155800","155700","707","10","25","33","652","269","511","50","33","55","110","11","11","50","25","104","135","1","1","17","2345","465","0","0","0","0","0","-157400","5","-100.00","664","-2","0","0","0","","0","0","0","","",""
"080033","0000","0","157400","157900","158000","158200","158300","158400","158500","158600","158700","158800","157100","157000","156500","156400","156200","156100","156000","155900","155800","155700","707","10","25","33","652","269","511","50","33","55","111","11","11","50","25","104","135","1","1","17","2345","466","0","0","0","0","0","-157400","5","-100.00","664","0","1","0","0","","0","0","0","","",""
"080033","0001","0","157400","157900","158000","158200","158300","158400","158500","158600","158700","158800","157100","157000","156500","156400","156200","156100","156000","155900","155800","155700","634","10","25","33","652","269","511","50","33","55","111","11","11","50","25","104","135","1","1","17","2272","466","0","0","0","0","0","-157400","5","-100.00","737","-73","0","0","0","","0","0","0","","",""
"080033","0002","0","157400","157900","158000","158200","158300","158400","158500","158600","158700","158800","157100","157000","156500","156400","156200","156100","156000","155900","155800","155700","634","10","25","33","653","269","511","50","33","55","111","11","11","50","25","104","135","1","1","17","2273","466","0","0","0","0","0","-157400","5","-100.00","737","1","0","0","0","","0","0","0","","",""
"080034","0000","0","157400","157900","158000","158200","158300","158400","158500","158600","158700","158800","157100","157000","156500","156400","156200","156100","156000","155900","155800","155700","598","10","25","33","653","269","512","50","33","55","111","11","11","50","25","104","135","1","1","17","2238","466","0","0","0","0","0","-157400","5","-100.00","773","-35","0","0","0","","0","0","0","","",""
"080034","0001","0","157400","157900","158000","158200","158300","158400","158500","158600","158700","158800","157100","157000","156500","156400","156200","156100","156000","155900","155800","155700","598","10","25","33","653","269","512","50","73","60","111","11","11","50","25","104","135","1","1","17","2283","466","0","0","0","0","0","-157400","5","-100.00","773","45","0","0","0","","0","0","0","","",""
"080035","0000","0","157400","157900","158000","158200","158300","158400","158500","158600","158700","158800","157100","157000","156500","156400","156200","156100","156000","155900","155800","155700","463","10","25","33","653","269","512","50","73","60","111","11","11","50","25","104","135","1","1","17","2148","466","0","0","0","0","0","-157400","5","-100.00","908","-135","0","0","0","","0","0","0","","",""
"080035","0001","0","157400","157900","158000","158200","158300","158400","158500","158600","158700","158800","157100","157000","156500","156400","156200","156100","156000","155900","155800","155700","463","10","25","13","703","269","512","50","73","69","111","11","11","50","25","104","135","1","1","17","2187","466","0","0","0","0","0","-157400","5","-100.00","908","39","0","0","0","","0","0","0","","",""
"080036","0000","0","157400","157900","158000","158200","158300","158400","158500","158600","158700","158800","157100","157000","156500","156400","156200","156100","156000","155900","155800","155700","463","10","25","13","685","287","512","50","73","69","111","11","11","50","25","104","135","1","1","17","2187","466","0","0","0","0","0","-157400","5","-100.00","908","0","0","0","0","","0","0","0","","",""
"080036","0001","0","157400","157900","158000","158200","158300","158400","158500","158600","158700","158800","157100","157000","156500","156400","156200","156100","156000","155900","155800","155700","463","10","25","13","685","287","512","50","73","74","111","11","11","50","25","104","135","1","1","17","2192","466","0","0","0","0","0","-157400","5","-100.00","908","5","0","0","0","","0","0","0","","",""
"080036","0002","0","157400","157900","158000","158200","158300","158400","158500","158600","158700","158800","157100","157000","156500","156400","156200","156100","156000","155900","155800","155700","453","10","25","63","635","287","512","50","73","74","111","11","11","50","25","104","135","1","1","17","2182","466","0","0","0","0","0","-157400","5","-100.00","908","-10","0","0","0","","0","0","0","","",""
"080037","0000","0","157400","157900","158000","158200","158300","158400","158500","158600","158700","158800","157100","157000","156500","156400","156200","156100","156000","155900","155800","155700","449","10","25","63","635","287","512","50","73","74","111","11","11","50","25","104","135","1","1","17","2178","466","0","0","0","0","0","-157400","5","-100.00","912","-4","0","0","0","","0","0","0","","",""
"080037","0001","0","157400","157900","158000","158200","158300","158400","158500","158600","158700","158800","157100","157000","156500","156400","156200","156100","156000","155900","155800","155700","379","10","25","63","635","287","512","50","73","74","111","11","11","50","25","104","135","1","1","17","2108","466","0","0","0","0","0","-157400","5","-100.00","982","-70","0","0","0","","0","0","0","","",""
"080038","0000","0","157400","157900","158000","158200","158300","158400","158500","158600","158700","158800","157100","157000","156500","156400","156200","156100","156000","155900","155800","155700","379","10","25","63","135","787","512","50","73","74","111","11","11","50","25","104","135","1","1","17","2108","466","0","0","0","0","0","-157400","5","-100.00","982","0","0","0","0","","0","0","0","","",""
"080038","0001","0","157400","157900","158000","158200","158300","158400","158500","158600","158700","158800","157100","157000","156500","156400","156200","156100","156000","155900","155800","155700","377","10","25","63","135","787","512","50","73","74","111","21","11","50","25","104","135","1","1","17","2106","476","0","0","0","0","0","-157400","5","-100.00","984","-2","10","0","0","","0","0","0","","",""
"080038","0002","0","157400","157900","158000","158200","158300","158400","158500","158600","158700","158800","157100","157000","156500","156400","156200","156100","156000","155900","155800","155700","372","10","25","63","135","787","512","50","73","74","111","21","11","50","25","104","135","1","1","17","2101","476","0","0","0","0","0","-157400","5","-100.00","989","-5","0","0","0","","0","0","0","","",""
"080040","0000","0","157400","157900","158000","158200","158300","158400","158500","158600","158700","158800","157100","157000","156500","156400","156200","156100","156000","155900","155800","155700","372","10","25","63","135","787","512","50","73","74","111","21","21","50","25","104","135","1","1","17","2101","486","0","0","0","0","0","-157400","5","-100.00","989","0","10","0","0","","0","0","0","","",""
"080041","0000","0","157400","157900","158000","158200","158300","158400","158500","158600","158700","158800","157200","157100","157000","156500","156400","156200","156100","156000","155900","155800","372","10","25","63","135","787","512","50","73","74","1","111","21","21","50","25","104","135","1","1","2101","470","0","0","0","0","0","-157400","5","-100.00","989","0","-16","0","0","","0","0","0","","",""
"080041","0001","0","157400","157900","158000","158200","158300","158400","158500","158600","158700","158800","157200","157100","157000","156500","156400","156200","156100","156000","155900","155800","381","10","25","63","135","787","512","50","73","74","1","111","21","21","50","25","104","135","1","1","2110","470","0","0","0","0","0","-157400","5","-100.00","989","9","0","0","0","","0","0","0","","",""
"080041","0002","0","157400","157900","158000","158200","158300","158400","158500","158600","158700","158800","157200","157100","157000","156500","156400","156200","156100","156000","155900","155800","381","14","25","63","135","787","512","50","73","74","1","111","21","21","50","25","104","135","1","1","2114","470","0","0","0","0","0","-157400","5","-100.00","989","4","0","0","0","","0","0","0","","",""
"080042","0000","0","157400","157900","158000","158200","158300","158400","158500","158600","158700","158800","157200","157100","157000","156500","156400","156200","156100","156000","155900","155800","371","14","25","63","135","787","512","50","73","74","1","111","21","21","50","25","104","135","1","1","2104","470","0","0","0","0","0","-157400","5","-100.00","999","-10","0","0","0","","0","0","0","","",""
"080044","0000","0","157400","157900","158000","158200","158300","158400","158500","158600","158700","158800","157200","157100","157000","156500","156400","156200","156100","156000","155900","155800","346","14","25","63","135","787","512","50","73","74","1","111","21","31","50","25","104","135","1","1","2079","480","0","0","0","0","0","-157400","5","-100.00","1024","-25","10","0","0","","0","0","0","","",""
"080044","0001","0","157400","157900","158000","158200","158300","158400","158500","158600","158700","158800","157200","157100","157000","156500","156400","156200","156100","156000","155900","155800","346","14","25","63","135","787","512","50","73","74","1","111","21","31","50","25","144","135","1","1","2079","520","0","0","0","0","0","-157400","5","-100.00","1024","0","40","0","0","","0","0","0","","",""
"080045","0000","0","157400","157900","158000","158200","158300","158400","158500","158600","158700","158800","157200","157100","157000","156600","156500","156400","156200","156100","156000","155900","316","14","25","63","135","787","512","50","73","74","1","111","21","10","31","50","25","144","135","1","2049","529","0","0","0","0","0","-157400","5","-100.00","1054","-30","9","0","0","","0","0","0","","",""
"080047","0000","0","157400","157900","158000","158200","158300","158400","158500","158600","158700","158800","157200","157100","157000","156600","156500","156400","156200","156100","156000","155900","316","14","25","63","135","787","512","50","73","80","1","111","21","10","31","50","25","144","135","1","2055","529","0","0","0","0","0","-157400","5","-100.00","1054","6","0","0","0","","0","0","0","","",""
"080047","0001","0","157400","157900","158000","158200","158300","158400","158500","158600","158700","158800","157200","157100","157000","156600","156500","156400","156200","156100","156000","155900","316","14","25","63","135","787","512","50","73","80","6","111","21","10","31","50","25","144","135","1","2055","534","0","0","0","0","0","-157400","5","-100.00","1054","0","5","0","0","","0","0","0","","",""
"080047","0002","0","157400","157900","158000","158200","158300","158400","158500","158600","158700","158800","157200","157100","157000","156600","156500","156400","156200","156100","156000","155900","316","14","25","63","135","787","103","50","73","80","6","111","21","10","31","50","25","144","135","1","1646","534","0","0","0","0","0","-157400","5","-100.00","1054","-409","0","0","0","","0","0","0","","",""
"080048","0000","0","157400","157900","158000","158200","158300","158400","158500","158600","158700","158800","157200","157100","157000","156600","156500","156400","156200","156100","156000","155900","316","14","25","63","135","787","103","50","73","80","11","111","21","10","31","50","25","144","135","1","1646","539","0","0","0","0","0","-157400","5","-100.00","1054","0","5","0","0","","0","0","0","","",""
"080049","0000","0","157400","157900","158000","158200","158300","158400","158500","158600","158700","158800","157200","157100","157000","156600","156500","156400","156200","156100","156000","155900","316","14","25","63","135","787","103","50","73","80","11","111","21","10","31","50","25","144","245","1","1646","649","0","0","0","0","0","-157400","5","-100.00","1054","0","110","0","0","","0","0","0","","",""
"080050","0000","0","157400","157900","158000","158200","158300","158400","158500","158600","158700","158800","157200","157100","157000","156600","156500","156400","156200","156100","156000","155900","316","14","25","63","135","787","103","50","73","80","15","111","21","10","31","50","25","144","245","1","1646","653","0","0","0","0","0","-157400","5","-100.00","1054","0","4","0","0","","0","0","0","","",""
"080051","0000","0","157400","157900","158000","158200","158300","158400","158500","158600","158700","158800","157200","157100","157000","156600","156500","156400","156200","156100","156000","155900","316","14","25","63","135","787","103","50","73","80","25","112","21","10","31","50","25","144","245","1","1646","664","0","0","0","0","0","-157400","5","-100.00","1054","0","11","0","0","","0","0","0","","",""
"080052","0000","0","157400","157900","158000","158200","158300","158400","158500","158600","158700","158800","157200","157100","157000","156600","156500","156400","156200","156100","156000","155900","315","14","25","64","135","787","103","50","73","80","25","112","21","10","31","50","25","144","245","1","1646","664","0","0","0","0","0","-157400","5","-100.00","1055","0","0","0","0","","0","0","0","","",""
"080052","0001","0","157400","157900","158000","158200","158300","158400","158500","158600","158700","158800","157200","157100","157000","156600","156500","156400","156200","156100","156000","155900","315","14","25","64","135","787","103","50","73","80","25","112","21","10","31","50","155","44","245","1","1646","694","0","0","0","0","0","-157400","5","-100.00","1055","0","30","0","0","","0","0","0","","",""
"080052","0002","0","157400","157900","158000","158200","158300","158400","158500","158600","158700","158800","157200","157100","157000","156600","156500","156400","156200","156100","156000","155900","315","14","25","64","135","787","103","50","73","142","25","112","21","10","31","50","155","44","245","1","1708","694","0","0","0","0","0","-157400","5","-100.00","1055","62","0","0","0","","0","0","0","","",""
"080053","0000","0","157400","157900","158000","158200","158300","158400","158500","158600","158700","158800","157200","157100","157000","156600","156500","156400","156200","156100","156000","155900","305","14","25","64","135","787","103","50","73","142","25","112","21","10","31","50","150","45","245","1","1698","690","0","0","0","0","0","-157400","5","-100.00","1065","-10","-4","0","0","","0","0","0","","",""
"080054","0000","0","157400","157900","158000","158200","158300","158400","158500","158600","158700","158800","157300","157200","157100","157000","156600","156500","156400","156200","156100","156000","305","14","25","64","135","787","103","50","73","142","300","25","112","21","10","31","50","150","45","245","1698","989","0","0","0","0","0","-157400","5","-100.00","1065","0","299","0","0","","0","0","0","","",""
"080055","0000","0","157400","157900","158000","158200","158300","158400","158500","158600","158700","158800","157300","157200","157100","157000","156600","156500","156400","156200","156100","156000","325","14","25","64","135","787","103","50","73","142","300","25","112","21","10","31","50","160","45","245","1718","999","0","0","0","0","0","-157400","5","-100.00","1065","20","10","0","0","","0","0","0","","",""
"080057","0000","0","157400","157900","158000","158200","158300","158400","158500","158600","158700","158800","157300","157200","157100","157000","156600","156500","156400","156200","156100","156000","331","14","25","64","135","787","103","50","73","142","300","25","112","21","10","31","50","160","45","246","1724","1000","0","0","0","0","0","-157400","5","-100.00","1065","6","1","0","0","","0","0","0","","",""
"080057","0001","0","157300","157400","157900","158000","158200","158300","158400","158500","158600","158700","157200","157100","157000","156600","156500","156400","156200","156100","156000","155900","265","331","14","25","64","135","787","103","50","73","25","112","21","10","31","50","160","45","246","21","1847","721","0","0","0","0","0","-157400","5","-100.00","1365","123","-279","0","0","","0","0","0","","",""
"080058","0000","0","157200","157400","157900","158000","158200","158300","158400","158500","158600","158700","157100","157000","156600","156500","156400","156200","156100","156000","155900","155800","156","331","14","25","64","135","787","103","50","73","112","21","10","31","50","160","45","246","21","5","1738","701","0","0","0","0","0","-157400","5","-100.00","1474","-109","-20","0","0","","0","0","0","","",""
"080058","0001","0","157200","157400","157700","157900","158000","158200","158300","158400","158500","158600","157100","157000","156600","156500","156400","156200","156100","156000","155900","155800","156","331","2","14","25","62","135","787","103","50","112","21","10","31","50","160","45","246","21","5","1665","701","0","0","0","0","0","-157400","5","-100.00","1474","-73","0","0","0","","0","0","0","","",""
"080058","0002","0","157200","157400","157700","157900","158000","158200","158300","158400","158500","158600","157100","157000","156600","156500","156400","156200","156100","156000","155900","155800","56","331","2","14","25","62","135","787","103","50","112","21","10","31","50","160","45","246","21","5","1565","701","0","0","0","0","0","-157400","5","-100.00","1574","-100","0","0","0","","0","0","0","","",""
"080059","0000","0","157200","157400","157700","157900","158000","158200","158300","158400","158500","158600","157100","157000","156600","156500","156400","156200","156100","156000","155900","155800","56","331","35","14","25","62","135","787","103","50","112","21","10","31","50","160","45","246","21","1","1598","697","0","0","0","0","0","-157400","5","-100.00","1574","33","-4","0","0","","0","0","0","","",""
"080059","0001","0","157200","157400","157700","157900","158000","158200","158300","158400","158500","158600","157100","157000","156600","156500","156400","156200","156100","156000","155900","155800","55","331","35","14","25","62","135","787","103","50","112","21","10","31","50","160","45","246","26","1","1597","702","0","0","0","0","0","-157400","5","-100.00","1575","-1","5","0","0","","0","0","0","","",""
"080059","0002","0","157200","157400","157700","157900","158000","158200","158300","158400","158500","158600","157100","157000","156600","156500","156400","156200","156100","156000","155900","155800","55","331","35","14","25","62","135","787","103","50","112","21","10","36","50","160","45","246","26","1","1597","707","0","0","0","0","0","-157400","5","-100.00","1575","0","5","0","0","","0","0","0","","",""
"080100","0000","0","157200","157400","157500","157700","157900","158000","158200","158300","158400","158500","157100","157000","156600","156500","156400","156200","156100","156000","155900","155800","55","331","1","35","14","25","62","135","787","103","112","31","10","36","50","160","45","246","26","1","1548","717","0","0","0","0","0","-157400","5","-100.00","1575","-49","10","0","0","","0","0","0","","",""
"080101","0000","0","157200","157400","157500","157700","157900","158000","158200","158300","158400","158500","157100","157000","156600","156500","156400","156200","156100","156000","155900","155800","45","331","1","35","14","25","62","135","787","103","112","31","10","36","50","160","45","246","26","1","1538","717","0","0","0","0","0","-157400","5","-100.00","1585","-10","0","0","0","","0","0","0","","",""
"080101","0001","0","157200","157400","157500","157700","157800","157900","158000","158200","158300","158400","157100","157000","156600","156500","156400","156200","156100","156000","155900","155800","45","331","1","35","1","4","25","62","135","787","117","31","10","36","50","160","45","246","26","1","1426","722","0","0","0","0","0","-157400","5","-100.00","1585","-112","5","0","0","","0","0","0","","",""
"080102","0000","0","157400","157500","157700","157800","157900","158000","158200","158300","158400","158500","157200","157100","157000","156600","156500","156400","156200","156100","156000","155900","331","1","35","1","4","25","62","135","787","103","155","117","31","10","36","50","160","45","246","26","1484","876","0","0","0","0","0","-157400","5","-100.00","1630","58","154","0","0","","0","0","0","","",""
"080103","0000","0","157400","157500","157700","157800","157900","158000","158200","158300","158400","158500","157200","157100","157000","156600","156500","156400","156200","156100","156000","155900","331","1","35","1","4","25","62","136","787","103","155","142","31","10","36","50","160","45","246","26","1485","901","0","0","0","0","0","-157400","5","-100.00","1630","1","25","0","0","","0","0","0","","",""
"080103","0001","0","157400","157500","157700","157800","157900","158000","158200","158300","158400","158500","157200","157100","157000","156600","156500","156400","156200","156100","156000","155900","331","1","35","1","4","25","62","136","787","103","155","142","31","20","36","50","160","45","246","26","1485","911","0","0","0","0","0","-157400","5","-100.00","1630","0","10","0","0","","0","0","0","","",""
"080103","0002","0","157400","157500","157700","157800","157900","158000","158100","158200","158300","158400","157200","157100","157000","156600","156500","156400","156200","156100","156000","155900","331","1","35","1","4","25","1","62","136","787","155","142","31","20","36","50","160","45","246","26","1383","911","0","0","0","0","0","-157400","5","-100.00","1630","-102","0","0","0","","0","0","0","","",""
"080105","0000","0","157400","157500","157700","157800","157900","158000","158100","158200","158300","158400","157200","157100","157000","156600","156500","156400","156200","156100","156000","155900","331","1","35","1","4","25","1","62","136","787","155","147","31","20","36","50","160","45","246","26","1383","916","0","0","0","0","0","-157400","5","-100.00","1630","0","5","0","0","","0","0","0","","",""
"080105","0001","0","157400","157500","157700","157800","157900","158000","158100","158200","158300","158400","157200","157100","157000","156600","156500","156400","156200","156100","156000","155900","331","1","35","1","4","25","1","62","136","787","155","147","32","20","36","50","160","45","246","26","1383","917","0","0","0","0","0","-157400","5","-100.00","1630","0","1","0","0","","0","0","0","","",""
"080105","0002","0","157400","157500","157700","157800","157900","158000","158100","158200","158300","158400","157200","157100","157000","156800","156600","156500","156400","156200","156100","156000","325","1","35","1","4","25","1","62","136","787","148","147","32","10","20","36","50","160","45","247","1377","895","0","0","0","0","0","-157400","5","-100.00","1637","-6","-22","0","0","","0","0","0","","",""
"080106","0000","0","157400","157500","157700","157800","157900","158000","158100","158200","158300","158400","157200","157100","157000","156800","156600","156500","156400","156200","156100","156000","325","1","35","1","4","25","1","62","136","787","160","147","32","10","20","36","50","160","45","247","1377","907","0","0","0","0","0","-157400","5","-100.00","1637","0","12","0","0","","0","0","0","","",""
"080106","0001","0","157400","157500","157700","157800","157900","158000","158100","158200","158300","158400","157200","157100","157000","156800","156600","156500","156400","156200","156100","156000","320","1","35","1","4","25","1","62","136","787","160","147","32","10","20","36","50","160","45","247","1372","907","0","0","0","0","0","-157400","5","-100.00","1642","-5","0","0","0","","0","0","0","","",""
"080107","0000","0","157400","157500","157700","157800","157900","158000","158100","158200","158300","158400","157300","157200","157100","157000","156800","156600","156500","156400","156200","156100","320","1","35","1","4","25","1","62","136","787","1","165","147","37","10","20","36","50","160","45","1372","671","0","0","0","0","0","-157400","5","-100.00","1642","0","-236","0","0","","0","0","0","","",""
"080107","0001","0","157400","157500","157700","157800","157900","158000","158100","158200","158300","158400","157300","157200","157100","157000","156800","156600","156500","156400","156200","156100","320","1","35","1","4","25","1","62","136","787","1","166","147","37","10","20","36","50","160","45","1372","672","0","0","0","0","0","-157400","5","-100.00","1642","0","1","0","0","","0","0","0","","",""
"080107","0002","0","157400","157500","157700","157800","157900","158000","158100","158200","158300","158400","157300","157200","157100","157000","156800","156600","156500","156400","156200","156100","320","1","35","1","4","25","1","62","136","787","8","166","147","37","10","20","36","50","160","75","1372","709","0","0","0","0","0","-157400","5","-100.00","1642","0","37","0","0","","0","0","0","","",""
"080107","0003","0","157400","157500","157700","157800","157900","158000","158100","158200","158300","158400","157300","157200","157100","157000","156800","156600","156500","156400","156200","156100","320","1","35","1","4","125","1","62","136","787","8","166","147","37","10","20","36","50","160","75","1472","709","0","0","0","0","0","-157400","5","-100.00","1642","100","0","0","0","","0","0","0","","",""
"080108","0000","0","157400","157500","157700","157800","157900","158000","158100","158200","158300","158400","157300","157200","157100","157000","156800","156600","156500","156400","156200","156100","320","1","35","1","4","125","1","64","136","787","8","166","147","37","10","20","36","50","160","75","1474","709","0","0","0","0","0","-157400","5","-100.00","1642","2","0","0","0","","0","0","0","","",""
"080108","0001","0","157400","157500","157700","157800","157900","158000","158100","158200","158300","158400","157300","157200","157100","157000","156800","156600","156500","156400","156200","156100","320","1","35","1","4","125","1","64","136","787","8","166","147","37","10","20","36","50","160","76","1474","710","0","0","0","0","0","-157400","5","-100.00","1642","0","1","0","0","","0","0","0","","",""
"080109","0000","0","157400","157500","157700","157800","157900","158000","158100","158200","158300","158400","157300","157200","157100","157000","156800","156600","156500","156400","156200","156100","270","1","35","1","4","125","1","64","136","787","8","166","147","37","10","20","136","50","160","76","1424","810","0","0","0","0","0","-157400","5","-100.00","1692","-50","100","0","0","","0","0","0","","",""
"080109","0001","0","157400","157500","157700","157800","157900","158000","158100","158200","158300","158400","157300","157200","157100","157000","156800","156600","156500","156400","156200","156100","270","1","35","1","4","125","1","64","136","787","8","166","147","38","10","20","136","50","160","76","1424","811","0","0","0","0","0","-157400","5","-100.00","1692","0","1","0","0","","0","0","0","","",""
"080110","0000","0","157400","157500","157700","157800","157900","158000","158100","158200","158300","158400","157300","157200","157100","157000","156800","156600","156500","156400","156200","156100","270","1","35","1","4","125","1","64","136","787","8","166","147","38","10","20","136","62","160","76","1424","823","0","0","0","0","0","-157400","5","-100.00","1692","0","12","0","0","","0","0","0","","",""
"080111","0000","0","157400","157500","157700","157800","157900","158000","158100","158200","158300","158400","157300","157200","157100","157000","156800","156600","156500","156400","156200","156100","270","1","35","1","4","125","1","64","136","787","8","166","47","38","10","20","136","62","161","76","1424","724","0","0","0","0","0","-157400","5","-100.00","1692","0","-99","0","0","","0","0","0","","",""
"080113","0000","0","157400","157500","157700","157800","157900","158000","158100","158200","158300","158400","157300","157200","157100","157000","156800","156600","156500","156400","156200","156100","270","1","35","1","4","125","1","64","136","787","8","166","47","38","10","20","149","62","161","76","1424","737","0","0","0","0","0","-157400","5","-100.00","1692","0","13","0","0","","0","0","0","","",""
"080113","0001","0","157400","157500","157700","157800","157900","158000","158100","158200","158300","158400","157300","157200","157100","157000","156800","156600","156500","156400","156200","156100","270","1","35","1","4","125","1","64","136","787","8","166","47","38","10","20","149","62","161","81","1424","742","0","0","0","0","0","-157400","5","-100.00","1692","0","5","0","0","","0","0","0","","",""
"080114","0000","0","157400","157500","157700","157800","157900","158000","158100","158200","158300","158400","157300","157200","157100","157000","156800","156600","156500","156400","156200","156100","270","1","35","1","4","125","1","64","136","787","9","166","47","38","10","20","149","62","161","81","1424","743","0","0","0","0","0","-157400","5","-100.00","1692","0","1","0","0","","0","0","0","","",""
"080114","0001","0","157400","157500","157700","157800","157900","158000","158100","158200","158300","158400","157300","157200","157100","157000","156800","156600","156500","156400","156200","156100","270","1","35","1","4","125","1","64","136","787","9","166","47","38","10","320","149","62","161","81","1424","1043","0","0","0","0","0","-157400","5","-100.00","1692","0","300","0","0","","0","0","0","","",""
"080115","0000","0","157400","157500","157700","157800","157900","158000","158100","158200","158300","158400","157300","157200","157100","157000","156800","156600","156500","156400","156200","156100","269","1","35","1","4","125","1","64","136","787","9","166","47","43","10","320","149","62","161","81","1423","1048","0","0","0","0","0","-157400","5","-100.00","1693","-1","5","0","0","","0","0","0","","",""
"080115","0001","0","157700","157800","157900","158000","158100","158200","158300","158400","158500","158600","157300","157200","157100","157000","156800","156600","156500","156400","156200","156100","35","1","4","125","1","64","136","787","142","50","210","166","47","43","10","320","149","62","161","81","1345","1249","0","0","0","0","0","-157400","5","-100.00","1963","-78","201","0","0","","0","0","0","","",""
"080115","0002","0","157700","157800","157900","158000","158100","158200","158300","158400","158500","158600","157300","157200","157100","157000","156800","156600","156500","156400","156200","156100","35","1","4","125","1","64","136","787","142","50","210","186","47","43","10","320","149","62","161","81","1345","1269","0","0","0","0","0","-157400","5","-100.00","1963","0","20","0","0","","0","0","0","","",""
"080116","0000","0","157700","157800","157900","158000","158100","158200","158300","158400","158500","158600","157300","157200","157100","157000","156800","156600","156500","156400","156200","156100","35","1","4","125","1","64","136","790","142","50","210","187","47","43","10","320","149","62","161","81","1348","1270","0","0","0","0","0","-157400","5","-100.00","1963","3","1","0","0","","0","0","0","","",""
"080116","0001","0","157700","157800","157900","158000","158100","158200","158300","158400","158500","158600","157300","157200","157100","157000","156800","156600","156500","156400","156200","156100","35","1","4","125","1","64","136","790","142","50","210","187","47","43","10","320","150","62","161","81","1348","1271","0","0","0","0","0","-157400","5","-100.00","1963","0","1","0","0","","0","0","0","","",""
"080116","0002","0","157700","157800","157900","158000","158100","158200","158300","158400","158500","158600","157300","157200","157100","157000","156800","156600","156500","156400","156200","156100","35","1","4","125","1","64","136","790","142","50","210","194","47","43","10","320","150","62","161","81","1348","1278","0","0","0","0","0","-157400","5","-100.00","1963","0","7","0","0","","0","0","0","","",""
"080118","0000","0","157700","157800","157900","158000","158100","158200","158300","158400","158500","158600","157300","157200","157100","157000","156800","156600","156500","156400","156200","156100","35","1","4","125","1","64","136","790","142","50","210","194","54","43","10","320","150","62","161","81","1348","1285","0","0","0","0","0","-157400","5","-100.00","1963","0","7","0","0","","0","0","0","","",""
"080118","0001","0","157700","157800","157900","158000","158100","158200","158300","158400","158500","158600","157300","157200","157100","157000","156800","156600","156500","156400","156200","156100","35","1","4","125","1","64","136","790","227","50","210","194","54","43","30","320","150","62","161","81","1433","1305","0","0","0","0","0","-157400","5","-100.00","1963","85","20","0","0","","0","0","0","","",""
"080119","0000","0","157700","157800","157900","158000","158100","158200","158300","158400","158500","158600","157300","157200","157100","157000","156800","156600","156500","156400","156200","156100","35","1","4","125","1","64","136","790","227","50","210","194","54","43","31","320","150","62","161","81","1433","1306","0","0","0","0","0","-157400","5","-100.00","1963","0","1","0","0","","0","0","0","","",""
"080119","0001","0","157700","157800","157900","158000","158100","158200","158300","158400","158500","158600","157500","157300","157200","157100","157000","156800","156600","156500","156400","156200","35","1","4","125","1","64","136","790","227","50","10","210","194","54","43","31","320","150","62","161","1433","1235","0","0","0","0","0","-157400","5","-100.00","1963","0","-71","0","0","","0","0","0","","",""
"080121","0000","0","157700","157800","157900","158000","158100","158200","158300","158400","158500","158600","157500","157300","157200","157100","157000","156800","156600","156500","156400","156200","35","1","4","125","1","64","136","790","227","50","10","214","194","54","43","32","320","150","62","161","1433","1240","0","0","0","0","0","-157400","5","-100.00","1963","0","5","0","0","","0","0","0","","",""
"080121","0001","0","157700","157800","157900","158000","158100","158200","158300","158400","158500","158600","157500","157300","157200","157100","157000","156800","156600","156500","156400","156200","5","1","4","125","1","64","136","790","227","50","10","214","194","54","43","32","320","150","62","161","1403","1240","0","0","0","0","0","-157400","5","-100.00","1993","-30","0","0","0","","0","0","0","","",""
"080122","0000","0","157700","157800","157900","158000","158100","158200","158300","158400","158500","158600","157300","157200","157100","157000","156800","156600","156500","156400","156200","156100","5","1","4","100","1","64","136","790","227","50","199","194","54","43","32","320","150","62","161","93","1378","1308","0","0","0","0","0","-157400","5","-100.00","2018","-25","68","0","0","","0","0","0","","",""
"080123","0000","0","157700","157800","157900","158000","158100","158200","158300","158400","158500","158600","157300","157200","157100","157000","156800","156600","156500","156400","156200","156100","25","1","4","100","1","64","136","790","227","50","199","194","54","43","32","320","150","62","161","93","1398","1308","0","0","0","0","0","-157400","5","-100.00","2018","20","0","0","0","","0","0","0","","",""
"080125","0000","0","157700","157800","157900","158000","158100","158200","158300","158400","158500","158600","157300","157200","157100","157000","156800","156600","156500","156400","156200","156100","25","1","4","100","1","64","136","790","227","50","199","244","54","43","32","320","150","62","161","93","1398","1358","0","0","0","0","0","-157400","5","-100.00","2018","0","50","0","0","","0","0","0","","",""
"080126","0000","0","157700","157800","157900","158000","158100","158200","158300","158400","158500","158600","157300","157200","157100","157000","156800","156600","156500","156400","156200","156100","25","1","4","100","1","64","136","790","227","50","199","244","54","43","32","320","350","62","161","93","1398","1558","0","0","0","0","0","-157400","5","-100.00","2018","0","200","0","0","","0","0","0","","",""
"080127","0000","0","157700","157800","157900","158000","158100","158200","158300","158400","158500","158600","157300","157200","157100","157000","156800","156600","156500","156400","156200","156100","25","1","4","100","1","64","136","790","227","50","199","254","54","43","32","320","350","62","161","93","1398","1568","0","0","0","0","0","-157400","5","-100.00","2018","0","10","0","0","","0","0","0","","",""
"080128","0000","0","157400","157700","157800","157900","158000","158100","158200","158300","158400","158500","157300","157200","157100","157000","156800","156600","156500","156400","156200","156100","30","25","1","4","101","1","64","136","790","227","199","254","54","43","32","320","350","62","161","93","1379","1568","0","0","0","0","0","-157400","5","-100.00","2018","-19","0","0","0","","0","0","0","","",""
"080128","0001","0","157400","157700","157800","157900","158000","158100","158200","158300","158400","158500","157300","157200","157100","157000","156800","156600","156500","156400","156200","156100","30","25","1","4","101","1","64","136","790","227","199","254","54","43","42","320","350","62","161","93","1379","1578","0","0","0","0","0","-157400","5","-100.00","2018","0","10","0","0","","0","0","0","","",""
"080129","0000","0","157400","157700","157800","157900","158000","158100","158200","158300","158400","158500","157300","157200","157100","157000","156800","156600","156500","156400","156200","156100","30","25","1","4","101","1","64","137","790","227","200","254","54","43","42","320","350","62","161","93","1380","1579","0","0","0","0","0","-157400","5","-100.00","2018","1","1","0","0","","0","0","0","","",""
"080129","0001","0","157400","157700","157800","157900","158000","158100","158200","158300","158400","158500","157300","157200","157100","157000","156800","156600","156500","156400","156200","156100","30","25","1","4","101","1","64","137","790","227","260","254","54","43","42","320","350","62","161","93","1380","1639","0","0","0","0","0","-157400","5","-100.00","2018","0","60","0","0","","0","0","0","","",""
"080130","0000","0","157400","157700","157800","157900","158000","158100","158200","158300","158400","158500","157300","157200","157100","157000","156800","156600","156500","156400","156200","156100","30","25","1","4","101","1","64","137","790","227","260","254","54","43","54","320","350","62","161","93","1380","1651","0","0","0","0","0","-157400","5","-100.00","2018","0","12","0","0","","0","0","0","","",""
"080130","0001","0","157400","157700","157800","157900","158000","158100","158200","158300","158400","158500","157300","157200","157100","157000","156800","156600","156500","156400","156200","156100","30","5","1","4","101","1","64","137","790","227","260","254","54","43","54","320","350","62","161","93","1360","1651","0","0","0","0","0","-157400","5","-100.00","2018","-20","0","0","0","","0","0","0","","",""
"080130","0002","0","157400","157700","157800","157900","158000","158100","158200","158300","158400","158500","157300","157200","157100","157000","156800","156600","156500","156400","156200","156100","30","5","1","4","101","1","64","137","790","227","268","254","54","43","54","320","350","62","161","93","1360","1659","0","0","0","0","0","-157400","5","-100.00","2018","0","8","0","0","","0","0","0","","",""
"080130","0003","0","157400","157700","157800","157900","158000","158100","158200","158300","158400","158500","157300","157200","157100","157000","156800","156600","156500","156400","156200","156100","30","5","1","4","101","1","64","137","789","227","268","254","54","43","54","320","350","62","161","93","1359","1659","0","0","0","0","0","-157400","5","-100.00","2018","-1","0","0","0","","0","0","0","","",""
"080131","0000","0","157400","157700","157800","157900","158000","158100","158200","158300","158400","158500","157300","157200","157100","157000","156800","156600","156500","156400","156200","156100","30","5","1","4","101","1","64","137","788","227","268","254","54","43","54","320","350","62","161","93","1358","1659","0","0","0","0","0","-157400","5","-100.00","2018","-1","0","0","0","","0","0","0","","",""
"080131","0001","0","157400","157700","157800","157900","158000","158100","158200","158300","158400","158500","157300","157200","157100","157000","156800","156600","156500","156400","156200","156100","30","5","1","4","101","1","64","137","787","227","268","254","54","43","54","320","350","62","161","93","1357","1659","0","0","0","0","0","-157400","5","-100.00","2018","-1","0","0","0","","0","0","0","","",""
"080131","0002","0","157400","157700","157800","157900","158000","158100","158200","158300","158400","158500","157300","157200","157100","157000","156800","156600","156500","156400","156200","156100","30","5","1","4","101","1","64","137","786","227","268","254","54","43","54","320","350","62","161","93","1356","1659","0","0","0","0","0","-157400","5","-100.00","2018","-1","0","0","0","","0","0","0","","",""
"080131","0003","0","157400","157700","157800","157900","158000","158100","158200","158300","158400","158500","157300","157200","157100","157000","156800","156600","156500","156400","156200","156100","30","5","1","4","101","1","64","137","785","227","268","254","54","43","54","320","350","62","161","93","1355","1659","0","0","0","0","0","-157400","5","-100.00","2018","-1","0","0","0","","0","0","0","","",""
"080132","0000","0","157400","157700","157800","157900","158000","158100","158200","158300","158400","158500","157300","157200","157100","157000","156800","156600","156500","156400","156200","156100","30","5","1","4","102","1","64","137","784","227","268","254","54","43","54","320","350","62","161","93","1355","1659","0","0","0","0","0","-157400","5","-100.00","2018","0","0","0","0","","0","0","0","","",""
"080132","0001","0","157400","157700","157800","157900","158000","158100","158200","158300","158400","158500","157300","157200","157100","157000","156800","156600","156500","156400","156200","156100","30","5","1","4","102","1","64","137","784","226","268","254","54","43","54","320","351","62","161","93","1354","1660","0","0","0","0","0","-157400","5","-100.00","2018","-1","1","0","0","","0","0","0","","",""
"080133","0000","0","157400","157700","157800","157900","158000","158100","158200","158300","158400","158500","157300","157200","157100","157000","156800","156600","156500","156400","156200","156100","30","5","1","4","102","1","64","137","784","226","269","254","54","43","54","320","351","62","161","93","1354","1661","0","0","0","0","0","-157400","5","-100.00","2018","0","1","0","0","","0","0","0","","",""
"080133","0001","0","157400","157700","157800","157900","158000","158100","158200","158300","158400","158500","157300","157200","157100","157000","156800","156600","156500","156400","156200","156100","30","5","1","4","102","1","64","137","784","226","229","254","54","43","54","320","351","62","161","93","1354","1621","0","0","0","0","0","-157400","5","-100.00","2058","0","-40","0","0","","0","0","0","","",""
"080133","0002","0","157400","157700","157800","157900","158000","158100","158200","158300","158400","158500","157300","157200","157100","157000","156800","156600","156500","156400","156200","156100","30","5","1","4","102","1","64","137","784","226","229","262","54","43","54","320","351","62","161","93","1354","1629","0","0","0","0","0","-157400","5","-100.00","2058","0","8","0","0","","0","0","0","","",""
"080134","0000","0","157400","157700","157800","157900","158000","158100","158200","158300","158400","158500","157300","157200","157100","157000","156800","156600","156500","156400","156200","156100","30","5","1","4","102","1","64","137","784","231","229","262","54","43","54","320","351","62","166","93","1359","1634","0","0","0","0","0","-157400","5","-100.00","2058","5","5","0","0","","0","0","0","","",""
"080134","0001","0","157400","157700","157800","157900","158000","158100","158200","158300","158400","158500","157300","157200","157100","157000","156800","156600","156500","156400","156200","156100","30","5","1","4","102","1","64","137","784","231","229","262","54","43","56","320","351","62","166","93","1359","1636","0","0","0","0","0","-157400","5","-100.00","2058","0","2","0","0","","0","0","0","","",""
"080134","0002","0","157400","157700","157800","157900","158000","158100","158200","158300","158400","158500","157300","157200","157100","157000","156800","156600","156500","156400","156200","156100","30","5","1","4","102","1","64","137","784","231","240","262","54","43","56","320","351","62","166","93","1359","1647","0","0","0","0","0","-157400","5","-100.00","2058","0","11","0","0","","0","0","0","","",""
"080135","0000","0","157400","157700","157800","157900","158000","158100","158200","158300","158400","158500","157300","157200","157100","157000","156800","156600","156500","156400","156200","156100","30","5","1","4","2","101","64","137","784","231","240","262","54","43","56","320","351","62","166","93","1359","1647","0","0","0","0","0","-157400","5","-100.00","2058","0","0","0","0","","0","0","0","","",""
"080135","0001","0","157400","157700","157800","157900","158000","158100","158200","158300","158400","158500","157300","157200","157100","157000","156800","156600","156500","156400","156200","156100","30","5","1","4","2","101","64","141","784","231","240","262","54","43","56","320","351","62","166","93","1363","1647","0","0","0","0","0","-157400","5","-100.00","2058","4","0","0","0","","0","0","0","","",""
"080136","0000","0","157400","157700","157800","157900","158000","158100","158200","158300","158400","158500","157300","157200","157100","157000","156800","156600","156500","156400","156200","156100","30","5","1","4","2","101","64","141","784","231","240","262","54","43","56","320","351","62","166","93","1363","1647","0","0","0","0","0","-157400","5","-100.00","2058","0","0","0","0","","0","0","0","","",""
"080136","0001","0","157400","157700","157800","157900","158000","158100","158200","158300","158400","158500","157300","157200","157100","157000","156800","156600","156500","156400","156200","156100","30","5","1","4","2","201","64","141","784","231","240","262","54","43","56","320","351","62","166","93","1463","1647","0","0","0","0","0","-157400","5","-100.00","2058","100","0","0","0","","0","0","0","","",""
"080137","0000","0","157400","157700","157800","157900","158000","158100","158200","158300","158400","158500","157300","157200","157100","157000","156800","156600","156500","156400","156200","156100","30","5","1","4","2","210","64","141","784","231","270","262","54","43","56","320","351","62","166","93","1472","1677","0","0","0","0","0","-157400","5","-100.00","2058","9","30","0","0","","0","0","0","","",""
"080137","0001","0","157400","157700","157800","157900","158000","158100","158200","158300","158400","158500","157300","157200","157100","157000","156800","156600","156500","156400","156200","156100","30","5","1","4","2","210","64","141","784","231","274","262","54","43","56","320","351","62","166","93","1472","1681","0","0","0","0","0","-157400","5","-100.00","2064","0","4","0","0","","0","0","0","","",""
"080138","0000","0","157400","157700","157800","157900","158000","158100","158200","158300","158400","158500","157300","157200","157100","157000","156800","156600","156500","156400","156200","156100","30","5","1","4","2","210","64","141","784","231","254","262","54","43","56","320","351","62","166","93","1472","1661","0","0","0","0","0","-157400","5","-100.00","2084","0","-20","0","0","","0","0","0","","",""
"080139","0000","0","157400","157700","157800","157900","158000","158100","158200","158300","158400","158500","157300","157200","157100","157000","156800","156600","156500","156400","156200","156100","25","5","1","4","2","210","64","141","784","231","254","262","54","43","56","320","351","62","166","93","1467","1661","0","0","0","0","0","-157400","5","-100.00","2089","-5","0","0","0","","0","0","0","","",""
"080139","0001","0","157400","157700","157800","157900","158000","158100","158200","158300","158400","158500","157300","157200","157100","157000","156800","156600","156500","156400","156200","156100","5","5","1","4","2","210","64","141","784","231","255","262","54","43","56","320","351","62","166","93","1447","1662","0","0","0","0","0","-157400","5","-100.00","2109","-20","1","0","0","","0","0","0","","",""
"080139","0002","0","157400","157700","157800","157900","158000","158100","158200","158300","158400","158500","157300","157200","157100","157000","156800","156600","156500","156400","156200","156100","5","5","1","4","2","210","64","141","784","231","255","262","54","43","70","320","351","62","166","93","1447","1676","0","0","0","0","0","-157400","5","-100.00","2109","0","14","0","0","","0","0","0","","",""
"080140","0000","0","157400","157700","157800","157900","158000","158100","158200","158300","158400","158500","157300","157200","157100","157000","156800","156600","156500","156400","156200","156100","5","5","1","4","2","210","64","141","784","231","255","262","54","43","70","320","351","62","166","98","1447","1681","0","0","0","0","0","-157400","5","-100.00","2109","0","5","0","0","","0","0","0","","",""
"080140","0001","0","157400","157700","157800","157900","158000","158100","158200","158300","158400","158500","157300","157200","157100","157000","156800","156600","156500","156400","156200","156100","5","5","1","4","2","210","64","141","784","231","255","262","54","44","70","320","351","62","166","98","1447","1682","0","0","0","0","0","-157400","5","-100.00","2109","0","1","0","0","","0","0","0","","",""
"080142","0000","0","157700","157800","157900","158000","158100","158200","158300","158400","158500","158600","157400","157300","157200","157100","157000","156800","156600","156500","156400","156200","5","1","4","2","210","64","141","784","231","50","96","255","262","54","44","70","320","351","62","166","1492","1680","0","0","0","0","0","-157400","5","-100.00","2114","45","-2","0","0","","0","0","0","","",""
"080142","0001","0","157700","157800","157900","158000","158100","158200","158300","158400","158500","158600","157400","157300","157200","157100","157000","156800","156600","156500","156400","156200","5","1","4","2","210","64","141","784","241","50","96","255","262","54","44","70","320","351","62","166","1502","1680","0","0","0","0","0","-157400","5","-100.00","2114","10","0","0","0","","0","0","0","","",""
"080142","0002","0","157700","157800","157900","158000","158100","158200","158300","158400","158500","158600","157400","157300","157200","157100","157000","156800","156600","156500","156400","156200","5","1","4","2","210","64","141","784","241","50","96","305","262","54","44","70","320","351","62","166","1502","1730","0","0","0","0","0","-157400","5","-100.00","2114","0","50","0","0","","0","0","0","","",""
"080143","0000","0","157700","157800","157900","158000","158100","158200","158300","158400","158500","158600","157400","157300","157200","157100","157000","156800","156600","156500","156400","156200","5","1","4","2","210","64","141","784","241","50","86","305","264","54","44","70","320","351","62","166","1502","1722","0","0","0","0","0","-157400","5","-100.00","2124","0","-8","0","0","","0","0","0","","",""
"080143","0001","0","157700","157800","157900","158000","158100","158200","158300","158400","158500","158600","157400","157300","157200","157100","157000","156800","156600","156500","156400","156200","5","1","4","2","210","64","141","784","241","50","86","305","264","54","79","70","320","351","62","166","1502","1757","0","0","0","0","0","-157400","5","-100.00","2124","0","35","0","0","","0","0","0","","",""
"080144","0000","0","157700","157800","157900","158000","158100","158200","158300","158400","158500","158600","157400","157300","157200","157100","157000","156800","156600","156500","156400","156200","5","1","4","2","210","64","141","784","241","50","86","315","264","54","79","70","320","351","62","166","1502","1767","0","0","0","0","0","-157400","5","-100.00","2124","0","10","0","0","","0","0","0","","",""
"080144","0001","0","157700","157800","157900","158000","158100","158200","158300","158400","158500","158600","157400","157300","157200","157100","157000","156800","156600","156500","156400","156200","5","1","4","2","210","64","141","784","241","50","86","315","265","54","79","70","320","351","62","166","1502","1768","0","0","0","0","0","-157400","5","-100.00","2124","0","1","0","0","","0","0","0","","",""
"080144","0002","0","157700","157800","157900","158000","158100","158200","158300","158400","158500","158600","157400","157300","157200","157100","157000","156800","156600","156500","156400","156200","5","1","4","2","201","64","141","784","241","50","86","315","265","54","79","70","320","351","62","166","1493","1768","0","0","0","0","0","-157400","5","-100.00","2124","-9","0","0","0","","0","0","0","","",""
"080146","0000","0","157700","157800","157900","158000","158100","158200","158300","158400","158500","158600","157400","157300","157200","157100","157000","156800","156600","156500","156400","156200","5","1","4","2","201","64","141","784","241","50","86","320","265","54","79","70","320","351","62","166","1493","1773","0","0","0","0","0","-157400","5","-100.00","2124","0","5","0","0","","0","0","0","","",""
"080146","0001","0","157700","157800","157900","158000","158100","158200","158300","158400","158500","158600","157400","157300","157200","157100","157000","156800","156600","156500","156400","156200","5","1","4","2","201","64","141","784","241","50","86","321","265","54","79","70","320","351","62","166","1493","1774","0","0","0","0","0","-157400","5","-100.00","2124","0","1","0","0","","0","0","0","","",""
"080146","0002","0","157700","157800","157900","158000","158100","158200","158300","158400","158500","158600","157400","157300","157200","157100","157000","156800","156600","156500","156400","156200","5","1","4","2","201","64","141","784","241","50","86","321","266","54","79","70","320","351","62","166","1493","1775","0","0","0","0","0","-157400","5","-100.00","2124","0","1","0","0","","0","0","0","","",""
"080147","0000","0","157700","157800","157900","158000","158100","158200","158300","158400","158500","158600","157400","157300","157200","157100","157000","156800","156600","156500","156400","156200","5","1","4","2","201","64","141","784","241","50","86","321","266","54","79","70","320","351","62","167","1493","1776","0","0","0","0","0","-157400","5","-100.00","2124","0","1","0","0","","0","0","0","","",""
"080147","0001","0","157700","157800","157900","158000","158100","158200","158300","158400","158500","158600","157400","157300","157200","157100","157000","156800","156600","156500","156400","156200","5","1","4","2","201","64","141","784","241","50","86","321","266","54","79","70","320","351","62","169","1493","1778","0","0","0","0","0","-157400","5","-100.00","2124","0","2","0","0","","0","0","0","","",""
"080148","0000","0","157700","157800","157900","158000","158100","158200","158300","158400","158500","158600","157400","157300","157200","157100","157000","156800","156600","156500","156400","156200","5","1","4","2","201","64","141","784","241","50","86","323","266","54","79","70","320","351","62","169","1493","1780","0","0","0","0","0","-157400","5","-100.00","2124","0","2","0","0","","0","0","0","","",""
"080149","0000","0","157700","157800","157900","158000","158100","158200","158300","158400","158500","158600","157400","157300","157200","157100","157000","156800","156600","156500","156400","156200","5","1","4","2","201","64","141","784","241","50","106","323","266","54","79","70","320","351","62","169","1493","1800","0","0","0","0","0","-157400","5","-100.00","2124","0","20","0","0","","0","0","0","","",""
"080149","0001","0","157700","157800","157900","158000","158100","158200","158300","158400","158500","158600","157400","157300","157200","157100","157000","156800","156600","156500","156400","156200","5","1","4","2","201","64","141","784","241","50","106","323","266","54","79","72","320","351","62","169","1493","1802","0","0","0","0","0","-157400","5","-100.00","2124","0","2","0","0","","0","0","0","","",""
"080150","0000","0","157700","157800","157900","158000","158100","158200","158300","158400","158500","158600","157400","157300","157200","157100","157000","156800","156600","156500","156400","156200","5","1","4","2","201","64","141","784","241","50","107","323","266","54","79","72","320","351","62","169","1493","1803","0","0","0","0","0","-157400","5","-100.00","2124","0","1","0","0","","0","0","0","","",""
"080150","0001","0","157700","157800","157900","158000","158100","158200","158300","158400","158500","158600","157400","157300","157200","157100","157000","156800","156600","156500","156400","156200","5","1","4","2","201","64","141","784","241","50","107","323","266","54","79","82","320","351","62","169","1493","1813","0","0","0","0","0","-157400","5","-100.00","2124","0","10","0","0","","0","0","0","","",""
"080151","0000","0","157700","157800","157900","158000","158100","158200","158300","158400","158500","158600","157400","157300","157200","157100","157000","156800","156600","156500","156400","156200","5","1","4","2","201","64","141","784","241","50","103","323","266","54","79","82","320","351","62","169","1493","1809","0","0","0","0","0","-157400","5","-100.00","2128","0","-4","0","0","","0","0","0","","",""
"080151","0001","0","157700","157800","157900","158000","158100","158200","158300","158400","158500","158600","157400","157300","157200","157100","157000","156800","156600","156500","156400","156200","5","1","4","2","201","64","141","784","241","50","153","323","266","54","79","82","320","351","62","169","1493","1859","0","0","0","0","0","-157400","5","-100.00","2128","0","50","0","0","","0","0","0","","",""
"080152","0000","0","157700","157800","157900","158000","158100","158200","158300","158400","158500","158600","157400","157300","157200","157100","157000","156800","156600","156500","156400","156200","5","1","4","2","201","64","141","784","241","50","173","323","246","54","79","82","320","351","62","169","1493","1859","0","0","0","0","0","-157400","5","-100.00","2128","0","0","0","0","","0","0","0","","",""
"080153","0000","0","157700","157800","157900","158000","158100","158200","158300","158400","158500","158600","157400","157300","157200","157100","157000","156800","156600","156500","156400","156200","5","1","4","11","201","64","141","784","241","50","173","323","246","54","79","82","320","351","62","169","1502","1859","0","0","0","0","0","-157400","5","-100.00","2128","9","0","0","0","","0","0","0","","",""
"080153","0001","0","157700","157800","157900","158000","158100","158200","158300","158400","158500","158600","157400","157300","157200","157100","157000","156800","156600","156500","156400","156200","5","1","4","11","201","64","141","784","241","50","173","323","246","54","79","82","321","351","62","169","1502","1860","0","0","0","0","0","-157400","5","-100.00","2128","0","1","0","0","","0","0","0","","",""
"080153","0002","0","157700","157800","157900","158000","158100","158200","158300","158400","158500","158600","157400","157300","157200","157100","157000","156800","156600","156500","156400","156200","5","1","4","14","201","64","141","784","241","50","173","323","246","54","79","82","321","351","62","169","1505","1860","0","0","0","0","0","-157400","5","-100.00","2128","3","0","0","0","","0","0","0","","",""
"080153","0003","0","157700","157800","157900","158000","158100","158200","158300","158400","158500","158600","157400","157300","157200","157100","157000","156800","156600","156500","156400","156200","5","1","4","14","201","64","141","784","241","50","180","323","246","54","79","82","321","351","62","169","1505","1867","0","0","0","0","0","-157400","5","-100.00","2128","0","7","0","0","","0","0","0","","",""
"080154","0000","0","157700","157800","157900","158000","158100","158200","158300","158400","158500","158600","157400","157300","157200","157100","157000","156800","156600","156500","156400","156200","5","1","4","14","201","64","141","784","241","50","182","323","246","54","79","82","321","351","62","169","1505","1869","0","0","0","0","0","-157400","5","-100.00","2128","0","2","0","0","","0","0","0","","",""
"080154","0001","0","157700","157800","157900","158000","158100","158200","158300","158400","158500","158600","157400","157300","157200","157100","157000","156800","156600","156500","156400","156200","5","1","4","14","201","64","141","784","241","50","186","323","246","54","79","82","321","351","62","169","1505","1873","0","0","0","0","0","-157400","5","-100.00","2128","0","4","0","0","","0","0","0","","",""
"080154","0002","0","157700","157800","157900","158000","158100","158200","158300","158400","158500","158600","157500","157400","157300","157200","157100","157000","156800","156600","156500","156400","5","1","4","14","201","64","141","784","241","50","3","186","323","496","54","79","82","321","351","62","1505","1957","0","0","0","0","0","-157400","5","-100.00","2128","0","84","0","0","","0","0","0","","",""
"080155","0000","0","157700","157800","157900","158000","158100","158200","158300","158400","158500","158600","157500","157400","157300","157200","157100","157000","156800","156600","156500","156400","5","1","4","14","201","64","141","784","241","50","3","186","323","496","54","79","82","321","351","62","1505","1957","0","0","0","0","0","-157400","5","-100.00","2128","0","0","0","0","","0","0","0","","",""
"080156","0000","0","157700","157800","157900","158000","158100","158200","158300","158400","158500","158600","157500","157400","157300","157200","157100","157000","156800","156600","156500","156400","5","1","4","14","201","64","141","785","241","50","3","186","323","496","54","79","82","321","351","62","1506","1957","0","0","0","0","0","-157400","5","-100.00","2128","1","0","0","0","","0","0","0","","",""
"080156","0001","0","157700","157800","157900","158000","158100","158200","158300","158400","158500","158600","157500","157400","157300","157200","157100","157000","156800","156600","156500","156400","5","1","4","14","201","64","141","785","241","50","3","186","333","496","54","79","82","321","351","62","1506","1967","0","0","0","0","0","-157400","5","-100.00","2128","0","10","0","0","","0","0","0","","",""
"080157","0000","0","157700","157800","157900","158000","158100","158200","158300","158400","158500","158600","157500","157400","157300","157200","157100","157000","156800","156600","156500","156400","5","1","4","14","201","64","141","785","241","50","3","186","335","496","54","79","82","321","351","62","1506","1969","0","0","0","0","0","-157400","5","-100.00","2128","0","2","0","0","","0","0","0","","",""
"080157","0001","0","157700","157800","157900","158000","158100","158200","158300","158400","158500","158600","157500","157400","157300","157200","157100","157000","156800","156600","156500","156400","6","1","4","14","201","64","141","785","241","50","3","186","335","496","54","79","82","321","403","62","1507","2021","0","0","0","0","0","-157400","5","-100.00","2128","1","52","0","0","","0","0","0","","",""
"080158","0000","0","157700","157800","157900","158000","158100","158200","158300","158400","158500","158600","157500","157400","157300","157200","157100","157000","156800","156600","156500","156400","6","1","4","14","201","64","141","785","241","50","3","216","305","496","54","79","82","321","403","62","1507","2021","0","0","0","0","0","-157400","5","-100.00","2128","0","0","0","0","","0","0","0","","",""
"080159","0000","0","157700","157800","157900","158000","158100","158200","158300","158400","158500","158600","157400","157300","157200","157100","157000","156800","156600","156500","156400","156200","6","1","4","14","201","64","141","785","241","50","209","305","496","54","79","82","321","403","62","469","1507","2480","0","0","0","0","0","-157400","5","-100.00","2138","0","459","0","0","","0","0","0","","",""
"080159","0001","0","157700","157800","157900","158000","158100","158200","158300","158400","158500","158600","157400","157300","157200","157100","157000","156800","156600","156500","156400","156200","6","1","4","14","201","64","141","785","241","50","219","305","496","54","79","82","321","403","62","469","1507","2490","0","0","0","0","0","-157400","5","-100.00","2138","0","10","0","0","","0","0","0","","",""
"080159","0002","0","157700","157800","157900","158000","158100","158200","158300","158400","158500","158600","157400","157300","157200","157100","157000","156800","156600","156500","156400","156200","6","1","4","14","201","64","141","785","241","50","169","305","496","54","79","132","321","403","62","469","1507","2490","0","0","0","0","0","-157400","5","-100.00","2138","0","0","0","0","","0","0","0","","",""
"080200","0000","0","157700","157800","157900","158000","158100","158200","158300","158400","158500","158600","157400","157300","157200","157100","157000","156800","156600","156500","156400","156200","6","1","4","14","201","64","142","785","241","50","169","305","496","54","79","132","321","403","62","469","1508","2490","0","0","0","0","0","-157400","5","-100.00","2138","1","0","0","0","","0","0","0","","",""
"080200","0001","0","157700","157800","157900","158000","158100","158200","158300","158400","158500","158600","157400","157300","157200","157100","157000","156800","156600","156500","156400","156200","6","1","4","14","201","64","142","785","241","50","174","305","496","54","79","132","321","403","62","469","1508","2495","0","0","0","0","0","-157400","5","-100.00","2138","0","5","0","0","","0","0","0","","",""
"080203","0000","0","157700","157800","157900","158000","158100","158200","158300","158400","158500","158600","157400","157300","157200","157100","157000","156800","156600","156500","156400","156200","6","1","4","14","201","64","142","785","241","50","165","305","496","54","79","132","321","403","62","469","1508","2486","0","0","0","0","0","-157400","5","-100.00","2147","0","-9","0","0","","0","0","0","","",""
"080204","0000","0","157700","157800","157900","158000","158100","158200","158300","158400","158500","158600","157400","157300","157200","157100","157000","156800","156600","156500","156400","156200","6","1","4","14","201","64","142","785","241","50","165","305","496","54","79","132","321","403","72","469","1508","2496","0","0","0","0","0","-157400","5","-100.00","2147","0","10","0","0","","0","0","0","","",""
"080204","0001","0","157700","157800","157900","158000","158100","158200","158300","158400","158500","158600","157400","157300","157200","157100","157000","156800","156600","156500","156400","156200","6","1","5","14","201","64","142","785","241","50","165","305","496","54","79","132","321","403","72","469","1509","2496","0","0","0","0","0","-157400","5","-100.00","2147","1","0","0","0","","0","0","0","","",""
"080205","0000","0","157700","157800","157900","158000","158100","158200","158300","158400","158500","158600","157400","157300","157200","157100","157000","156800","156600","156500","156400","156200","6","1","5","14","201","64","142","604","241","50","165","305","496","54","79","132","321","403","72","469","1328","2496","0","0","0","0","0","-157400","5","-100.00","2147","-181","0","0","0","","0","0","0","","",""
"080205","0001","0","157400","157700","157800","157900","158000","158100","158200","158300","158400","158500","157300","157200","157100","157000","156800","156600","156500","156400","156200","156100","256","6","1","5","14","201","64","142","604","241","305","496","54","79","132","321","403","72","469","125","1534","2456","0","0","0","0","0","-157400","5","-100.00","2373","206","-40","0","0","","0","0","0","","",""
"080205","0002","0","157400","157700","157800","157900","158000","158100","158200","158300","158400","158500","157300","157200","157100","157000","156800","156600","156500","156400","156200","156100","251","99","1","5","14","201","64","142","604","241","307","496","54","79","132","321","403","72","469","125","1622","2458","0","0","0","0","0","-157400","5","-100.00","2378","88","2","0","0","","0","0","0","","",""
"080207","0000","0","157400","157700","157800","157900","158000","158100","158200","158300","158400","158500","157300","157200","157100","157000","156800","156600","156500","156400","156200","156100","246","99","1","5","14","201","64","142","604","241","307","496","54","79","132","321","403","72","469","125","1617","2458","0","0","0","0","0","-157400","5","-100.00","2383","-5","0","0","0","","0","0","0","","",""
"080208","0000","0","157400","157700","157800","157900","158000","158100","158200","158300","158400","158500","157300","157200","157100","157000","156800","156600","156500","156400","156200","156100","246","99","1","5","14","201","64","142","604","241","307","496","54","79","132","321","403","122","469","125","1617","2508","0","0","0","0","0","-157400","5","-100.00","2383","0","50","0","0","","0","0","0","","",""
"080208","0001","0","157400","157700","157800","157900","158000","158100","158200","158300","158400","158500","157300","157200","157100","157000","156800","156600","156500","156400","156200","156100","246","104","1","5","14","201","64","142","604","241","307","496","54","79","132","321","403","122","469","125","1622","2508","0","0","0","0","0","-157400","5","-100.00","2383","5","0","0","0","","0","0","0","","",""
"080209","0000","0","157400","157700","157800","157900","158000","158100","158200","158300","158400","158500","157300","157200","157100","157000","156800","156600","156500","156400","156200","156100","248","104","1","5","14","201","64","142","604","241","307","496","54","79","132","321","403","122","469","125","1624","2508","0","0","0","0","0","-157400","5","-100.00","2383","2","0","0","0","","0","0","0","","",""
"080209","0001","0","157400","157700","157800","157900","158000","158100","158200","158300","158400","158500","157300","157200","157100","157000","156800","156600","156500","156400","156200","156100","248","104","1","5","14","201","64","142","604","241","297","496","54","79","132","321","403","122","469","125","1624","2498","0","0","0","0","0","-157400","5","-100.00","2383","0","-10","0","0","","0","0","0","","",""
"080210","0000","0","157400","157700","157800","157900","158000","158100","158200","158300","158400","158500","157300","157200","157100","157000","156800","156600","156500","156400","156200","156100","241","104","1","5","14","201","64","142","604","241","297","496","54","79","132","321","403","122","469","125","1617","2498","0","0","0","0","0","-157400","5","-100.00","2390","-7","0","0","0","","0","0","0","","",""
"080210","0001","0","157400","157700","157800","157900","158000","158100","158200","158300","158400","158500","157300","157200","157100","157000","156800","156600","156500","156400","156200","156100","241","104","1","5","101","201","64","142","604","241","297","496","54","79","132","321","403","122","469","125","1704","2498","0","0","0","0","0","-157400","5","-100.00","2390","87","0","0","0","","0","0","0","","",""
"080210","0002","0","157400","157700","157800","157900","158000","158100","158200","158300","158400","158500","157300","157200","157100","157000","156800","156600","156500","156400","156200","156100","241","104","1","5","101","201","64","142","604","241","298","496","54","79","132","321","403","122","469","125","1704","2499","0","0","0","0","0","-157400","5","-100.00","2390","0","1","0","0","","0","0","0","","",""
"080211","0000","0","157400","157700","157800","157900","158000","158100","158200","158300","158400","158500","157300","157200","157100","157000","156800","156600","156500","156400","156200","156100","238","104","16","5","101","201","64","142","604","241","298","496","54","79","132","321","403","122","469","125","1716","2499","0","0","0","0","0","-157400","5","-100.00","2393","12","0","0","0","","0","0","0","","",""
"080212","0000","0","157400","157700","157800","157900","158000","158100","158200","158300","158400","158500","157300","157200","157100","157000","156800","156600","156500","156400","156200","156100","253","104","16","5","101","201","64","142","604","241","298","496","54","79","132","321","403","122","469","125","1731","2499","0","0","0","0","0","-157400","5","-100.00","2393","15","0","0","0","","0","0","0","","",""
"080212","0001","0","157400","157700","157800","157900","158000","158100","158200","158300","158400","158500","157300","157200","157100","157000","156800","156600","156500","156400","156200","156100","253","104","16","5","101","201","64","142","604","241","298","496","54","79","82","321","403","172","469","125","1731","2499","0","0","0","0","0","-157400","5","-100.00","2393","0","0","0","0","","0","0","0","","",""
