"time","millisec","HOUR_CLS_CODE","ASKP1","ASKP2","ASKP3","ASKP4","ASKP5","ASKP6","ASKP7","ASKP8","ASKP9","ASKP10","BIDP1","BIDP2","BIDP3","BIDP4","BIDP5","BIDP6","BIDP7","BIDP8","BIDP9","BIDP10","ASKP_RSQN1","ASKP_RSQN2","ASKP_RSQN3","ASKP_RSQN4","ASKP_RSQN5","ASKP_RSQN6","ASKP_RSQN7","ASKP_RSQN8","ASKP_RSQN9","ASKP_RSQN10","BIDP_RSQN1","BIDP_RSQN2","BIDP_RSQN3","BIDP_RSQN4","BIDP_RSQN5","BIDP_RSQN6","BIDP_RSQN7","BIDP_RSQN8","BIDP_RSQN9","BIDP_RSQN10","TOTAL_ASKP_RSQN","TOTAL_BIDP_RSQN","OVTM_TOTAL_ASKP_RSQN","OVTM_TOTAL_BIDP_RSQN","ANTC_CNPR","ANTC_CNQN","ANTC_VOL","ANTC_CNTG_VRSS","ANTC_CNTG_VRSS_SIGN","ANTC_CNTG_PRDY_CTRT","ACML_VOL","TOTAL_ASKP_RSQN_ICDC","TOTAL_BIDP_RSQN_ICDC","OVTM_TOTAL_ASKP_ICDC","OVTM_TOTAL_BIDP_ICDC","STCK_DEAL_CLS_CODE","KMID_PRC","KMID_TOTAL_RSQN","KMID_CLS_CODE","NMID_PRC","NMID_TOTAL_RSQN","NMID_CLS_CODE"
"080000","0000","0","215000","217000","219500","223000","228500","238000","247500","250000","257500","260000","202000","0","0","0","0","0","0","0","0","0","2","1","1","3","1","1","1","150","1","2","45","0","0","0","0","0","0","0","0","0","163","45","0","0","0","0","0","-206000","5","-100.00","10","0","0","0","0","","0","0","0","","",""
"080000","0001","0","208500","212500","215000","217000","219000","219500","220000","223000","228500","238000","206000","202000","200000","191500","190000","0","0","0","0","0","50","1","2","1","1","1","20","3","1","1","100","45","10","1","20","0","0","0","0","0","81","176","0","0","0","0","0","-206000","5","-100.00","10","0","0","0","0","","0","0","0","","",""
"080200","0000","0","208000","208500","209000","209500","212500","215000","217000","219000","219500","220000","206000","202000","200000","191500","190000","0","0","0","0","0","16","79","19","6","1","2","1","1","1","20","100","45","10","1","20","0","0","0","0","0","146","176","0","0","0","0","0","-206000","5","-100.00","12","0","0","0","0","","0","0","0","","",""
"080200","0001","0","208000","208500","209000","209500","212500","215000","215500","217000","219000","219500","206000","204000","202000","200000","191500","190000","0","0","0","0","16","79","19","6","1","2","29","1","1","1","100","7","45","10","1","20","0","0","0","0","155","183","0","0","0","0","0","-206000","5","-100.00","12","9","7","0","0","","0","0","0","","",""
"080201","0000","0","208500","209000","209500","210000","212500","215000","215500","217000","219000","219500","206000","204000","202000","200000","191500","190000","0","0","0","0","35","19","6","100","1","2","30","1","1","1","95","7","45","10","1","20","0","0","0","0","196","178","0","0","0","0","0","-206000","5","-100.00","82","81","5","0","0","","0","0","0","","",""
"080201","0001","0","208500","209000","209500","210000","212500","215000","215500","217000","219000","219500","206000","204000","202000","200000","191500","190000","0","0","0","0","35","19","6","100","1","2","30","1","1","1","95","14","45","10","1","20","0","0","0","0","196","185","0","0","0","0","0","-206000","5","-100.00","82","0","7","0","0","","0","0","0","","",""
"080201","0002","0","208500","209000","209500","210000","212500","215000","215500","217000","218000","219000","206000","204000","202000","200000","191500","190000","0","0","0","0","35","19","6","100","1","2","30","1","20","1","95","14","45","10","1","20","0","0","0","0","215","185","0","0","0","0","0","-206000","5","-100.00","82","19","0","0","0","","0","0","0","","",""
"080201","0003","0","206000","208500","209000","209500","210000","212500","215000","215500","217000","218000","204000","202000","200000","191500","190100","190000","0","0","0","0","77","41","19","6","100","1","2","30","1","20","21","45","10","1","20","20","0","0","0","0","297","117","0","0","0","0","0","-206000","5","-100.00","177","82","-68","0","0","","0","0","0","","",""
"080201","0004","0","206000","208500","209000","209500","210000","212500","215000","215500","217000","218000","204000","202000","200000","191500","190100","190000","0","0","0","0","77","101","19","6","100","1","2","30","1","20","21","45","10","1","20","20","0","0","0","0","357","117","0","0","0","0","0","-206000","5","-100.00","177","60","0","0","0","","0","0","0","","",""
"080202","0000","0","206000","208500","209000","209500","210000","212500","215000","215500","217000","218000","204000","202000","200000","191500","190100","190000","0","0","0","0","77","101","19","6","100","1","2","30","1","20","28","45","10","1","20","20","0","0","0","0","357","124","0","0","0","0","0","-206000","5","-100.00","177","0","7","0","0","","0","0","0","","",""
"080202","0001","0","206000","208500","209000","209500","210000","212500","215000","215500","217000","218000","202000","200000","191500","190100","190000","0","0","0","0","0","120","101","19","6","100","1","2","30","1","20","45","10","1","20","20","0","0","0","0","0","400","96","0","0","0","0","0","-206000","5","-100.00","288","0","-28","0","0","","0","0","0","","",""
"080202","0002","0","206000","208500","209000","209500","210000","212500","215000","215500","217000","218000","202500","202000","201000","200500","200000","191500","190100","190000","0","0","126","101","19","6","100","2","2","30","1","20","16","45","80","2","10","1","20","20","0","0","407","194","0","0","0","0","0","-206000","5","-100.00","288","7","98","0","0","","0","0","0","","",""
"080202","0003","0","205500","206000","208500","209000","209500","210000","212500","215000","215500","217000","203000","202500","202000","201000","200500","200000","191500","190100","190000","0","13","166","101","19","6","100","2","2","30","1","7","16","45","80","2","10","1","20","20","0","440","201","0","0","0","0","0","-206000","5","-100.00","288","-6","0","0","0","","0","0","0","","",""
"080203","0000","0","205500","206000","208500","209000","209500","210000","212500","215000","215500","217000","203000","202500","202000","201000","200500","200000","191500","190100","190000","0","13","228","41","19","6","100","2","2","30","1","7","16","45","80","2","10","1","20","20","0","442","201","0","0","0","0","0","-206000","5","-100.00","288","0","0","0","0","","0","0","0","","",""
"080203","0001","0","205500","206000","208500","209000","209500","210000","212500","215000","215500","217000","203000","202500","202000","201000","200500","200000","191500","190100","190000","0","13","279","41","19","6","100","2","2","30","1","7","16","46","80","2","10","1","25","20","0","493","207","0","0","0","0","0","-206000","5","-100.00","288","0","6","0","0","","0","0","0","","",""
"080203","0002","0","205500","206000","208500","209000","209500","210000","212500","215000","215500","217000","203000","202500","202000","201000","200500","200000","191500","190100","190000","0","11","279","41","19","6","100","2","2","30","1","7","16","46","80","2","10","1","25","20","0","491","207","0","0","0","0","0","-206000","5","-100.00","308","1","0","0","0","","0","0","0","","",""
"080204","0000","0","205500","206000","208500","209000","209500","210000","212500","215000","215500","217000","203000","202500","202000","201000","200500","200000","191500","190100","190000","0","10","279","41","19","6","100","2","2","30","1","7","16","46","80","2","10","1","25","20","0","490","207","0","0","0","0","0","-206000","5","-100.00","318","-1","0","0","0","","0","0","0","","",""
"080204","0001","0","204500","205000","206000","208500","209000","209500","210000","212500","215000","215500","202000","201000","200500","200000","191500","190100","190000","0","0","0","8","43","279","41","19","6","100","2","2","30","46","80","2","10","1","25","20","0","0","0","530","184","0","0","0","0","0","-206000","5","-100.00","335","47","-23","0","0","","0","0","0","","",""
"080204","0002","0","204500","205000","205500","206000","208500","209000","209500","210000","212500","215000","202000","201000","200000","191500","190100","190000","0","0","0","0","8","43","7","279","41","19","6","100","2","2","46","80","10","1","25","20","0","0","0","0","507","182","0","0","0","0","0","-206000","5","-100.00","335","-23","-2","0","0","","0","0","0","","",""
"080204","0003","0","204500","205000","205500","206000","208500","209000","209500","210000","212500","215000","204000","203000","202000","201000","200000","191500","190100","190000","0","0","8","8","7","284","41","19","6","100","2","2","1","2","46","80","10","1","25","20","0","0","477","185","0","0","0","0","0","-206000","5","-100.00","335","-30","3","0","0","","0","0","0","","",""
"080205","0000","0","204500","205000","205500","206000","208500","209000","209500","210000","212500","215000","204000","203000","202000","201000","200000","191500","190100","190000","0","0","68","8","7","224","41","19","6","100","2","2","1","2","46","80","10","1","25","120","0","0","477","285","0","0","0","0","0","-206000","5","-100.00","335","0","0","0","0","","0","0","0","","",""
"080205","0001","0","204500","205500","206000","208500","209000","209500","210000","212500","215000","215500","204000","203000","202000","201000","200000","191500","190100","190000","0","0","52","11","224","41","19","6","100","2","2","30","1","2","46","80","10","1","225","120","0","0","487","485","0","0","0","0","0","-206000","5","-100.00","351","10","200","0","0","","0","0","0","","",""
"080205","0002","0","204500","205500","206000","208500","209000","209500","210000","212500","215000","215500","204000","203000","202000","201000","200000","191500","190100","190000","0","0","52","11","224","41","19","6","100","2","2","30","1","2","48","80","10","1","225","120","0","0","487","487","0","0","0","0","0","-206000","5","-100.00","351","0","2","0","0","","0","0","0","","",""
"080205","0003","0","204500","205500","206000","208500","209000","209500","210000","212500","215000","215500","204000","202000","201000","200000","191500","190100","190000","0","0","0","50","11","225","41","19","6","100","2","2","30","1","90","80","10","1","225","120","0","0","0","486","527","0","0","0","0","0","-206000","5","-100.00","383","1","1","0","0","","0","0","0","","",""
"080205","0004","0","204500","205500","206000","208500","209000","209500","210000","212500","215000","215500","204000","202000","201000","200000","191500","190100","190000","0","0","0","50","11","250","41","19","6","100","2","2","30","2","90","80","10","1","225","120","0","0","0","511","528","0","0","0","0","0","-206000","5","-100.00","383","25","1","0","0","","0","0","0","","",""
"080206","0000","0","204500","205500","206000","206500","208500","209000","209500","210000","212000","212500","202000","201000","200000","191500","190100","190000","0","0","0","0","50","11","250","15","41","19","6","100","1","2","90","80","10","1","225","120","0","0","0","0","495","526","0","0","0","0","0","-206000","5","-100.00","385","-16","-2","0","0","","0","0","0","","",""
"080206","0001","0","204500","205500","206000","206500","208500","209000","209500","210000","212000","212500","202000","201000","200000","191500","190100","190000","0","0","0","0","50","11","258","15","41","19","6","100","1","2","65","80","10","1","232","120","0","0","0","0","503","508","0","0","0","0","0","-206000","5","-100.00","410","8","-25","0","0","","0","0","0","","",""
"080206","0002","0","204500","205500","206000","206500","208500","209000","209500","210000","212000","212500","202000","201000","200000","191500","190100","190000","0","0","0","0","50","11","258","15","41","19","6","100","1","2","67","80","10","1","232","120","0","0","0","0","503","510","0","0","0","0","0","-206000","5","-100.00","410","0","2","0","0","","0","0","0","","",""
"080206","0003","0","204500","205500","206000","206500","208500","209000","209500","210000","212000","212500","202000","201000","200000","191500","190100","190000","0","0","0","0","40","11","258","15","41","19","6","100","1","2","67","80","10","1","232","120","0","0","0","0","493","510","0","0","0","0","0","-206000","5","-100.00","420","-10","0","0","0","","0","0","0","","",""
"080207","0000","0","204500","205500","206000","206500","208500","209000","209500","210000","212000","212500","202000","201000","200000","191500","190100","190000","0","0","0","0","31","11","258","15","41","19","6","100","1","2","68","80","10","1","232","120","0","0","0","0","484","511","0","0","0","0","0","-206000","5","-100.00","431","-1","1","0","0","","0","0","0","","",""
"080207","0001","0","204500","205500","206000","206500","208500","209000","209500","210000","212000","212500","202000","201000","200000","191500","190100","190000","0","0","0","0","31","11","281","15","41","19","6","100","1","2","28","80","10","1","232","150","0","0","0","0","507","501","0","0","0","0","0","-206000","5","-100.00","471","0","-40","0","0","","0","0","0","","",""
"080207","0002","0","204500","205500","206000","206500","208500","209000","209500","210000","212000","212500","202000","201000","200000","191500","190100","190000","0","0","0","0","32","11","281","15","41","19","6","100","1","2","28","80","10","1","232","150","0","0","0","0","508","501","0","0","0","0","0","-206000","5","-100.00","471","1","0","0","0","","0","0","0","","",""
"080207","0003","0","204000","204500","205500","206000","206500","208500","209000","209500","210000","212000","202000","201500","201000","200000","191500","190100","190000","0","0","0","7","32","4","281","15","41","19","6","100","1","28","2","80","10","1","232","150","0","0","0","506","503","0","0","0","0","0","-206000","5","-100.00","471","-2","2","0","0","","0","0","0","","",""
"080208","0000","0","204000","204500","205500","206000","206500","208500","209000","209500","210000","212000","202000","201000","200000","191500","190100","190000","0","0","0","0","7","35","4","281","15","41","19","7","100","2","28","80","10","1","232","150","0","0","0","0","511","501","0","0","0","0","0","-206000","5","-100.00","471","3","0","0","0","","0","0","0","","",""
"080208","0001","0","204000","204500","205500","206000","206500","208500","209000","209500","210000","212000","202000","201000","200000","191500","190100","190000","0","0","0","0","7","35","4","286","15","41","19","7","100","2","44","80","10","1","232","150","0","0","0","0","516","517","0","0","0","0","0","-206000","5","-100.00","471","5","16","0","0","","0","0","0","","",""
"080208","0002","0","204000","204500","205500","206000","206500","208500","209000","209500","210000","212000","202000","201000","200000","191500","190100","190000","0","0","0","0","2","35","4","286","15","41","19","7","100","2","42","80","10","1","232","150","0","0","0","0","511","515","0","0","0","0","0","-206000","5","-100.00","478","-5","-2","0","0","","0","0","0","","",""
"080208","0003","0","204000","204500","205500","206000","206500","208500","209000","209500","210000","212000","202000","201000","200000","191500","190100","190000","0","0","0","0","2","39","4","306","15","41","19","7","100","2","37","80","10","1","232","150","0","0","0","0","535","510","0","0","0","0","0","-206000","5","-100.00","483","4","0","0","0","","0","0","0","","",""
"080209","0000","0","204000","204500","205500","206000","206500","208500","209000","209500","210000","212000","202000","201000","200000","191500","190100","190000","0","0","0","0","52","39","4","306","15","41","19","7","100","2","37","80","10","1","232","150","0","0","0","0","585","510","0","0","0","0","0","-206000","5","-100.00","483","50","0","0","0","","0","0","0","","",""
"080209","0001","0","204000","204500","205500","206000","206500","208500","209000","209500","210000","212000","202000","201000","200000","191500","190100","190000","0","0","0","0","36","39","4","306","15","41","19","7","100","2","27","80","10","1","232","150","0","0","0","0","569","500","0","0","0","0","0","-206000","5","-100.00","553","0","-10","0","0","","0","0","0","","",""
"080209","0002","0","202000","204000","204500","205500","206000","206500","208500","209000","209500","210000","201000","200000","191500","190100","190000","0","0","0","0","0","56","43","39","4","306","15","41","19","7","100","80","10","1","232","150","0","0","0","0","0","630","473","0","0","0","0","0","-206000","5","-100.00","597","4","0","0","0","","0","0","0","","",""
"080209","0003","0","202000","204000","204500","205500","206000","206500","208500","209000","209500","210000","201000","200000","191500","190100","190000","0","0","0","0","0","54","43","39","4","305","15","41","19","7","100","80","10","1","232","150","0","0","0","0","0","627","473","0","0","0","0","0","-206000","5","-100.00","600","0","0","0","0","","0","0","0","","",""
"080209","0004","0","202000","204000","204500","205500","206000","206500","208500","209000","209500","210000","201000","200000","191500","190100","190000","0","0","0","0","0","44","43","39","4","265","15","41","19","7","100","80","10","1","232","150","0","0","0","0","0","577","473","0","0","0","0","0","-206000","5","-100.00","610","-40","0","0","0","","0","0","0","","",""
"080210","0000","0","202000","204000","204500","205500","206000","206500","208500","209000","209500","210000","201000","200000","191500","190100","190000","0","0","0","0","0","42","43","44","4","265","15","41","19","7","100","80","10","1","232","150","0","0","0","0","0","580","473","0","0","0","0","0","-206000","5","-100.00","612","3","0","0","0","","0","0","0","","",""
"080210","0001","0","204000","204500","205500","206000","206500","208500","209000","209500","210000","212000","202000","201000","200000","191500","190100","190000","189700","0","0","0","43","44","4","265","15","41","19","7","100","2","7","81","10","1","225","150","7","0","0","0","540","481","0","0","0","0","0","-206000","5","-100.00","654","-40","7","0","0","","0","0","0","","",""
"080210","0002","0","204000","204500","205500","206000","206500","208500","209000","209500","210000","212000","202000","201000","200000","191500","190100","190000","189700","0","0","0","107","44","4","262","15","41","43","7","100","2","7","86","10","1","225","155","7","0","0","0","625","491","0","0","0","0","0","-206000","5","-100.00","654","24","5","0","0","","0","0","0","","",""
"080210","0003","0","204000","204500","205500","206000","206500","208500","209000","209500","210000","212000","202000","201000","200000","191500","190100","190000","189700","0","0","0","111","44","4","262","15","41","43","7","118","2","7","86","10","1","225","155","7","0","0","0","647","491","0","0","0","0","0","-206000","5","-100.00","654","22","0","0","0","","0","0","0","","",""
"080211","0000","0","203500","204000","204500","205500","206000","206500","208500","209000","209500","210000","202000","201500","201000","200000","191500","190100","190000","189700","0","0","10","119","114","4","212","15","41","43","7","118","7","9","86","10","1","225","155","7","0","0","683","500","0","0","0","0","0","-206000","5","-100.00","655","36","9","0","0","","0","0","0","","",""
"080211","0001","0","203500","204000","204500","205500","206000","206500","208500","209000","209500","210000","202000","201500","201000","200000","191500","190100","190000","189700","0","0","10","175","114","4","212","15","41","43","7","118","7","9","86","11","1","225","155","7","0","0","739","501","0","0","0","0","0","-206000","5","-100.00","655","0","1","0","0","","0","0","0","","",""
"080211","0002","0","204000","204500","205500","206000","206500","208500","209000","209500","210000","212000","202000","201500","201000","200000","191500","190100","190000","189700","0","0","166","114","4","212","15","41","43","7","118","2","6","9","86","11","1","225","155","7","0","0","722","500","0","0","0","0","0","-206000","5","-100.00","656","-17","-1","0","0","","0","0","0","","",""
"080211","0003","0","204000","204500","205500","206000","206500","208500","209000","209500","210000","212000","202000","201500","201000","200000","191500","190100","190000","189700","0","0","166","184","4","212","15","41","43","7","118","2","9","9","88","11","1","225","155","7","0","0","792","505","0","0","0","0","0","-206000","5","-100.00","656","70","5","0","0","","0","0","0","","",""
"080211","0004","0","204000","204500","205500","206000","206500","208500","209000","209500","210000","212000","202000","201500","201000","200000","191500","190200","190100","190000","189700","0","194","184","4","212","15","41","43","7","118","2","10","9","88","11","1","2","225","155","7","0","820","508","0","0","0","0","0","-206000","5","-100.00","656","28","3","0","0","","0","0","0","","",""
"080212","0000","0","203500","204000","204500","205500","206000","206500","208500","209000","209500","210000","202000","201500","201000","200000","191500","190200","190100","190000","189700","0","5","199","179","4","207","15","41","43","7","118","10","9","8","11","1","2","225","155","8","0","818","429","0","0","0","0","0","-206000","5","-100.00","661","-2","5","0","0","","0","0","0","","",""
"080212","0001","0","203500","204000","204500","205500","206000","206500","208500","209000","209500","210000","202000","201500","201000","200000","191500","190200","190100","190000","189700","0","5","199","179","4","207","15","41","43","7","118","10","9","8","11","1","2","225","155","8","0","818","429","0","0","0","0","0","-206000","5","-100.00","661","0","0","0","0","","0","0","0","","",""
"080212","0002","0","203500","204000","204500","205500","206000","206500","208500","209000","209500","210000","202000","201500","201000","200000","191500","190200","190100","190000","189700","0","5","203","179","4","207","15","41","43","7","118","10","9","8","11","1","2","225","155","8","0","822","429","0","0","0","0","0","-206000","5","-100.00","661","4","0","0","0","","0","0","0","","",""
"080213","0000","0","203500","204000","204500","205500","206000","206500","208500","209000","209500","210000","202000","201500","201000","200000","191500","190200","190100","190000","189700","0","5","226","179","4","176","15","41","43","7","118","14","9","8","11","1","2","225","155","8","0","814","433","0","0","0","0","0","-206000","5","-100.00","661","-8","4","0","0","","0","0","0","","",""
"080213","0001","0","203500","204000","204500","205500","206000","206500","208500","209000","209500","210000","202000","201500","201000","200000","191500","190200","190100","190000","189700","0","5","230","179","4","176","15","41","43","7","118","14","9","8","11","1","2","225","155","8","0","818","433","0","0","0","0","0","-206000","5","-100.00","661","4","0","0","0","","0","0","0","","",""
"080213","0002","0","203500","204000","204500","205500","206000","206500","208500","209000","209500","210000","202000","201500","201000","200000","191500","190100","190000","189700","0","0","5","230","179","4","176","15","41","43","7","118","11","9","8","11","1","225","155","8","0","0","818","428","0","0","0","0","0","-206000","5","-100.00","664","0","-3","0","0","","0","0","0","","",""
"080213","0003","0","203500","204000","204500","205500","206000","206500","208500","209000","209500","210000","202000","201500","201000","200000","191500","190100","190000","189700","0","0","5","230","179","4","176","15","41","43","7","118","16","9","8","11","1","225","155","8","0","0","818","433","0","0","0","0","0","-206000","5","-100.00","664","0","5","0","0","","0","0","0","","",""
"080213","0004","0","202000","203500","204000","204500","205500","206000","206500","208500","209000","209500","201500","201000","200000","191500","190100","190000","189700","0","0","0","6","5","230","148","4","176","15","41","43","7","9","8","11","1","225","155","8","0","0","0","675","417","0","0","0","0","0","-206000","5","-100.00","681","-112","-16","0","0","","0","0","0","","",""
"080214","0000","0","203500","204000","204500","205500","206000","206500","208500","209000","209500","210000","201500","201000","200000","191500","190100","190000","189700","0","0","0","5","230","148","4","151","15","41","43","7","118","12","8","11","1","225","155","8","0","0","0","762","420","0","0","0","0","0","-206000","5","-100.00","687","113","3","0","0","","0","0","0","","",""
"080214","0001","0","203500","204000","204500","205500","206000","206500","208500","209000","209500","210000","201500","201000","200000","191500","190100","190000","189700","0","0","0","5","230","148","4","151","15","41","33","7","118","3","8","11","1","225","155","8","0","0","0","752","411","0","0","0","0","0","-206000","5","-100.00","687","-10","-9","0","0","","0","0","0","","",""
"080214","0002","0","203500","204000","204500","205500","206000","206500","208500","209000","209500","210000","202000","201500","201000","200000","191500","190100","190000","189700","0","0","5","230","148","4","151","15","41","33","7","118","15","3","8","11","1","225","155","8","0","0","752","426","0","0","0","0","0","-206000","5","-100.00","687","0","15","0","0","","0","0","0","","",""
"080214","0003","0","203500","204000","204500","205500","206000","206500","208500","209000","209500","210000","202000","201500","201000","200000","191500","190100","190000","189700","0","0","4","230","148","4","151","15","41","33","7","118","12","3","8","11","1","225","155","8","0","0","751","423","0","0","0","0","0","-206000","5","-100.00","691","0","-3","0","0","","0","0","0","","",""
"080214","0004","0","201500","203500","204000","204500","205500","206000","206500","208500","209000","209500","201000","200000","191500","190100","190000","189700","0","0","0","0","20","4","230","148","4","151","15","41","33","7","8","11","1","225","155","8","0","0","0","0","653","408","0","0","0","0","0","-206000","5","-100.00","711","-98","-15","0","0","","0","0","0","","",""
"080215","0000","0","201500","202000","203500","204000","204500","205500","206000","206500","208500","209000","201000","200000","191500","190100","190000","189700","0","0","0","0","17","50","4","230","148","4","151","15","41","33","8","11","51","225","155","8","0","0","0","0","693","458","0","0","0","0","0","-206000","5","-100.00","714","40","50","0","0","","0","0","0","","",""
"080215","0001","0","201000","201500","202000","203500","204000","204500","205500","206000","206500","208500","200000","191500","190100","190000","189700","0","0","0","0","0","42","17","70","4","230","148","4","151","15","41","41","51","225","155","8","0","0","0","0","0","722","480","0","0","0","0","0","-206000","5","-100.00","722","29","22","0","0","","0","0","0","","",""
"080215","0002","0","202000","203500","204000","204500","205500","206000","206500","208500","209000","209500","200500","200000","191500","190100","190000","189700","0","0","0","0","22","4","230","148","4","151","15","41","33","7","8","41","51","225","155","8","0","0","0","0","655","488","0","0","0","0","0","-206000","5","-100.00","829","-67","8","0","0","","0","0","0","","",""
"080215","0003","0","202000","203500","204000","204500","205500","206000","206500","208500","209000","209500","201000","200500","200000","191500","190100","190000","189700","0","0","0","24","4","227","148","4","251","15","41","33","7","4","8","41","51","225","155","8","0","0","0","754","492","0","0","0","0","0","-206000","5","-100.00","830","99","4","0","0","","0","0","0","","",""
"080215","0004","0","202000","203500","204000","204500","205500","206000","206500","208500","209000","209500","201000","200500","200000","191500","190100","190000","189700","0","0","0","29","4","427","148","4","251","15","41","33","7","4","8","41","51","225","155","8","0","0","0","959","492","0","0","0","0","0","-206000","5","-100.00","830","200","0","0","0","","0","0","0","","",""
"080216","0000","0","202000","203500","204000","204500","205500","206000","206500","208500","209000","209500","201000","200500","200000","191500","190100","190000","189700","0","0","0","29","4","427","148","4","251","15","41","90","7","4","8","41","51","225","155","8","0","0","0","1016","492","0","0","0","0","0","-206000","5","-100.00","830","57","0","0","0","","0","0","0","","",""
"080216","0001","0","201500","202000","203500","204000","204500","205500","206000","206500","208500","209000","201000","200500","200000","191500","190100","190000","189700","0","0","0","4","29","4","427","148","4","251","15","41","90","7","9","41","51","225","155","8","0","0","0","1013","496","0","0","0","0","0","-206000","5","-100.00","830","0","4","0","0","","0","0","0","","",""
"080216","0002","0","201500","202000","203500","204000","204500","205500","206000","206500","208500","209000","201000","200500","200000","199700","191500","190100","190000","189700","0","0","2","29","4","427","148","4","251","15","41","90","7","5","41","1","61","225","155","8","0","0","1011","503","0","0","0","0","0","-206000","5","-100.00","833","-2","7","0","0","","0","0","0","","",""
"080216","0003","0","202000","203500","204000","204500","205500","206000","206500","208500","209000","209500","200000","199700","191500","190100","190000","189700","0","0","0","0","18","4","427","148","4","251","15","41","90","7","50","1","61","225","155","8","0","0","0","0","1005","500","0","0","0","0","0","-206000","5","-100.00","876","-6","-33","0","0","","0","0","0","","",""
"080217","0000","0","202000","203500","204000","204500","205500","206000","206500","208500","209000","209500","200000","199700","191500","190100","190000","189700","0","0","0","0","47","4","427","148","4","251","15","41","90","7","50","1","61","235","155","8","0","0","0","0","1034","510","0","0","0","0","0","-206000","5","-100.00","876","25","10","0","0","","0","0","0","","",""
"080217","0001","0","202000","203500","204000","204500","205500","206000","206500","208500","209000","209500","200500","200000","199700","191500","190100","190000","189700","0","0","0","44","4","427","148","4","246","15","41","90","7","34","50","1","66","235","155","8","0","0","0","1026","549","0","0","0","0","0","-206000","5","-100.00","899","-3","39","0","0","","0","0","0","","",""
"080217","0002","0","202000","203500","204000","204500","205500","206000","206500","208500","209000","209500","201000","200500","200000","199700","191500","190100","190000","189700","0","0","73","4","403","148","4","246","15","41","90","7","1","42","50","1","67","235","155","8","0","0","1031","559","0","0","0","0","0","-206000","5","-100.00","904","5","10","0","0","","0","0","0","","",""
"080217","0003","0","202000","203500","204000","204500","205500","206000","206500","208500","209000","209500","201000","200500","200000","199700","191500","190100","190000","189700","0","0","71","4","403","148","4","246","15","41","90","7","4","39","55","1","67","235","155","8","0","0","1029","564","0","0","0","0","0","-206000","5","-100.00","937","-22","4","0","0","","0","0","0","","",""
"080217","0004","0","202000","203500","204000","204500","205500","206000","206500","208500","209000","209500","201000","200500","200000","199700","191500","190100","190000","189700","0","0","89","4","403","148","4","246","15","41","90","7","4","39","55","1","67","235","155","8","0","0","1047","564","0","0","0","0","0","-206000","5","-100.00","937","18","0","0","0","","0","0","0","","",""
"080218","0000","0","202000","203500","204000","204500","205500","206000","206500","208500","209000","209500","201000","200500","200000","199700","191700","191500","190100","190000","189700","189500","89","4","403","145","4","246","15","41","66","7","4","39","55","1","2","67","235","155","1","7","1020","566","0","0","0","0","0","-206000","5","-100.00","937","0","0","0","0","","0","0","0","","",""
"080218","0001","0","202000","203500","204000","204500","205500","206000","206500","208500","209000","209500","201000","200500","200000","199700","191700","191500","190100","190000","189700","189500","86","4","403","145","4","246","15","41","66","7","4","39","55","1","2","67","235","155","1","7","1017","566","0","0","0","0","0","-206000","5","-100.00","940","-3","0","0","0","","0","0","0","","",""
"080218","0002","0","202000","203500","204000","204500","205500","206000","206500","208500","209000","209500","201500","201000","200500","200000","199700","191700","191500","190100","190000","189700","75","4","403","145","4","246","15","41","66","7","1","4","35","55","1","2","67","235","155","1","1006","556","0","0","0","0","0","-206000","5","-100.00","951","-10","-4","0","0","","0","0","0","","",""
"080218","0003","0","202000","203500","204000","204500","205500","206000","206500","208500","209000","209500","201500","201000","200500","200000","199700","191700","191500","190100","190000","189700","88","4","403","145","4","246","15","41","66","7","1","4","35","55","1","2","67","235","155","1","1019","556","0","0","0","0","0","-206000","5","-100.00","962","23","0","0","0","","0","0","0","","",""
"080218","0004","0","202000","204000","204500","205500","206000","206500","208500","209000","209500","210000","201000","200500","200000","199700","191700","191500","190100","190000","189700","189500","88","403","145","4","246","15","41","66","7","118","1","35","58","1","2","84","235","155","1","7","1133","579","0","0","0","0","0","-206000","5","-100.00","966","0","3","0","0","","0","0","0","","",""
"080219","0000","0","202000","204000","204500","205500","206000","206500","208500","209000","209500","210000","201000","200500","200000","199700","191700","191500","190100","190000","189700","189500","88","403","145","4","246","15","41","66","7","118","1","35","58","1","2","84","235","155","1","7","1133","579","0","0","0","0","0","-206000","5","-100.00","966","0","0","0","0","","0","0","0","","",""
"080219","0001","0","201000","202000","203000","204000","204500","205500","206000","206500","208500","209000","200500","200000","199700","191700","191500","190100","190000","189700","189500","152000","8","88","4","403","141","4","246","15","41","66","35","59","1","2","84","235","155","1","7","10","1016","589","0","0","0","0","0","-206000","5","-100.00","969","-1","0","0","0","","0","0","0","","",""
"080219","0002","0","201000","202000","203000","204000","204500","205500","206000","206500","208500","209000","200500","200000","199700","191700","191500","190100","190000","189700","189500","152000","8","88","4","403","141","4","246","15","41","66","36","59","1","2","84","235","155","1","7","10","1016","590","0","0","0","0","0","-206000","5","-100.00","969","0","1","0","0","","0","0","0","","",""
"080219","0003","0","202000","203000","204000","204500","205500","206000","206500","208500","209000","209500","200500","200000","199700","191700","191500","190100","190000","189700","189500","152000","91","4","403","141","4","246","15","41","66","7","36","59","1","2","84","235","155","1","7","10","1018","590","0","0","0","0","0","-206000","5","-100.00","978","2","0","0","0","","0","0","0","","",""
"080219","0004","0","201500","202000","203000","204000","204500","205500","206000","206500","208500","209000","201000","200500","200000","199700","192500","191700","191500","190100","190000","189700","70","35","4","403","71","4","246","15","41","66","12","32","61","1","80","2","85","235","155","1","955","664","0","0","0","0","0","-206000","5","-100.00","1034","-7","2","0","0","","0","0","0","","",""
"080220","0000","0","201500","202000","203000","204000","204500","205500","206000","206500","208500","209000","201000","200500","200000","199700","192500","191700","191500","190100","190000","189700","70","35","4","403","71","4","246","15","41","66","17","32","61","1","80","2","85","235","155","1","955","669","0","0","0","0","0","-206000","5","-100.00","1034","0","5","0","0","","0","0","0","","",""
"080220","0001","0","201500","202000","203000","203500","204000","204500","205500","206000","206500","208500","201000","200500","200000","199700","192500","191700","191500","190100","190000","189700","70","35","4","41","403","71","4","246","15","41","17","32","61","1","80","2","85","235","155","1","930","669","0","0","0","0","0","-206000","5","-100.00","1034","40","0","0","0","","0","0","0","","",""
"080220","0002","0","201500","202000","203000","203500","204000","204500","205500","206000","206500","208500","201000","200500","200000","199700","192500","191500","190100","190000","189700","189500","70","35","4","41","403","71","4","246","15","41","17","37","66","67","80","85","235","155","1","7","930","750","0","0","0","0","0","-206000","5","-100.00","1034","0","15","0","0","","0","0","0","","",""
"080220","0003","0","201500","202000","203000","203500","204000","204500","205500","206000","206500","208500","201000","200500","200000","199700","192500","191500","190100","190000","189700","189500","70","60","4","41","403","71","4","246","15","41","17","37","66","67","80","85","235","155","1","7","955","750","0","0","0","0","0","-206000","5","-100.00","1034","25","0","0","0","","0","0","0","","",""
"080220","0004","0","201500","202000","203000","203500","204000","204500","205500","206000","206500","208500","201000","200500","200000","199700","198000","192600","192500","191500","190100","190000","70","60","4","41","403","71","4","246","15","41","17","37","66","67","10","2","80","85","235","155","955","754","0","0","0","0","0","-206000","5","-100.00","1034","0","4","0","0","","0","0","0","","",""
"080221","0000","0","201000","201500","202000","203000","203500","204000","204500","206000","206500","208500","200500","200000","199700","198000","192600","192500","191500","190100","190000","189700","22","70","64","4","141","407","71","246","15","41","37","66","67","10","2","80","85","235","155","1","1081","738","0","0","0","0","0","-206000","5","-100.00","1049","122","-8","0","0","","0","0","0","","",""
"080221","0001","0","201000","201500","202000","203000","203500","204000","204500","206000","206500","208500","200500","200000","199700","198000","192600","192500","191500","190100","190000","189700","20","70","70","4","141","407","71","246","15","41","37","66","67","10","2","80","85","235","155","1","1085","738","0","0","0","0","0","-206000","5","-100.00","1051","-2","0","0","0","","0","0","0","","",""
"080221","0002","0","201000","201500","202000","203000","203500","204000","204500","206000","206500","208500","200500","200000","199700","198000","192600","192500","191500","190100","190000","189700","16","70","70","4","141","407","71","246","15","41","40","66","67","10","2","80","85","235","155","1","1081","741","0","0","0","0","0","-206000","5","-100.00","1055","0","3","0","0","","0","0","0","","",""
"080221","0003","0","201000","201500","202000","203000","203500","204000","204500","206000","206500","208500","200500","200000","199700","198000","192600","192500","191500","190100","190000","189700","15","70","70","4","141","383","71","246","15","41","40","66","67","10","2","80","85","235","155","1","1056","741","0","0","0","0","0","-206000","5","-100.00","1056","-25","0","0","0","","0","0","0","","",""
"080222","0000","0","201000","201500","202000","203000","203500","204000","204500","206000","206500","208500","200500","200000","199700","198000","192600","192500","191500","190100","190000","189700","15","70","70","4","141","383","71","246","15","41","40","68","67","10","2","80","89","235","155","1","1056","747","0","0","0","0","0","-206000","5","-100.00","1056","0","6","0","0","","0","0","0","","",""
"080222","0001","0","201500","202000","203000","203500","204000","204500","206000","206500","208500","209000","200500","200000","199700","198000","192600","192500","191500","190100","190000","189700","70","70","4","141","383","71","241","15","41","66","60","68","67","10","2","80","289","235","155","1","1102","967","0","0","0","0","0","-206000","5","-100.00","1071","-5","20","0","0","","0","0","0","","",""
"080222","0002","0","201500","202000","203000","203500","204000","204500","206000","206500","208500","209000","200500","200000","199700","198000","192600","192500","191500","190100","190000","189700","55","70","4","141","383","71","241","15","41","66","10","68","67","10","2","90","289","235","155","1","1087","927","0","0","0","0","0","-206000","5","-100.00","1136","-15","-40","0","0","","0","0","0","","",""
"080222","0003","0","201500","202000","203000","203500","204000","204500","206000","206500","208500","209000","201000","200500","200000","199700","198000","192600","192500","191500","190100","190000","79","46","4","141","383","71","241","15","41","66","82","10","78","67","10","2","90","289","235","155","1087","1018","0","0","0","0","0","-206000","5","-100.00","1138","0","10","0","0","","0","0","0","","",""
"080222","0004","0","203000","203500","204000","204500","206000","206500","208500","209000","209500","210000","201500","201000","200500","200000","199700","198000","192600","192500","191500","190100","4","141","383","71","241","15","41","66","7","318","44","83","25","128","67","10","2","90","289","235","1287","973","0","0","0","0","0","-206000","5","-100.00","1263","200","-45","0","0","","0","0","0","","",""
"080223","0000","0","203000","203500","204000","204500","206000","206500","208500","209000","209500","210000","201500","201000","200500","200000","199700","198000","192600","192500","191500","190100","4","141","383","71","241","15","41","66","7","318","39","84","26","128","67","10","2","90","289","235","1287","970","0","0","0","0","0","-206000","5","-100.00","1268","0","-5","0","0","","0","0","0","","",""
"080223","0001","0","203000","203500","204000","204500","206000","206500","208500","209000","209500","210000","202000","201500","201000","200500","200000","199700","198000","192600","192500","191500","4","141","383","71","241","15","41","66","7","318","12","39","93","27","128","67","10","2","90","289","1287","757","0","0","0","0","0","-206000","5","-100.00","1269","0","13","0","0","","0","0","0","","",""
"080223","0002","0","203000","203500","204000","204500","206000","206500","208500","209000","209500","210000","202000","201500","201000","200500","200000","199700","198000","192600","192500","191500","12","141","383","71","241","15","41","66","7","318","2","39","93","27","128","67","10","2","90","289","1295","747","0","0","0","0","0","-206000","5","-100.00","1279","4","-6","0","0","","0","0","0","","",""
"080223","0003","0","203000","203500","204000","204500","206000","206500","208500","209000","209500","210000","202000","201500","201000","200500","200000","199700","198000","192600","192500","191500","12","141","383","71","241","15","41","66","7","318","2","39","94","27","129","67","10","2","90","289","1295","749","0","0","0","0","0","-206000","5","-100.00","1279","0","2","0","0","","0","0","0","","",""
"080224","0000","0","203000","203500","204000","204500","206000","206500","208500","209000","209500","210000","202000","201500","201000","200500","200000","199700","198000","192900","192800","192600","12","141","383","71","241","15","41","66","7","320","2","39","94","27","129","77","10","1","100","2","1297","481","0","0","0","0","0","-206000","5","-100.00","1280","0","-1","0","0","","0","0","0","","",""
"080224","0001","0","203000","203500","204000","204500","206000","206500","208500","209000","209500","210000","202000","201500","201000","200500","200000","199700","198000","194100","192900","192800","12","141","383","71","241","15","41","66","7","320","2","49","99","27","179","77","10","1","1","100","1297","545","0","0","0","0","0","-206000","5","-100.00","1280","0","50","0","0","","0","0","0","","",""
"080224","0002","0","202000","203000","203500","204000","204500","206000","206500","208500","209000","209500","201500","201000","200500","200000","199700","198000","194100","192900","192800","192600","52","16","141","327","71","241","15","41","66","7","40","99","27","179","77","10","1","1","100","19","977","553","0","0","0","0","0","-206000","5","-100.00","1292","-320","8","0","0","","0","0","0","","",""
"080224","0003","0","202000","203000","203500","204000","204500","206000","206500","208500","209000","209500","201500","201000","200500","200000","199700","198000","194100","192900","192800","192600","50","16","141","327","71","241","15","41","66","7","35","99","28","180","77","10","1","1","100","19","975","550","0","0","0","0","0","-206000","5","-100.00","1299","-2","1","0","0","","0","0","0","","",""
"080224","0004","0","202000","203000","203500","204000","204500","206000","206500","208500","209000","209500","201500","201000","200500","200000","199700","198000","194100","192900","192800","192600","26","16","141","327","71","241","15","41","66","7","35","99","28","180","77","10","1","1","100","19","951","550","0","0","0","0","0","-206000","5","-100.00","1323","-24","0","0","0","","0","0","0","","",""
"080225","0000","0","202000","202500","203000","203500","204000","204500","206000","206500","208500","209000","201000","200500","200000","199700","198000","194100","192900","192800","192600","192500","22","4","16","141","327","71","241","15","41","66","86","28","180","77","10","1","1","100","19","90","944","592","0","0","0","0","0","-206000","5","-100.00","1387","-7","42","0","0","","0","0","0","","",""
"080225","0001","0","202000","202500","203000","203500","204000","204500","206000","206500","208500","209000","201000","200500","200000","199700","198000","194100","192900","192800","192600","192500","5","4","16","141","327","71","241","15","41","66","32","28","180","77","10","1","1","100","19","90","927","538","0","0","0","0","0","-206000","5","-100.00","1491","-50","-2","0","0","","0","0","0","","",""
"080225","0002","0","202000","202500","203000","203500","204000","204500","206000","206500","208500","209000","201000","200500","200000","199700","198000","194100","192900","192800","192600","192500","10","4","16","141","327","71","241","15","41","66","37","28","180","77","10","1","1","100","19","90","932","543","0","0","0","0","0","-206000","5","-100.00","1491","5","5","0","0","","0","0","0","","",""
"080225","0003","0","202500","203000","203500","204000","204500","206000","206500","208500","209000","209500","201000","200500","200000","199700","198000","194100","192900","192800","192600","192500","4","16","141","327","71","241","15","41","66","7","41","28","180","77","10","1","1","100","17","90","929","545","0","0","0","0","0","-206000","5","-100.00","1501","-3","2","0","0","","0","0","0","","",""
"080225","0004","0","202500","203000","203500","204000","204500","206000","206500","208500","209000","209500","202000","201500","201000","200500","200000","199700","198000","194100","192900","192800","4","16","141","327","71","241","15","41","66","7","10","1","41","33","200","77","10","1","1","100","929","474","0","0","0","0","0","-206000","5","-100.00","1501","0","18","0","0","","0","0","0","","",""
"080226","0000","0","202000","202500","203000","203500","204000","204500","206000","206500","208500","209000","201000","200500","200000","199900","199700","198000","194100","192900","192800","192600","32","4","16","141","292","71","241","15","41","66","25","33","200","1","77","10","1","1","100","17","919","465","0","0","0","0","0","-206000","5","-100.00","1535","-10","-5","0","0","","0","0","0","","",""
"080226","0001","0","202000","202500","203000","203500","204000","204500","206000","206500","208500","209000","201500","201000","200500","200000","199900","199700","198000","194100","192900","192800","42","4","16","141","292","71","241","15","41","66","1","5","33","201","1","77","10","1","3","100","929","432","0","0","0","0","0","-206000","5","-100.00","1557","10","-13","0","0","","0","0","0","","",""
"080226","0002","0","202000","202500","203000","203500","204000","204500","206000","206500","208500","209000","201500","201000","200500","200000","199900","199700","198000","194100","192900","192800","42","4","16","141","292","71","241","15","41","66","1","5","33","242","1","77","10","1","3","100","929","473","0","0","0","0","0","-206000","5","-100.00","1557","0","10","0","0","","0","0","0","","",""
"080226","0003","0","202000","202500","203000","203500","204000","204500","206000","206500","208500","209000","201500","201000","200500","200000","199900","199700","198000","194100","192900","192800","42","4","16","141","292","71","241","15","41","66","2","5","33","242","1","77","16","1","3","100","929","480","0","0","0","0","0","-206000","5","-100.00","1557","0","7","0","0","","0","0","0","","",""
"080227","0000","0","202000","202500","203000","203500","204000","204500","206000","206500","208500","209000","201500","201000","200500","200000","199900","199700","198000","194100","192900","192800","46","4","16","141","292","70","241","15","41","66","2","8","33","242","1","77","16","1","3","100","932","483","0","0","0","0","0","-206000","5","-100.00","1557","3","3","0","0","","0","0","0","","",""
"080227","0001","0","202000","202500","203000","203500","204000","204500","206000","206500","208500","209000","201500","201000","200500","200000","199900","199700","198000","194100","192900","192800","36","4","16","141","292","70","241","15","41","66","2","8","33","243","1","77","16","1","3","100","922","484","0","0","0","0","0","-206000","5","-100.00","1567","-10","1","0","0","","0","0","0","","",""
"080227","0002","0","203000","203500","204000","204500","206000","206500","208500","209000","209500","210000","202000","201500","201000","200500","200000","199900","199700","198000","194100","192900","16","141","292","70","241","15","41","66","7","320","48","14","38","373","248","1","77","66","1","3","1209","869","0","0","0","0","0","-206000","5","-100.00","1645","284","-40","0","0","","0","0","0","","",""
"080227","0003","0","203000","203500","204000","204500","206000","206500","208500","209000","209500","210000","202000","201500","201000","200500","200000","199900","199700","198000","194100","192900","17","141","292","70","241","15","41","66","7","320","51","14","38","373","258","1","77","66","1","3","1210","882","0","0","0","0","0","-206000","5","-100.00","1645","1","0","0","0","","0","0","0","","",""
"080227","0004","0","203000","203500","204000","204500","206000","206500","208500","209000","209500","210000","202000","201500","201000","200500","200000","199900","199700","198000","194100","192900","17","141","292","70","241","15","41","66","7","320","48","14","38","373","258","1","77","66","1","3","1210","879","0","0","0","0","0","-206000","5","-100.00","1648","0","-3","0","0","","0","0","0","","",""
"080228","0000","0","203500","204000","204500","206000","206500","208500","209000","209500","210000","212000","202000","201500","201000","200500","200000","199900","199700","198000","194100","192900","141","288","70","241","15","41","66","7","320","4","49","21","38","374","258","1","77","66","1","3","1193","888","0","0","0","0","0","-206000","5","-100.00","1678","0","0","0","0","","0","0","0","","",""
"080228","0001","0","203500","204000","204500","206000","206500","208500","209000","209500","210000","212000","202500","202000","201500","201000","200500","200000","199900","199700","199500","198000","141","288","70","241","15","11","66","7","320","4","1","11","21","46","374","263","1","77","1","66","1163","861","0","0","0","0","0","-206000","5","-100.00","1716","0","3","0","0","","0","0","0","","",""
"080228","0002","0","203500","204000","204500","206000","206500","208500","209000","209500","210000","212000","202500","202000","201500","201000","200500","200000","199900","199700","199500","198000","141","288","70","241","15","11","66","7","320","4","1","11","71","46","374","263","1","77","1","66","1163","911","0","0","0","0","0","-206000","5","-100.00","1716","0","50","0","0","","0","0","0","","",""
"080228","0003","0","203500","204000","204500","206000","206500","208500","209000","209500","210000","212000","202000","201500","201000","200500","200000","199900","199700","199500","198000","194100","141","288","70","241","15","11","66","7","320","4","111","72","49","374","263","1","77","1","81","1","1163","1030","0","0","0","0","0","-206000","5","-100.00","1717","0","3","0","0","","0","0","0","","",""
"080228","0004","0","203500","204000","204500","206000","206500","208500","209000","209500","210000","212000","202000","201500","201000","200500","200000","199900","199700","199500","198000","194100","141","288","70","241","15","11","66","7","320","4","115","73","50","374","263","1","77","1","81","1","1163","1036","0","0","0","0","0","-206000","5","-100.00","1720","0","5","0","0","","0","0","0","","",""
"080229","0000","0","203500","204000","204500","206000","206500","208500","209000","209500","210000","212000","202000","201500","201000","200500","200000","199900","199700","199500","198000","194100","141","288","70","241","15","11","66","7","320","4","116","71","51","375","263","1","77","1","81","1","1163","1037","0","0","0","0","0","-206000","5","-100.00","1720","0","0","0","0","","0","0","0","","",""
"080229","0001","0","203500","204000","204500","206000","206500","208500","209000","209500","210000","212000","202000","201500","201000","200500","200000","199900","199700","199500","198000","194100","140","288","70","241","15","11","66","7","320","4","116","71","52","375","264","1","77","1","81","1","1162","1039","0","0","0","0","0","-206000","5","-100.00","1725","-1","2","0","0","","0","0","0","","",""
"080229","0002","0","203500","204000","204500","206000","206500","208500","209000","209500","210000","212000","202000","201500","201000","200500","200000","199900","199700","199500","198000","194100","140","288","70","241","15","11","66","7","320","4","135","71","52","375","264","11","77","1","97","1","1162","1084","0","0","0","0","0","-206000","5","-100.00","1725","0","19","0","0","","0","0","0","","",""
"080229","0003","0","203500","204000","204500","206000","206500","208500","209000","209500","210000","212000","202000","201500","201000","200500","200000","199900","199700","199500","198000","194100","140","288","70","241","15","11","66","7","320","4","137","73","52","375","264","11","77","1","97","1","1162","1088","0","0","0","0","0","-206000","5","-100.00","1725","0","4","0","0","","0","0","0","","",""
"080229","0004","0","203500","204000","204500","206000","206500","208500","209000","209500","210000","212000","202500","202000","201500","201000","200500","200000","199900","199700","199500","198000","140","288","70","241","15","11","66","7","320","4","1","137","73","53","375","264","11","77","1","97","1162","1089","0","0","0","0","0","-206000","5","-100.00","1725","0","1","0","0","","0","0","0","","",""
"080230","0000","0","203500","204000","204500","206000","206500","208500","209000","209500","210000","212000","202500","202000","201500","201000","200500","200000","199900","199700","199500","198000","140","288","70","241","15","11","66","7","320","4","51","137","23","53","375","264","12","77","1","97","1162","1090","0","0","0","0","0","-206000","5","-100.00","1725","0","1","0","0","","0","0","0","","",""
"080230","0001","0","203000","203500","204000","204500","206000","206500","208500","209000","209500","210000","202000","201500","201000","200500","200000","199900","199700","199500","198000","194100","4","140","288","70","241","15","11","66","7","320","132","23","53","375","264","12","77","1","97","1","1162","1035","0","0","0","0","0","-206000","5","-100.00","1782","0","-55","0","0","","0","0","0","","",""
"080230","0002","0","203500","204000","204500","206000","206500","208500","209000","209500","210000","212000","202000","201500","201000","200500","200000","199900","199700","199500","198000","194100","134","288","70","241","15","11","66","7","320","99","132","23","53","375","264","12","77","1","97","1","1251","1035","0","0","0","0","0","-206000","5","-100.00","1792","95","0","0","0","","0","0","0","","",""
"080230","0003","0","203500","204000","204500","206000","206500","208500","209000","209500","210000","212000","202000","201500","201000","200500","200000","199900","199700","199500","198900","198000","134","288","70","241","15","11","66","7","320","99","133","23","53","378","264","12","87","1","1","97","1251","1049","0","0","0","0","0","-206000","5","-100.00","1793","0","13","0","0","","0","0","0","","",""
"080230","0004","0","203500","204000","204500","206000","206500","208500","209000","209500","210000","212000","202000","201500","201000","200500","200000","199900","199700","199500","198900","198000","134","288","70","241","15","11","66","7","320","99","133","23","53","383","259","12","87","1","1","97","1251","1049","0","0","0","0","0","-206000","5","-100.00","1793","0","0","0","0","","0","0","0","","",""
"080231","0000","0","203500","204000","204500","206000","206500","208500","209000","209500","210000","212000","202500","202000","201500","201000","200500","200000","199900","199700","199500","198900","134","288","70","241","15","11","66","7","320","99","1","134","23","53","383","259","12","90","1","1","1251","957","0","0","0","0","0","-206000","5","-100.00","1793","0","-95","0","0","","0","0","0","","",""
"080231","0001","0","203500","204000","204500","206000","206500","208500","209000","209500","210000","212000","202000","201500","201000","200500","200000","199900","199800","199700","199500","198900","132","288","70","241","15","11","66","7","320","99","130","23","58","384","469","12","50","90","1","1","1249","1218","0","0","0","0","0","-206000","5","-100.00","1800","-2","50","0","0","","0","0","0","","",""
"080231","0002","0","203500","204000","204500","206000","206500","208500","209000","209500","210000","212000","202000","201500","201000","200500","200000","199900","199800","199700","199500","198900","132","288","70","241","15","11","66","7","320","99","130","24","58","384","470","12","50","90","1","1","1249","1220","0","0","0","0","0","-206000","5","-100.00","1804","0","2","0","0","","0","0","0","","",""
"080231","0003","0","203500","204000","204500","206000","206500","208500","209000","209500","210000","212000","202500","202000","201500","201000","200500","200000","199900","199800","199700","199500","132","288","70","241","15","11","66","7","320","99","5","130","24","61","385","471","14","50","90","1","1249","1231","0","0","0","0","0","-206000","5","-100.00","1804","0","4","0","0","","0","0","0","","",""
"080232","0000","0","203500","204000","204500","206000","206500","208500","209000","209500","210000","212000","202000","201500","201000","200500","200000","199900","199800","199700","199500","198900","132","288","70","241","15","11","66","7","320","99","130","24","81","385","471","14","50","90","1","1","1249","1247","0","0","0","0","0","-206000","5","-100.00","1810","1","16","0","0","","0","0","0","","",""
"080232","0001","0","203500","204000","204500","206000","206500","208500","209000","209500","210000","212000","202000","201500","201000","200500","200000","199900","199800","199700","199500","198900","132","288","70","241","15","11","66","7","320","99","131","24","91","385","471","14","50","90","6","1","1249","1263","0","0","0","0","0","-206000","5","-100.00","1810","0","16","0","0","","0","0","0","","",""
"080232","0002","0","203500","204000","204500","206000","206500","208500","209000","209500","210000","212000","202000","201500","201000","200500","200000","199900","199800","199700","199500","198900","132","288","70","241","15","11","66","8","320","99","136","24","91","386","476","14","50","90","6","1","1250","1274","0","0","0","0","0","-206000","5","-100.00","1810","1","5","0","0","","0","0","0","","",""
"080232","0003","0","203500","204000","204500","206000","206500","208500","209000","209500","210000","212000","202500","202000","201500","201000","200500","200000","199900","199800","199700","199500","122","288","70","241","15","11","66","8","320","99","1","137","26","91","386","476","14","50","100","6","1240","1287","0","0","0","0","0","-206000","5","-100.00","1820","0","1","0","0","","0","0","0","","",""
"080232","0004","0","203500","204000","204500","206000","206500","208500","209000","209500","210000","211000","202500","202000","201500","201000","200500","200000","199900","199800","199700","199500","122","288","70","241","15","11","66","8","320","6","2","141","26","94","386","486","14","50","100","6","1147","1305","0","0","0","0","0","-206000","5","-100.00","1820","0","18","0","0","","0","0","0","","",""
"080232","0005","0","203500","204000","204500","206000","206500","208500","209000","209500","210000","211000","202000","201500","201000","200500","200000","199900","199800","199700","199500","198900","122","288","70","241","15","11","66","8","320","6","138","26","94","386","506","14","50","100","6","1","1147","1321","0","0","0","0","0","-206000","5","-100.00","1825","0","16","0","0","","0","0","0","","",""
"080233","0000","0","203500","204000","204500","206000","206500","208500","209000","209500","210000","211000","202000","201500","201000","200500","200000","199900","199800","199700","199500","198900","123","288","70","241","15","11","66","8","320","6","137","27","94","386","506","24","50","100","6","1","1148","1331","0","0","0","0","0","-206000","5","-100.00","1827","1","9","0","0","","0","0","0","","",""
"080233","0001","0","203500","204000","204500","205500","206000","206500","208500","209000","209500","210000","202000","201500","201000","200500","200000","199900","199800","199700","199500","198900","119","224","70","1","241","15","11","66","8","324","137","27","94","387","506","24","50","100","6","1","1079","1332","0","0","0","0","0","-206000","5","-100.00","1895","4","0","0","0","","0","0","0","","",""
"080233","0002","0","203500","204000","204500","205500","206000","206500","208500","209000","209500","210000","202500","202000","201500","201000","200500","200000","199900","199800","199700","199500","119","224","70","1","241","15","5","66","8","324","10","137","27","94","387","510","24","50","100","6","1073","1345","0","0","0","0","0","-206000","5","-100.00","1895","-6","4","0","0","","0","0","0","","",""
"080234","0000","0","203500","204000","204500","205500","206000","206500","208500","209000","209500","210000","202500","202000","201500","201000","200500","200000","199900","199800","199700","199500","118","224","70","1","201","15","5","66","8","324","13","139","27","91","387","510","24","50","100","6","1032","1347","0","0","0","0","0","-206000","5","-100.00","1901","5","2","0","0","","0","0","0","","",""
"080234","0001","0","203500","204000","204500","205500","206000","206500","208500","209000","209500","210000","202000","201500","201000","200500","200000","199900","199800","199700","199600","199500","118","224","70","1","201","15","5","66","8","324","123","27","91","387","511","24","50","100","17","6","1032","1336","0","0","0","0","0","-206000","5","-100.00","1931","0","-22","0","0","","0","0","0","","",""
"080234","0002","0","203500","204000","204500","205500","206000","206500","208500","209000","209500","210000","202000","201500","201000","200500","200000","199900","199800","199700","199600","199500","118","227","70","1","201","15","5","66","8","324","153","27","91","387","511","24","50","100","17","7","1035","1367","0","0","0","0","0","-206000","5","-100.00","1931","3","31","0","0","","0","0","0","","",""
"080234","0003","0","203500","204000","204500","205500","206000","206500","208500","209000","209500","210000","203000","202500","202000","201500","201000","200500","200000","199900","199800","199700","118","227","70","1","201","15","5","66","8","324","3","8","153","77","91","387","511","29","50","100","1035","1409","0","0","0","0","0","-206000","5","-100.00","1934","0","-10","0","0","","0","0","0","","",""
"080234","0004","0","203500","204000","204500","205000","205500","206000","206500","208500","209000","209500","203000","202500","202000","201500","201000","200500","200000","199900","199800","199700","117","227","70","20","1","201","15","5","66","8","3","8","164","77","91","387","511","29","50","100","730","1420","0","0","0","0","0","-206000","5","-100.00","1935","0","10","0","0","","0","0","0","","",""
"080235","0000","0","203500","204000","204500","205000","205500","206000","206500","208500","209000","209500","203000","202500","202000","201500","201000","200500","200000","199900","199800","199700","117","227","70","20","1","201","15","5","66","8","4","18","164","77","91","387","511","29","50","100","730","1431","0","0","0","0","0","-206000","5","-100.00","1935","0","10","0","0","","0","0","0","","",""
"080235","0001","0","203500","204000","204500","205000","205500","206000","206500","208500","209000","209500","203000","202500","202000","201500","201000","200500","200000","199900","199800","199700","112","227","70","20","1","206","15","5","66","8","4","18","168","77","92","387","521","29","50","100","730","1446","0","0","0","0","0","-206000","5","-100.00","1940","5","0","0","0","","0","0","0","","",""
"080235","0002","0","203500","204000","204500","205000","205500","206000","206500","208500","209000","209500","203000","202500","202000","201500","201000","200500","200000","199900","199800","199700","112","227","70","20","2","206","15","5","66","8","34","18","168","77","92","387","521","29","50","100","731","1476","0","0","0","0","0","-206000","5","-100.00","1940","1","0","0","0","","0","0","0","","",""
"080235","0003","0","203500","204000","204500","205000","205500","206000","206500","208500","209000","209500","203000","202500","202000","201500","201000","200500","200000","199900","199800","199700","112","227","70","20","2","206","15","5","66","8","34","18","168","77","95","387","521","29","50","100","731","1479","0","0","0","0","0","-206000","5","-100.00","1940","0","3","0","0","","0","0","0","","",""
"080235","0004","0","203500","204000","204500","205000","205500","206000","206500","208500","209000","209500","203000","202500","202000","201500","201000","200500","200000","199900","199800","199700","110","227","70","20","2","206","15","5","66","8","30","18","171","77","95","387","521","29","51","100","729","1479","0","0","0","0","0","-206000","5","-100.00","1946","-2","-1","0","0","","0","0","0","","",""
"080236","0000","0","203500","204000","204500","205000","205500","206000","206500","208500","209000","209500","203000","202500","202000","201500","201000","200500","200000","199900","199800","199700","110","227","70","20","2","206","15","5","66","8","30","18","171","100","131","388","521","29","51","100","729","1539","0","0","0","0","0","-206000","5","-100.00","1946","0","-2","0","0","","0","0","0","","",""
"080236","0001","0","204000","204500","205000","205500","206000","206500","208500","209000","209500","210000","203500","203000","202500","202000","201500","201000","200500","200000","199900","199800","227","70","20","2","206","15","5","66","8","324","3","30","10","166","100","129","388","518","29","51","943","1424","0","0","0","0","0","-206000","5","-100.00","2056","0","0","0","0","","0","0","0","","",""
"080236","0002","0","204000","204500","205000","205500","206000","206500","208500","209000","209500","210000","203500","203000","202500","202000","201500","201000","200500","200000","199900","199800","227","70","20","2","206","15","5","66","8","324","3","30","10","167","100","129","388","518","29","51","943","1425","0","0","0","0","0","-206000","5","-100.00","2056","0","1","0","0","","0","0","0","","",""
"080236","0003","0","204000","204500","205000","205500","206000","206500","208500","209000","209500","210000","203500","203000","202500","202000","201500","201000","200500","200000","199900","199800","238","70","20","2","206","15","4","66","8","324","3","30","10","169","100","129","388","523","29","51","953","1432","0","0","0","0","0","-206000","5","-100.00","2056","0","1","0","0","","0","0","0","","",""
"080236","0004","0","204000","204500","205000","205500","206000","206500","208500","209000","209500","210000","203500","203000","202500","202000","201500","201000","200500","200000","199900","199800","238","70","20","2","206","15","4","66","8","324","5","30","10","169","100","129","388","523","29","51","953","1434","0","0","0","0","0","-206000","5","-100.00","2056","0","2","0","0","","0","0","0","","",""
"080237","0000","0","204000","204500","205000","205500","206000","206500","208500","209000","209500","210000","203500","203000","202500","202000","201500","201000","200500","200000","199900","199800","243","70","20","2","206","15","4","66","8","324","5","34","11","169","100","129","388","530","79","51","958","1496","0","0","0","0","0","-206000","5","-100.00","2056","0","52","0","0","","0","0","0","","",""
"080237","0001","0","204000","204500","205000","205500","206000","206500","208500","209000","209500","210000","203500","203000","202500","202000","201500","201000","200500","200000","199900","199800","243","70","20","2","206","15","4","66","8","324","5","44","11","169","100","131","388","530","79","51","958","1508","0","0","0","0","0","-206000","5","-100.00","2056","0","12","0","0","","0","0","0","","",""
"080237","0002","0","204000","204500","205000","205500","206000","206500","208500","209000","209500","210000","203000","202500","202000","201500","201000","200500","200000","199900","199800","199700","243","70","20","2","206","15","4","66","8","324","46","12","169","103","132","388","530","79","51","100","958","1610","0","0","0","0","0","-206000","5","-100.00","2116","0","0","0","0","","0","0","0","","",""
"080237","0003","0","204000","204500","205000","205500","206000","206500","208500","209000","209500","210000","203000","202500","202000","201500","201000","200500","200000","199900","199800","199700","242","70","20","2","206","15","4","66","8","324","47","15","189","103","132","388","530","79","51","100","957","1634","0","0","0","0","0","-206000","5","-100.00","2117","0","4","0","0","","0","0","0","","",""
"080238","0000","0","204000","204500","205000","205500","206000","206500","208500","209000","209500","210000","203500","203000","202500","202000","201500","201000","200500","200000","199900","199800","242","70","20","2","206","15","4","66","8","324","11","41","15","219","103","133","388","530","79","51","957","1570","0","0","0","0","0","-206000","5","-100.00","2123","0","-88","0","0","","0","0","0","","",""
"080238","0001","0","204000","204500","205000","205500","206000","206500","208500","209000","209500","210000","203500","203000","202500","202000","201500","201000","200500","200000","199900","199800","242","70","20","2","206","15","4","66","8","324","11","41","18","219","102","133","388","530","79","51","957","1572","0","0","0","0","0","-206000","5","-100.00","2123","0","3","0","0","","0","0","0","","",""
"080238","0002","0","204000","204500","205000","205500","206000","206500","208500","209000","209500","210000","203500","203000","202500","202000","201500","201000","200500","200000","199900","199800","242","70","20","2","206","15","4","66","8","324","12","41","23","219","102","133","388","530","79","51","957","1578","0","0","0","0","0","-206000","5","-100.00","2123","0","1","0","0","","0","0","0","","",""
"080238","0003","0","204000","204500","205000","205500","206000","206500","208500","209000","209500","210000","203500","203000","202500","202000","201500","201000","200500","200000","199900","199800","242","70","20","47","206","15","4","66","8","324","32","42","34","219","102","133","388","535","79","51","1002","1615","0","0","0","0","0","-206000","5","-100.00","2123","45","5","0","0","","0","0","0","","",""
"080238","0004","0","204000","204500","205000","205500","206000","206500","208500","209000","209500","210000","203500","203000","202500","202000","201500","201000","200500","200000","199900","199800","242","70","20","47","206","15","4","66","8","324","32","42","34","219","102","133","408","535","79","51","1002","1635","0","0","0","0","0","-206000","5","-100.00","2123","0","20","0","0","","0","0","0","","",""
"080239","0000","0","204000","204500","205000","205500","206000","206500","208500","209000","209500","210000","203500","203000","202500","202000","201500","201000","200500","200000","199900","199800","242","70","20","47","206","15","4","66","8","324","31","42","34","219","102","133","408","535","79","51","1002","1634","0","0","0","0","0","-206000","5","-100.00","2125","0","-2","0","0","","0","0","0","","",""
"080239","0001","0","204000","204500","205000","205500","206000","206500","208500","209000","209500","210000","203500","203000","202500","202000","201500","201000","200500","200000","199900","199800","242","70","20","47","206","15","4","66","8","324","2","22","34","219","102","133","408","538","79","51","1002","1588","0","0","0","0","0","-206000","5","-100.00","2180","0","-46","0","0","","0","0","0","","",""
"080239","0002","0","203500","204000","204500","205000","205500","206000","206500","208500","209000","209500","203000","202500","202000","201500","201000","200500","200000","199900","199800","199700","8","242","70","20","47","206","15","4","66","8","1","34","220","102","233","408","538","79","51","34","686","1700","0","0","0","0","0","-206000","5","-100.00","2207","-316","8","0","0","","0","0","0","","",""
"080239","0003","0","203500","204000","204500","205000","205500","206000","206500","208500","209000","209500","203000","202500","202000","201500","201000","200500","200000","199900","199800","199700","38","242","70","20","48","206","15","4","66","8","1","36","220","102","233","408","538","79","56","34","717","1707","0","0","0","0","0","-206000","5","-100.00","2207","30","0","0","0","","0","0","0","","",""
"080240","0000","0","203500","204000","204500","205000","205500","206000","206500","208500","209000","209500","203000","202500","202000","201500","201000","200500","200000","199900","199800","199700","37","242","70","20","48","206","15","4","66","8","1","36","220","102","233","408","538","89","56","34","716","1717","0","0","0","0","0","-206000","5","-100.00","2208","0","10","0","0","","0","0","0","","",""
"080240","0001","0","203500","204000","204500","205000","205500","206000","206500","208500","209000","209500","203000","202500","202000","201500","201000","200500","200000","199900","199800","199700","37","242","70","20","48","206","15","4","66","8","2","36","220","90","238","408","539","89","56","34","716","1712","0","0","0","0","0","-206000","5","-100.00","2208","0","-6","0","0","","0","0","0","","",""
"080240","0002","0","203500","204000","204500","205000","205500","206000","206500","208500","209000","209500","203000","202500","202000","201500","201000","200500","200000","199900","199800","199700","98","242","70","20","53","207","15","4","66","8","4","36","220","90","238","408","549","89","56","34","783","1724","0","0","0","0","0","-206000","5","-100.00","2219","16","1","0","0","","0","0","0","","",""
"080240","0003","0","203500","204000","204500","205000","205500","206000","206500","208500","209000","209500","203000","202500","202000","201500","201000","200500","200000","199900","199800","199700","98","257","70","20","53","207","15","4","66","8","1","36","220","90","238","408","549","89","56","34","798","1721","0","0","0","0","0","-206000","5","-100.00","2272","15","-3","0","0","","0","0","0","","",""
"080240","0004","0","203500","204000","204500","205000","205500","206000","206500","208500","209000","209500","203000","202500","202000","201500","201000","200500","200000","199900","199800","199700","83","257","71","20","52","207","15","4","66","8","1","37","224","90","239","408","549","89","56","34","783","1727","0","0","0","0","0","-206000","5","-100.00","2287","-5","1","0","0","","0","0","0","","",""
"080240","0005","0","203500","204000","204500","205000","205500","206000","206500","208500","209000","209500","203000","202500","202000","201500","201000","200500","200000","199900","199800","199700","88","257","71","20","52","207","15","4","66","8","1","37","224","90","239","408","549","89","56","34","788","1727","0","0","0","0","0","-206000","5","-100.00","2288","5","0","0","0","","0","0","0","","",""
"080241","0000","0","203500","204000","204500","205000","205500","206000","206500","208500","209000","209500","203000","202500","202000","201500","201000","200500","200000","199900","199800","199700","91","257","71","120","52","207","15","4","66","8","51","37","224","90","219","408","549","89","56","34","891","1757","0","0","0","0","0","-206000","5","-100.00","2290","-2","0","0","0","","0","0","0","","",""
"080241","0001","0","203500","204000","204500","205000","205500","206000","206500","208500","209000","209500","203000","202500","202000","201500","201000","200500","200000","199900","199800","199700","90","257","71","120","52","207","15","4","66","8","51","47","224","90","219","408","549","89","56","34","890","1767","0","0","0","0","0","-206000","5","-100.00","2291","-1","10","0","0","","0","0","0","","",""
"080241","0002","0","203500","204000","204500","205000","205500","206000","206500","208500","209000","209500","203000","202500","202000","201500","201000","200500","200000","199900","199800","199700","88","258","71","120","52","207","15","4","66","8","16","387","225","90","219","68","550","89","56","34","889","1734","0","0","0","0","0","-206000","5","-100.00","2329","-3","-33","0","0","","0","0","0","","",""
"080241","0003","0","204000","204500","205000","205500","206000","206500","208500","209000","209500","210000","203000","202500","202000","201500","201000","200500","200000","199900","199800","199700","248","71","120","52","207","15","4","66","8","344","31","389","225","111","219","68","551","89","56","34","1135","1773","0","0","0","0","0","-206000","5","-100.00","2431","0","16","0","0","","0","0","0","","",""
"080242","0000","0","204000","204500","205000","205500","206000","206500","208500","209000","209500","210000","203000","202500","202000","201500","201000","200500","200000","199900","199800","199700","247","71","120","52","257","15","4","66","8","344","40","390","225","111","219","68","551","90","56","35","1184","1785","0","0","0","0","0","-206000","5","-100.00","2432","0","1","0","0","","0","0","0","","",""
"080242","0001","0","203500","204000","204500","205000","205500","206000","206500","208500","209000","209500","203000","202500","202000","201500","201000","200500","200000","199900","199800","199700","5","247","71","120","52","257","15","4","66","8","41","390","225","112","219","68","651","90","56","35","845","1887","0","0","0","0","0","-206000","5","-100.00","2432","-339","101","0","0","","0","0","0","","",""
"080242","0002","0","203500","204000","204500","205000","205500","206000","206500","208500","209000","209500","203000","202500","202000","201500","201000","200500","200000","199900","199800","199700","4","247","71","120","52","257","15","4","66","8","41","390","225","112","219","68","651","90","56","35","844","1887","0","0","0","0","0","-206000","5","-100.00","2433","-1","0","0","0","","0","0","0","","",""
"080242","0003","0","203500","204000","204500","205000","205500","206000","206500","208500","209000","209500","203000","202500","202000","201500","201000","200500","200000","199900","199800","199700","2","247","71","120","52","257","15","4","66","8","42","390","225","112","219","68","650","90","56","35","842","1887","0","0","0","0","0","-206000","5","-100.00","2435","-2","0","0","0","","0","0","0","","",""
"080242","0004","0","203500","204000","204500","205000","205500","206000","206500","208500","209000","209500","203000","202500","202000","201500","201000","200500","200000","199900","199800","199700","2","247","71","120","52","257","15","4","66","8","45","390","223","112","220","68","650","90","56","35","842","1889","0","0","0","0","0","-206000","5","-100.00","2435","0","2","0","0","","0","0","0","","",""
"080243","0000","0","204000","204500","205000","205500","206000","206500","208500","209000","209500","210000","203000","202500","202000","201500","201000","200500","200000","199900","199800","199700","247","71","120","52","257","15","4","66","8","344","45","390","222","113","220","68","650","90","56","35","1184","1889","0","0","0","0","0","-206000","5","-100.00","2437","342","-1","0","0","","0","0","0","","",""
"080243","0001","0","203500","204000","204500","205000","205500","206000","206500","208500","209000","209500","203000","202500","202000","201500","201000","200500","200000","199900","199800","199700","68","247","1","120","52","257","15","4","66","8","45","390","222","113","220","68","655","90","56","35","838","1894","0","0","0","0","0","-206000","5","-100.00","2439","-2","5","0","0","","0","0","0","","",""
"080243","0002","0","203500","204000","204500","205000","205500","206000","206500","208500","209000","209500","203000","202500","202000","201500","201000","200500","200000","199900","199800","199700","117","247","1","170","52","257","15","4","66","8","56","390","222","112","220","68","655","90","56","35","937","1904","0","0","0","0","0","-206000","5","-100.00","2439","50","6","0","0","","0","0","0","","",""
"080243","0003","0","203500","204000","204500","205000","205500","206000","206500","208500","209000","209500","203000","202500","202000","201500","201000","200500","200000","199900","199800","199700","117","247","1","170","52","257","15","4","66","8","56","390","222","112","226","68","655","90","56","35","937","1910","0","0","0","0","0","-206000","5","-100.00","2439","0","6","0","0","","0","0","0","","",""
"080243","0004","0","203500","204000","204500","205000","205500","206000","206500","208500","209000","209500","203000","202500","202000","201500","201000","200500","200000","199900","199800","199700","117","247","1","170","52","257","15","4","66","8","56","390","242","92","226","68","655","90","56","35","937","1910","0","0","0","0","0","-206000","5","-100.00","2439","0","20","0","0","","0","0","0","","",""
"080244","0000","0","203500","204000","204500","205000","205500","206000","206500","208500","209000","209500","203000","202500","202000","201500","201000","200500","200000","199900","199800","199700","117","247","1","170","52","257","15","4","66","8","58","390","242","92","226","68","655","90","56","35","937","1912","0","0","0","0","0","-206000","5","-100.00","2439","0","2","0","0","","0","0","0","","",""
"080244","0001","0","203500","204000","204500","205000","205500","206000","206500","208500","209000","209500","203000","202500","202000","201500","201000","200500","200000","199900","199800","199700","61","247","1","170","52","257","15","4","66","8","93","390","245","92","225","68","655","90","56","35","881","1949","0","0","0","0","0","-206000","5","-100.00","2495","0","3","0","0","","0","0","0","","",""
"080244","0002","0","203500","204000","204500","205000","205500","206000","206500","208500","209000","209500","203000","202500","202000","201500","201000","200500","200000","199900","199800","199700","62","247","1","170","52","257","15","4","66","8","94","390","245","92","224","68","661","90","56","35","882","1955","0","0","0","0","0","-206000","5","-100.00","2505","0","-9","0","0","","0","0","0","","",""
"080244","0003","0","203500","204000","204500","205000","205500","206000","206500","208500","209000","209500","203000","202500","202000","201500","201000","200500","200000","199900","199800","199700","49","247","1","170","52","257","15","4","66","8","69","390","245","92","224","68","661","90","56","35","869","1930","0","0","0","0","0","-206000","5","-100.00","2543","-13","-25","0","0","","0","0","0","","",""
"080244","0004","0","203500","204000","204500","205000","205500","206000","206500","208500","209000","209500","203000","202500","202000","201500","201000","200500","200000","199900","199800","199700","49","247","1","170","52","257","15","4","66","8","1","390","244","92","224","68","663","90","56","35","869","1863","0","0","0","0","0","-206000","5","-100.00","2612","0","2","0","0","","0","0","0","","",""
"080245","0000","0","203500","204000","205000","205500","206000","206500","208500","209000","209500","210000","203000","202500","202000","201500","201000","200500","200000","199900","199800","199700","50","247","170","52","257","15","4","66","8","344","5","490","244","92","224","68","663","90","56","35","1213","1967","0","0","0","0","0","-206000","5","-100.00","2612","344","103","0","0","","0","0","0","","",""
"080245","0001","0","203500","204000","205000","205500","206000","206500","208500","209000","209500","210000","203000","202500","202000","201500","201000","200500","200000","199900","199800","199700","49","247","170","52","252","15","4","66","8","344","9","491","244","92","224","68","663","90","56","38","1207","1975","0","0","0","0","0","-206000","5","-100.00","2613","-5","7","0","0","","0","0","0","","",""
"080245","0002","0","202500","203500","204000","205000","205500","206000","206500","208500","209000","209500","202000","201500","201000","200500","200000","199900","199800","199700","199600","199500","118","49","247","170","52","252","15","4","66","8","245","92","224","68","674","90","56","39","17","13","981","1518","0","0","0","0","0","-206000","5","-100.00","3141","-10","12","0","0","","0","0","0","","",""
"080245","0003","0","202500","203000","203500","204000","205000","205500","206000","206500","208500","209000","202000","201500","201000","200500","200000","199900","199800","199700","199600","199500","85","6","131","247","170","52","252","15","4","66","243","92","224","68","674","90","56","39","17","13","1028","1516","0","0","0","0","0","-206000","5","-100.00","3174","-13","-2","0","0","","0","0","0","","",""
"080246","0000","0","202500","203000","203500","204000","205000","205500","206000","206500","208500","209000","202000","201500","201000","200500","200000","199900","199800","199700","199600","199500","81","6","131","247","170","52","252","15","4","66","243","92","224","68","674","90","57","39","17","13","1024","1517","0","0","0","0","0","-206000","5","-100.00","3178","-4","1","0","0","","0","0","0","","",""
"080246","0001","0","203000","203500","204000","205000","205500","206000","206500","208500","209000","209500","202000","201500","201000","200500","200000","199900","199800","199700","199600","199500","6","131","247","170","52","252","15","4","66","8","232","101","224","68","676","90","67","39","17","13","951","1527","0","0","0","0","0","-206000","5","-100.00","3270","3","16","0","0","","0","0","0","","",""
"080246","0002","0","203500","204000","205000","205500","206000","206500","208500","209000","209500","210000","202000","201500","201000","200500","200000","199900","199800","199700","199600","199500","131","267","170","52","252","15","4","66","8","344","237","101","224","68","676","90","67","39","17","13","1309","1532","0","0","0","0","0","-206000","5","-100.00","3276","0","5","0","0","","0","0","0","","",""
"080247","0000","0","203500","204000","205000","205500","206000","206500","208500","209000","209500","210000","202000","201500","201000","200500","200000","199900","199800","199700","199600","199500","131","267","170","52","252","15","4","66","13","344","237","101","224","68","676","90","67","39","17","13","1314","1532","0","0","0","0","0","-206000","5","-100.00","3330","0","0","0","0","","0","0","0","","",""
"080247","0001","0","203000","203500","204000","205000","205500","206000","206500","208500","209000","209500","202000","201500","201000","200500","200000","199900","199800","199700","199600","199500","49","131","267","170","52","252","15","4","66","13","237","101","224","68","681","90","67","39","17","13","1019","1537","0","0","0","0","0","-206000","5","-100.00","3331","-295","5","0","0","","0","0","0","","",""
"080247","0002","0","203500","204000","205000","205500","206000","206500","208500","209000","209500","210000","202500","202000","201500","201000","200500","200000","199900","199800","199700","199600","131","267","170","52","252","15","4","66","13","344","5","237","101","224","68","681","90","67","39","17","1314","1529","0","0","0","0","0","-206000","5","-100.00","3335","295","-8","0","0","","0","0","0","","",""
"080247","0003","0","203000","203500","204000","205000","205500","206000","206500","208000","208500","209000","202000","201500","201000","200500","200000","199900","199800","199700","199600","199500","10","131","267","170","52","252","15","50","4","66","82","101","224","70","681","90","67","39","17","14","1017","1385","0","0","0","0","0","-206000","5","-100.00","3499","0","7","0","0","","0","0","0","","",""
"080247","0004","0","203000","203500","204000","205000","205500","206000","206500","208000","208500","209000","202000","201500","201000","200500","200000","199900","199800","199700","199600","199500","10","131","267","170","52","252","15","50","4","66","82","111","224","70","681","90","67","39","17","14","1017","1395","0","0","0","0","0","-206000","5","-100.00","3499","0","10","0","0","","0","0","0","","",""
"080247","0005","0","203000","203500","204000","205000","205500","206000","206500","208000","208500","209000","202000","201500","201000","200500","200000","199900","199800","199700","199600","199500","5","141","267","170","52","252","15","50","4","66","84","111","224","70","681","90","67","39","17","14","1022","1397","0","0","0","0","0","-206000","5","-100.00","3505","5","2","0","0","","0","0","0","","",""
"080248","0000","0","203000","203500","204000","205000","205500","206000","206500","208000","208500","209000","202500","202000","201500","201000","200500","200000","199900","199800","199700","199600","5","141","267","170","52","252","15","50","4","66","1","84","111","224","70","681","90","67","39","17","1022","1384","0","0","0","0","0","-206000","5","-100.00","3505","0","-13","0","0","","0","0","0","","",""
"080248","0001","0","203000","203500","204000","205000","205500","206000","206500","208000","208500","209000","202500","202000","201500","201000","200500","200000","199900","199800","199700","199600","5","148","267","170","52","252","15","50","4","66","1","102","111","224","70","681","90","67","39","17","1029","1402","0","0","0","0","0","-206000","5","-100.00","3505","0","18","0","0","","0","0","0","","",""
"080248","0002","0","203500","204000","205000","205500","206000","206500","208000","208500","209000","209500","202500","202000","201500","201000","200500","200000","199900","199800","199700","199600","134","267","170","52","252","15","50","4","66","13","6","102","111","224","70","681","90","67","39","17","1023","1407","0","0","0","0","0","-206000","5","-100.00","3527","-8","5","0","0","","0","0","0","","",""
"080248","0003","0","203000","203500","204000","205000","205500","206000","206500","208000","208500","209000","202500","202000","201500","201000","200500","200000","199900","199800","199700","199600","13","84","267","170","52","252","15","50","4","66","6","102","111","224","70","681","90","67","39","17","973","1407","0","0","0","0","0","-206000","5","-100.00","3577","-50","0","0","0","","0","0","0","","",""
"080249","0000","0","203000","203500","204000","205000","205500","206000","206500","208000","208500","209000","202000","201500","201000","200500","200000","199900","199800","199700","199600","199500","9","88","267","170","53","252","15","50","4","66","109","111","224","71","682","90","67","39","17","14","974","1424","0","0","0","0","0","-206000","5","-100.00","3590","-4","6","0","0","","0","0","0","","",""
"080249","0001","0","203000","203500","204000","205000","205500","206000","206500","208000","208500","209000","202000","201500","201000","200500","200000","199900","199800","199700","199600","199500","83","88","262","170","53","252","15","50","4","66","121","111","224","71","682","90","67","39","17","14","1043","1436","0","0","0","0","0","-206000","5","-100.00","3590","69","12","0","0","","0","0","0","","",""
"080249","0002","0","203000","203500","204000","205000","205500","206000","206500","208000","208500","209000","202000","201500","201000","200500","200000","199900","199800","199700","199600","199500","83","88","262","170","53","252","15","50","4","74","123","111","228","71","682","90","67","39","17","14","1051","1442","0","0","0","0","0","-206000","5","-100.00","3590","0","2","0","0","","0","0","0","","",""
"080249","0003","0","203000","203500","204000","205000","205500","206000","206500","208000","208500","209000","202000","201500","201000","200500","200000","199900","199800","199700","199600","199500","83","88","262","170","53","252","15","50","4","74","125","112","228","71","682","90","67","39","17","14","1051","1445","0","0","0","0","0","-206000","5","-100.00","3590","0","3","0","0","","0","0","0","","",""
"080249","0004","0","203000","203500","204000","205000","205500","206000","206500","207500","208000","208500","202500","202000","201500","201000","200500","200000","199900","199800","199700","199600","83","89","262","170","53","252","15","1","50","4","6","122","117","228","71","682","90","67","39","17","979","1439","0","0","0","0","0","-206000","5","-100.00","3590","-73","-2","0","0","","0","0","0","","",""
"080250","0000","0","203000","203500","204000","205000","205500","206000","206500","207500","208000","208500","202500","202000","201500","201000","200500","200000","199900","199800","199700","199600","83","89","262","170","53","252","15","1","50","4","1","108","117","228","71","782","90","67","39","17","979","1520","0","0","0","0","0","-206000","5","-100.00","3610","0","-19","0","0","","0","0","0","","",""
"080250","0001","0","203000","203500","204000","205000","205500","206000","206500","207500","208000","208500","202500","202000","201500","201000","200500","200000","199900","199800","199700","199600","83","89","262","170","53","252","15","1","50","4","1","109","117","228","71","782","90","67","39","17","979","1521","0","0","0","0","0","-206000","5","-100.00","3610","0","1","0","0","","0","0","0","","",""
"080250","0002","0","203000","203500","204000","205000","205500","206000","206500","207500","208000","208500","202500","202000","201500","201000","200500","200000","199900","199800","199700","199600","83","89","262","170","53","252","15","1","50","4","1","110","117","228","71","802","90","67","39","17","979","1542","0","0","0","0","0","-206000","5","-100.00","3610","0","1","0","0","","0","0","0","","",""
"080250","0003","0","202500","203000","203500","204000","205000","205500","206000","206500","207500","208000","202000","201500","201000","200500","200000","199900","199800","199700","199600","199500","43","283","89","262","170","53","252","15","1","50","111","117","228","71","807","90","67","39","17","14","1218","1561","0","0","0","0","0","-206000","5","-100.00","3618","239","19","0","0","","0","0","0","","",""
"080251","0000","0","203000","203500","204000","205000","205500","206000","206500","207500","208000","208500","202000","201500","201000","200500","200000","199900","199800","199700","199600","199500","283","89","262","170","53","252","15","1","50","4","91","137","228","71","807","90","67","39","17","14","1179","1561","0","0","0","0","0","-206000","5","-100.00","3660","-39","0","0","0","","0","0","0","","",""
"080251","0001","0","202500","203000","203500","204000","205000","205500","206000","206500","207500","208000","202000","201500","201000","200500","200000","199900","199800","199700","199600","199500","2","297","112","262","170","53","252","15","1","50","92","137","248","121","807","90","67","39","17","14","1214","1632","0","0","0","0","0","-206000","5","-100.00","3660","-2","70","0","0","","0","0","0","","",""
"080251","0002","0","202500","203000","203500","204000","205000","205500","206000","206500","207500","208000","202000","201500","201000","200500","200000","199900","199800","199700","199600","199500","2","300","112","262","170","53","253","15","1","50","132","187","248","121","807","91","67","39","17","14","1218","1723","0","0","0","0","0","-206000","5","-100.00","3661","3","21","0","0","","0","0","0","","",""
"080251","0003","0","202500","203000","203500","204000","205000","205500","206000","206500","207500","208000","202000","201500","201000","200500","200000","199900","199800","199700","199600","199500","2","300","112","262","170","53","253","15","1","50","132","187","248","121","807","92","67","39","17","14","1218","1724","0","0","0","0","0","-206000","5","-100.00","3661","0","1","0","0","","0","0","0","","",""
"080251","0004","0","202500","203000","203500","204000","205000","205500","206000","206500","207500","208000","202000","201500","201000","200500","200000","199900","199800","199700","199600","199500","2","301","112","262","170","53","253","15","1","50","134","187","248","121","808","92","67","39","17","14","1219","1727","0","0","0","0","0","-206000","5","-100.00","3661","1","0","0","0","","0","0","0","","",""
"080252","0000","0","202500","203000","203500","204000","205000","205500","206000","206500","207500","208000","202000","201500","201000","200500","200000","199900","199800","199700","199600","199500","1","302","112","262","170","53","233","15","1","50","134","197","248","122","808","92","67","39","17","14","1199","1738","0","0","0","0","0","-206000","5","-100.00","3662","-1","1","0","0","","0","0","0","","",""
"080252","0001","0","202500","203000","203500","204000","205000","205500","206000","206500","207500","208000","202000","201500","201000","200500","200000","199900","199800","199700","199600","199500","1","302","112","262","170","53","233","15","1","50","135","197","248","122","808","92","67","39","17","14","1199","1739","0","0","0","0","0","-206000","5","-100.00","3662","0","1","0","0","","0","0","0","","",""
"080252","0002","0","202500","203000","203500","204000","205000","205500","206000","206500","207500","208000","202000","201500","201000","200500","200000","199900","199800","199700","199600","199500","1","302","112","262","170","53","233","15","1","50","135","197","248","124","818","92","67","39","17","14","1199","1751","0","0","0","0","0","-206000","5","-100.00","3662","0","12","0","0","","0","0","0","","",""
"080252","0003","0","203000","203500","204000","205000","205500","206000","206500","207500","208000","208500","202500","202000","201500","201000","200500","200000","199900","199800","199700","199600","302","112","262","170","53","233","15","1","70","14","3","135","197","248","126","840","92","67","39","17","1232","1764","0","0","0","0","0","-206000","5","-100.00","3663","30","22","0","0","","0","0","0","","",""
"080252","0004","0","203000","203500","204000","205000","205500","206000","206500","207500","208000","208500","202500","202000","201500","201000","200500","200000","199900","199800","199700","199600","302","112","262","170","53","156","15","1","70","14","3","133","197","248","126","840","92","67","39","17","1155","1762","0","0","0","0","0","-206000","5","-100.00","3663","-77","-2","0","0","","0","0","0","","",""
"080253","0000","0","203000","203500","204000","205000","205500","206000","206500","207500","208000","208500","202500","202000","201500","201000","200500","200000","199900","199800","199700","199600","302","112","262","170","53","156","15","1","70","14","3","133","197","248","126","850","92","67","39","17","1155","1772","0","0","0","0","0","-206000","5","-100.00","3663","0","10","0","0","","0","0","0","","",""
"080253","0001","0","203000","203500","204000","205000","205500","206000","206500","207500","208000","208500","202500","202000","201500","201000","200500","200000","199900","199800","199700","199600","302","112","262","170","53","156","15","1","70","14","3","134","197","248","132","850","92","67","39","17","1155","1779","0","0","0","0","0","-206000","5","-100.00","3663","0","7","0","0","","0","0","0","","",""
"080253","0002","0","203000","203500","204000","205000","205500","206000","206500","207500","208000","208500","202500","202000","201500","201000","200500","200000","199900","199800","199700","199600","302","112","262","170","53","156","15","1","70","14","3","138","197","253","132","853","92","67","39","17","1155","1791","0","0","0","0","0","-206000","5","-100.00","3663","0","7","0","0","","0","0","0","","",""
"080253","0003","0","203000","203500","204000","205000","205500","206000","206500","207500","208000","208500","202500","202000","201500","201000","200500","200000","199900","199800","199700","199600","302","112","262","170","53","156","15","1","70","14","3","138","199","253","132","897","92","67","39","17","1155","1837","0","0","0","0","0","-206000","5","-100.00","3663","0","1","0","0","","0","0","0","","",""
