"time","millisec","HOUR_CLS_CODE","ASKP1","ASKP2","ASKP3","ASKP4","ASKP5","ASKP6","ASKP7","ASKP8","ASKP9","ASKP10","BIDP1","BIDP2","BIDP3","BIDP4","BIDP5","BIDP6","BIDP7","BIDP8","BIDP9","BIDP10","ASKP_RSQN1","ASKP_RSQN2","ASKP_RSQN3","ASKP_RSQN4","ASKP_RSQN5","ASKP_RSQN6","ASKP_RSQN7","ASKP_RSQN8","ASKP_RSQN9","ASKP_RSQN10","BIDP_RSQN1","BIDP_RSQN2","BIDP_RSQN3","BIDP_RSQN4","BIDP_RSQN5","BIDP_RSQN6","BIDP_RSQN7","BIDP_RSQN8","BIDP_RSQN9","BIDP_RSQN10","TOTAL_ASKP_RSQN","TOTAL_BIDP_RSQN","OVTM_TOTAL_ASKP_RSQN","OVTM_TOTAL_BIDP_RSQN","ANTC_CNPR","ANTC_CNQN","ANTC_VOL","ANTC_CNTG_VRSS","ANTC_CNTG_VRSS_SIGN","ANTC_CNTG_PRDY_CTRT","ACML_VOL","TOTAL_ASKP_RSQN_ICDC","TOTAL_BIDP_RSQN_ICDC","OVTM_TOTAL_ASKP_ICDC","OVTM_TOTAL_BIDP_ICDC","STCK_DEAL_CLS_CODE","KMID_PRC","KMID_TOTAL_RSQN","KMID_CLS_CODE","NMID_PRC","NMID_TOTAL_RSQN","NMID_CLS_CODE"
"080000","0000","0","383500","384500","389000","390000","392500","393000","394000","397500","399000","403000","379000","340500","340000","330500","0","0","0","0","0","0","10","10","8","1","10","25","10","10","1","4","2","1","10","1","0","0","0","0","0","0","89","14","0","0","0","0","0","-379000","5","-100.00","0","0","0","0","0","","0","0","0","","",""
"080000","0001","0","380500","383000","383500","384000","384500","386000","387000","388000","389000","390000","380000","377000","376000","375000","370000","365000","360000","340500","340000","330500","8","1","10","1","10","22","2","33","208","1","22","10","2","5","5","5","10","1","10","1","296","71","0","0","0","0","0","-379000","5","-100.00","10","207","57","0","0","","0","0","0","","",""
"080001","0000","0","380500","383000","383500","384000","384500","385000","385500","386000","386500","387000","380000","379000","377000","376000","375000","374500","372500","370500","370000","367500","8","1","10","2","11","1","1","23","1","4","22","1","10","2","20","1","20","5","76","20","62","177","0","0","0","0","0","-379000","5","-100.00","10","-234","106","0","0","","0","0","0","","",""
"080001","0001","0","373000","379000","379500","380000","380500","383000","383500","384000","384500","385000","372500","371500","370500","370000","367500","366500","365500","365000","360000","342000","39","1","91","132","8","1","11","8","94","2","20","2","5","76","20","150","20","5","10","5","387","313","0","0","0","0","0","-379000","5","-100.00","447","325","136","0","0","","0","0","0","","",""
"080002","0000","0","379000","379500","380000","380500","382000","383000","383500","384000","384500","385000","378000","374500","374000","372500","371500","370500","370000","367500","366500","365500","1","91","132","8","5","1","11","8","94","2","10","12","91","23","2","6","126","20","150","20","353","460","0","0","0","0","0","-379000","5","-100.00","486","-34","147","0","0","","0","0","0","","",""
"080002","0001","0","379000","379500","380000","380500","381500","382000","383000","383500","384000","384500","378000","375000","374500","374000","373000","372500","371500","370500","370000","367500","1","91","132","8","50","5","1","11","8","95","10","20","12","91","1","23","2","6","176","20","402","361","0","0","0","0","0","-379000","5","-100.00","486","49","-99","0","0","","0","0","0","","",""
"080003","0000","0","379000","379500","380000","380500","381500","382000","383000","383500","384000","384500","378000","375000","374500","374000","373000","372500","371500","370500","370000","367500","1","91","132","8","50","5","1","11","8","95","10","22","12","91","1","23","2","6","176","20","402","363","0","0","0","0","0","-379000","5","-100.00","486","0","2","0","0","","0","0","0","","",""
"080003","0001","0","379500","380000","380500","381500","382000","383000","383500","384000","384500","385000","379000","378000","375000","374500","374000","373000","372500","371500","370500","370000","91","132","8","50","5","1","11","8","95","2","40","10","22","12","91","1","23","2","6","176","403","383","0","0","0","0","0","-379000","5","-100.00","487","1","20","0","0","","0","0","0","","",""
"080003","0002","0","379500","380000","380500","381500","382000","383000","383500","384000","384500","385000","379000","378000","375000","374500","374000","373000","372500","371500","370500","370000","90","132","8","50","5","1","11","8","95","2","40","10","22","12","91","1","23","2","6","176","402","383","0","0","0","0","0","-379000","5","-100.00","488","-1","0","0","0","","0","0","0","","",""
"080004","0000","0","379500","380000","380500","381500","382000","383000","383500","384000","384500","385000","379000","378000","375000","374500","374000","373000","372500","371500","370500","370000","90","132","8","50","5","1","11","8","95","2","40","10","22","12","94","1","23","2","11","176","402","391","0","0","0","0","0","-379000","5","-100.00","488","0","8","0","0","","0","0","0","","",""
"080004","0001","0","379500","380000","380500","381500","382000","383000","383500","384000","384500","385000","379000","378000","375000","374500","374000","373000","372500","371500","370500","370000","90","132","8","50","5","1","11","8","95","2","40","15","22","12","94","1","23","2","11","176","402","396","0","0","0","0","0","-379000","5","-100.00","488","0","5","0","0","","0","0","0","","",""
"080004","0002","0","379500","380000","380500","381500","382000","383000","383500","384000","384500","385000","379000","378000","375000","374500","374000","373500","373000","372500","371500","370500","50","132","8","50","5","1","11","8","95","2","40","15","22","12","94","3","1","26","5","14","362","232","0","0","0","0","0","-379000","5","-100.00","528","-40","-164","0","0","","0","0","0","","",""
"080005","0000","0","379500","380000","380500","381500","382000","383000","383500","384000","384500","385000","379000","378000","375000","374500","374000","373500","373000","372500","372000","371500","47","132","8","50","5","1","11","8","95","2","40","15","22","12","94","3","29","26","20","5","359","266","0","0","0","0","0","-379000","5","-100.00","531","-3","34","0","0","","0","0","0","","",""
"080005","0001","0","379500","380000","380500","381500","382000","383000","383500","384000","384500","385000","379000","378000","375000","374500","374000","373500","373000","372500","372000","371500","47","132","8","50","5","1","11","8","95","2","1","15","22","12","94","3","29","26","20","5","359","227","0","0","0","0","0","-379000","5","-100.00","570","0","-39","0","0","","0","0","0","","",""
"080005","0002","0","379500","380000","380500","381500","382000","383000","383500","384000","384500","385000","379000","378000","375000","374500","374000","373500","373000","372500","372000","371500","47","132","8","50","5","1","11","8","95","2","1","15","22","13","94","3","32","26","20","5","359","231","0","0","0","0","0","-379000","5","-100.00","570","0","4","0","0","","0","0","0","","",""
"080006","0000","0","379500","380000","380500","381500","382000","383000","383500","384000","384500","385000","379000","378000","377500","375000","374500","374000","373500","373000","372500","372000","47","132","8","50","5","1","11","8","95","2","16","15","20","22","13","94","3","32","26","20","359","261","0","0","0","0","0","-379000","5","-100.00","570","0","30","0","0","","0","0","0","","",""
"080006","0001","0","379500","380000","380500","381500","382000","383000","383500","384000","384500","385000","379000","378000","377500","377000","375500","375000","374500","374000","373500","373000","47","132","8","50","5","1","11","8","95","2","16","15","20","1","1","23","13","94","3","32","359","218","0","0","0","0","0","-379000","5","-100.00","570","0","-25","0","0","","0","0","0","","",""
"080007","0000","0","379000","379500","380000","380500","381500","382000","383000","383500","384000","384500","378000","377500","377000","375500","375000","374500","374000","373500","373000","372500","34","47","132","8","50","5","1","11","8","95","1","20","1","1","23","13","94","3","32","29","391","217","0","0","0","0","0","-379000","5","-100.00","601","-1","0","0","0","","0","0","0","","",""
"080007","0001","0","379000","379500","380000","380500","381500","382000","383000","383500","384000","384500","378000","377500","377000","375500","375000","374500","374000","373500","373000","372500","34","47","132","8","50","5","1","11","8","95","1","20","1","1","23","13","94","3","40","29","391","225","0","0","0","0","0","-379000","5","-100.00","601","0","8","0","0","","0","0","0","","",""
"080007","0002","0","379000","379500","380000","380500","381500","382000","383000","383500","384000","384500","378000","377500","377000","375500","375000","374500","374000","373500","373000","372500","24","47","132","8","50","5","1","11","8","98","1","20","2","1","24","13","94","3","40","29","384","227","0","0","0","0","0","-379000","5","-100.00","611","-7","2","0","0","","0","0","0","","",""
"080007","0003","0","379000","379500","380000","380500","381500","382000","383000","383500","384000","384500","378000","377500","377000","375500","375000","374500","374000","373500","373000","372500","26","47","132","8","50","5","1","11","8","98","1","20","2","1","24","14","94","3","40","29","386","228","0","0","0","0","0","-379000","5","-100.00","611","0","1","0","0","","0","0","0","","",""
"080007","0004","0","379000","379500","380000","380500","381500","382000","383000","383500","384000","384500","378000","377500","377000","376500","375500","375000","374500","374000","373500","373000","26","47","132","8","50","5","1","11","8","98","1","21","2","1","2","24","24","94","3","40","386","212","0","0","0","0","0","-379000","5","-100.00","611","0","-16","0","0","","0","0","0","","",""
"080007","0005","0","379000","379500","380000","380500","381500","382000","383000","383500","384000","384500","378000","377500","377000","376500","375500","375000","374500","374000","373500","373000","26","47","132","8","50","5","1","11","8","98","1","21","2","1","2","24","25","94","4","40","386","214","0","0","0","0","0","-379000","5","-100.00","611","0","2","0","0","","0","0","0","","",""
"080008","0000","0","379000","379500","380000","380500","381500","382000","383000","383500","384000","384500","378000","377500","377000","376500","375500","375000","374500","374000","373500","373000","26","47","132","8","50","5","1","11","8","98","1","21","2","1","2","26","25","94","4","40","386","216","0","0","0","0","0","-379000","5","-100.00","611","0","2","0","0","","0","0","0","","",""
"080008","0001","0","379500","380000","380500","381500","382000","383000","383500","384000","384500","385000","378000","377500","377000","376500","375500","375000","374500","374000","373500","373000","16","132","8","50","5","1","11","8","98","2","1","21","2","1","2","26","25","94","4","41","331","217","0","0","0","0","0","-379000","5","-100.00","668","-55","1","0","0","","0","0","0","","",""
"080009","0000","0","379500","380000","380500","381500","382000","383000","383500","384000","384500","385000","379000","378000","377500","377000","376500","375500","375000","374500","374000","373500","15","132","8","50","5","1","11","8","98","2","11","3","21","2","1","2","26","25","94","4","330","189","0","0","0","0","0","-379000","5","-100.00","1208","-1","-28","0","0","","0","0","0","","",""
"080009","0001","0","379500","380000","380500","381500","382000","383000","383500","384000","384500","385000","379000","378000","377500","377000","376500","375500","375000","374500","374000","373500","15","132","8","50","5","1","11","8","98","2","11","3","21","12","1","2","26","25","94","4","330","199","0","0","0","0","0","-379000","5","-100.00","1208","0","10","0","0","","0","0","0","","",""
"080009","0002","0","379500","380000","380500","381500","382000","383000","383500","384000","384500","385000","379000","378000","377500","377000","376500","375500","375000","374500","374000","373500","15","132","8","50","5","1","11","8","98","2","11","3","21","22","1","2","26","25","94","4","330","209","0","0","0","0","0","-379000","5","-100.00","1208","0","10","0","0","","0","0","0","","",""
"080009","0003","0","379500","380000","380500","381500","382000","383000","383500","384000","384500","385000","379000","378000","377500","377000","376500","375500","375000","374500","374000","373500","14","132","8","50","5","1","11","8","98","2","12","3","21","22","1","3","26","25","94","4","329","211","0","0","0","0","0","-379000","5","-100.00","1209","0","2","0","0","","0","0","0","","",""
"080009","0004","0","379500","380000","380500","381500","382000","383000","383500","384000","384500","385000","379000","378000","377500","377000","376500","375500","375000","374500","374000","373500","14","132","8","50","5","1","11","8","98","2","12","103","21","22","1","3","26","25","94","4","329","311","0","0","0","0","0","-379000","5","-100.00","1209","0","100","0","0","","0","0","0","","",""
"080010","0000","0","379500","380000","380500","381500","382000","383000","383500","384000","384500","385000","379000","378000","377500","377000","376500","375500","375000","374500","374000","373500","13","132","8","50","5","1","11","8","98","2","12","103","21","22","1","3","26","25","94","4","328","311","0","0","0","0","0","-379000","5","-100.00","1210","-1","0","0","0","","0","0","0","","",""
"080010","0001","0","380000","380500","381500","382000","383000","383500","384000","384500","385000","385500","379000","378000","377500","377000","376500","375500","375000","374500","374000","373500","93","8","50","5","1","11","108","98","2","2","12","103","21","22","1","3","26","25","94","4","378","311","0","0","0","0","0","-379000","5","-100.00","1262","50","0","0","0","","0","0","0","","",""
"080010","0002","0","380000","380500","381500","382000","383000","383500","384000","384500","385000","385500","379000","378000","377500","377000","376500","375500","375000","374500","374000","373500","93","8","50","5","1","12","108","98","2","2","12","103","21","22","1","3","26","25","94","4","379","311","0","0","0","0","0","-379000","5","-100.00","1262","1","0","0","0","","0","0","0","","",""
"080011","0000","0","380000","380500","381500","382000","383000","383500","384000","384500","385000","385500","379000","378000","377500","377000","376500","375500","375000","374500","374000","373500","93","8","50","5","1","12","108","98","2","2","33","103","21","22","1","3","26","25","94","4","379","332","0","0","0","0","0","-379000","5","-100.00","1262","0","21","0","0","","0","0","0","","",""
"080011","0001","0","380000","380500","381500","382000","383000","383500","384000","384500","385000","385500","379000","378000","377500","377000","376500","375500","375000","374500","374000","373500","93","8","50","5","2","12","108","98","2","2","33","103","21","22","1","3","26","25","94","4","380","332","0","0","0","0","0","-379000","5","-100.00","1262","1","0","0","0","","0","0","0","","",""
"080011","0002","0","380000","380500","381500","382000","383000","383500","384000","384500","385000","385500","379000","378000","377500","377000","376500","375500","375000","374500","374000","373500","93","8","50","5","2","12","108","98","2","2","38","103","21","22","1","3","27","25","94","9","380","343","0","0","0","0","0","-379000","5","-100.00","1262","0","5","0","0","","0","0","0","","",""
"080012","0000","0","380000","380500","381500","382000","383000","383500","384000","384500","385000","385500","379000","378000","377500","377000","376500","375500","375000","374500","374000","373500","92","8","50","5","2","12","108","98","2","2","169","103","21","22","1","3","27","25","94","9","379","474","0","0","0","0","0","-379000","5","-100.00","1263","0","1","0","0","","0","0","0","","",""
"080012","0001","0","380000","380500","381500","382000","383000","383500","384000","384500","385000","385500","379000","378000","377500","377000","376500","375500","375000","374500","374000","373500","92","8","50","5","2","12","108","98","2","2","169","103","21","22","21","3","27","25","94","9","379","494","0","0","0","0","0","-379000","5","-100.00","1263","0","20","0","0","","0","0","0","","",""
"080012","0002","0","380000","380500","381500","382000","383000","383500","384000","384500","385000","385500","379000","378000","377500","377000","376500","375500","375000","374500","374000","373500","92","8","50","5","2","12","108","98","2","2","171","103","21","22","21","3","27","25","94","9","379","496","0","0","0","0","0","-379000","5","-100.00","1263","0","2","0","0","","0","0","0","","",""
"080012","0003","0","380000","380500","381500","382000","383000","383500","384000","384500","385000","385500","379000","378000","377500","377000","376500","375500","375000","374500","374000","373500","92","8","50","5","2","12","108","98","2","2","171","108","21","22","21","3","27","25","94","9","379","501","0","0","0","0","0","-379000","5","-100.00","1263","0","5","0","0","","0","0","0","","",""
"080012","0004","0","380000","380500","381500","382000","383000","383500","384000","384500","385000","385500","379000","378000","377500","377000","376500","375500","375000","374500","374000","373500","91","8","50","5","2","12","108","98","2","2","196","108","21","22","21","3","27","25","94","9","378","526","0","0","0","0","0","-379000","5","-100.00","1264","-1","10","0","0","","0","0","0","","",""
"080013","0000","0","380000","380500","381500","382000","383000","383500","384000","384500","385000","385500","379000","378000","377500","377000","376500","375500","375000","374500","374000","373500","91","8","50","5","2","12","108","98","2","22","196","118","21","22","21","3","27","25","94","9","398","536","0","0","0","0","0","-379000","5","-100.00","1264","20","0","0","0","","0","0","0","","",""
"080013","0001","0","380000","380500","381500","382000","383000","383500","384000","384500","385000","385500","379000","378000","377500","377000","376500","375500","375000","374500","374000","373500","91","8","50","5","2","12","108","98","5","22","196","118","21","22","21","48","27","25","94","9","401","581","0","0","0","0","0","-379000","5","-100.00","1264","3","45","0","0","","0","0","0","","",""
"080013","0002","0","380000","380500","381500","382000","383000","383500","384000","384500","385000","385500","379000","378000","377500","377000","376500","375500","375000","374500","374000","373500","91","8","50","5","2","12","108","98","5","22","218","118","21","22","21","48","27","25","94","9","401","603","0","0","0","0","0","-379000","5","-100.00","1264","0","20","0","0","","0","0","0","","",""
"080013","0003","0","380000","380500","381500","382000","383000","383500","384000","384500","385000","385500","379000","378000","377500","377000","376500","375500","375000","374500","374000","373500","91","8","50","5","2","12","108","98","5","22","218","118","21","22","21","63","27","25","94","9","401","618","0","0","0","0","0","-379000","5","-100.00","1264","0","15","0","0","","0","0","0","","",""
"080014","0000","0","380000","380500","381500","382000","383000","383500","384000","384500","385000","385500","379500","379000","378000","377500","377000","376500","375500","375000","374500","374000","91","8","50","5","2","12","108","98","5","22","1","218","118","21","22","21","63","27","25","94","401","610","0","0","0","0","0","-379000","5","-100.00","1264","0","-8","0","0","","0","0","0","","",""
"080014","0001","0","381500","382000","383000","383500","384000","384500","385000","385500","386000","386500","380000","379500","379000","378000","377500","377000","376500","376000","375500","375000","50","5","2","12","108","98","5","22","44","3","1","1","218","120","21","22","21","10","63","27","349","504","0","0","0","0","0","-379000","5","-100.00","1363","0","-14","0","0","","0","0","0","","",""
"080014","0002","0","381500","382000","383000","383500","384000","384500","385000","385500","386000","386500","380000","379500","379000","378000","377500","377000","376500","376000","375500","375000","50","5","2","12","108","98","5","22","44","3","1","1","218","120","21","22","21","10","63","27","349","504","0","0","0","0","0","-379000","5","-100.00","1363","0","0","0","0","","0","0","0","","",""
"080014","0003","0","381500","382000","383000","383500","384000","384500","385000","385500","386000","386500","380000","379500","379000","378000","377500","377000","376500","376000","375500","375000","49","5","2","12","108","98","5","22","44","3","1","1","218","120","21","22","21","10","63","27","348","504","0","0","0","0","0","-379000","5","-100.00","1364","-1","0","0","0","","0","0","0","","",""
"080014","0004","0","381500","382000","383000","383500","384000","384500","385000","385500","386000","386500","380000","379500","379000","378000","377500","377000","376500","376000","375500","375000","49","5","2","12","108","98","5","22","44","3","10","2","218","120","21","22","21","10","63","27","348","514","0","0","0","0","0","-379000","5","-100.00","1585","0","10","0","0","","0","0","0","","",""
"080015","0000","0","381500","382000","383000","383500","384000","384500","385000","385500","386000","386500","380000","379500","379000","378000","377500","377000","376500","376000","375500","375000","49","5","2","12","108","98","5","22","44","3","9","2","218","120","21","22","21","10","63","28","348","514","0","0","0","0","0","-379000","5","-100.00","1586","0","0","0","0","","0","0","0","","",""
"080015","0001","0","381500","382000","383000","383500","384000","384500","385000","385500","386000","386500","380000","379500","379000","378000","377500","377000","376500","376000","375500","375000","48","5","2","12","108","98","5","22","44","3","9","2","219","120","21","22","21","20","63","28","347","525","0","0","0","0","0","-379000","5","-100.00","1587","-1","1","0","0","","0","0","0","","",""
"080015","0002","0","381500","382000","383000","383500","384000","384500","385000","385500","386000","386500","380000","379500","379000","378000","377500","377000","376500","376000","375500","375000","48","5","2","12","108","98","5","22","44","3","9","17","219","120","21","22","21","20","63","28","347","540","0","0","0","0","0","-379000","5","-100.00","1587","0","15","0","0","","0","0","0","","",""
"080015","0003","0","381500","382000","383000","383500","384000","384500","385000","385500","386000","386500","380000","379500","379000","378000","377500","377000","376500","376000","375500","375000","48","5","5","12","108","98","5","22","44","3","9","17","219","120","21","22","21","20","63","28","350","540","0","0","0","0","0","-379000","5","-100.00","1587","3","0","0","0","","0","0","0","","",""
"080016","0000","0","381500","382000","383000","383500","384000","384500","385000","385500","386000","386500","380000","379500","379000","378000","377500","377000","376500","376000","375500","375000","48","5","5","12","108","98","5","22","44","3","7","17","219","120","21","22","21","20","63","28","350","538","0","0","0","0","0","-379000","5","-100.00","1589","0","-2","0","0","","0","0","0","","",""
"080016","0001","0","381500","382000","383000","383500","384000","384500","385000","385500","386000","386500","380000","379500","379000","378000","377500","377000","376500","376000","375500","375000","47","5","5","12","108","98","5","22","44","3","8","17","219","120","21","22","21","20","63","28","349","539","0","0","0","0","0","-379000","5","-100.00","1590","-1","1","0","0","","0","0","0","","",""
"080016","0002","0","379500","381500","382000","383000","383500","384000","384500","385000","385500","386000","379000","378000","377500","377000","376500","376000","375500","375000","374500","374000","49","47","5","5","12","108","98","5","22","44","219","120","21","22","21","20","63","28","17","200","395","731","0","0","0","0","0","-379000","5","-100.00","1615","46","192","0","0","","0","0","0","","",""
"080017","0000","0","379500","381500","382000","383000","383500","384000","384500","385000","385500","386000","379000","378000","377500","377000","376500","376000","375500","375000","374500","374000","49","48","5","5","12","108","98","5","22","44","219","120","21","22","21","20","63","28","17","200","396","731","0","0","0","0","0","-379000","5","-100.00","1615","1","0","0","0","","0","0","0","","",""
"080017","0001","0","379500","381500","382000","383000","383500","384000","384500","385000","385500","386000","379000","378000","377500","377000","376500","376000","375500","375000","374500","374000","48","48","5","5","12","108","118","5","22","44","220","120","21","22","21","20","63","28","17","200","415","732","0","0","0","0","0","-379000","5","-100.00","1616","19","1","0","0","","0","0","0","","",""
"080017","0002","0","379500","381500","382000","383000","383500","384000","384500","385000","385500","386000","379000","378000","377500","377000","376500","376000","375500","375000","374500","374000","48","48","5","5","12","108","118","5","22","44","221","120","21","22","21","20","63","28","17","200","415","733","0","0","0","0","0","-379000","5","-100.00","1616","0","1","0","0","","0","0","0","","",""
"080017","0003","0","379500","381500","382000","383000","383500","384000","384500","385000","385500","386000","379000","378000","377500","377000","376500","376000","375500","375000","374500","374000","58","48","5","5","12","108","118","5","22","44","221","120","21","22","21","20","63","28","17","200","425","733","0","0","0","0","0","-379000","5","-100.00","1616","10","0","0","0","","0","0","0","","",""
"080018","0000","0","379500","381500","382000","383000","383500","384000","384500","385000","385500","386000","379000","378000","377500","377000","376500","376000","375500","375000","374500","374000","53","48","5","5","12","108","118","5","22","44","221","115","21","22","21","20","83","28","17","200","420","748","0","0","0","0","0","-379000","5","-100.00","1621","-5","15","0","0","","0","0","0","","",""
"080018","0001","0","379500","381500","382000","383000","383500","384000","384500","385000","385500","386000","379000","378000","377500","377000","376500","376000","375500","375000","374500","374000","53","48","5","5","12","108","118","5","22","44","222","115","21","22","21","20","83","28","17","200","420","749","0","0","0","0","0","-379000","5","-100.00","1621","0","1","0","0","","0","0","0","","",""
"080019","0000","0","379500","381500","382000","383000","383500","384000","384500","385000","385500","386000","379000","378000","377500","377000","376500","376000","375500","375000","374500","374000","53","48","5","5","12","108","118","5","22","44","222","115","21","22","128","20","83","28","17","200","420","856","0","0","0","0","0","-379000","5","-100.00","1641","0","20","0","0","","0","0","0","","",""
"080019","0001","0","381500","382000","383000","383500","384000","384500","385000","385500","386000","386500","379500","379000","378000","377500","377000","376500","376000","375500","375000","374500","48","5","5","12","108","118","5","22","44","3","20","222","115","21","22","128","20","83","28","17","370","676","0","0","0","0","0","-379000","5","-100.00","1694","-50","-180","0","0","","0","0","0","","",""
"080020","0000","0","381500","382000","383000","383500","384000","384500","385000","385500","386000","386500","379500","379000","378000","377500","377000","376500","376000","375500","375000","374500","48","5","5","32","108","118","5","22","44","3","20","222","115","21","22","128","20","83","28","17","390","676","0","0","0","0","0","-379000","5","-100.00","1694","20","0","0","0","","0","0","0","","",""
"080020","0001","0","381500","382000","383000","383500","384000","384500","385000","385500","386000","386500","379500","379000","378000","377500","377000","376500","376000","375500","375000","374500","48","5","5","32","108","118","5","22","44","3","20","272","115","21","22","128","20","83","28","17","390","726","0","0","0","0","0","-379000","5","-100.00","1694","0","50","0","0","","0","0","0","","",""
"080020","0002","0","381500","382000","383000","383500","384000","384500","385000","385500","386000","386500","379500","379000","378000","377500","377000","376500","376000","375500","375000","374500","98","5","5","32","108","118","5","22","44","3","20","274","113","21","22","128","20","83","28","17","440","726","0","0","0","0","0","-379000","5","-100.00","1694","0","0","0","0","","0","0","0","","",""
"080020","0003","0","381500","382000","383000","383500","384000","384500","385000","385500","386000","386500","379500","379000","378000","377500","377000","376500","376000","375500","375000","374500","98","5","5","32","108","118","5","22","44","3","21","274","113","21","22","128","20","83","28","17","440","727","0","0","0","0","0","-379000","5","-100.00","1694","0","1","0","0","","0","0","0","","",""
"080021","0000","0","381500","382000","383000","383500","384000","384500","385000","385500","386000","386500","379500","379000","378500","378000","377500","377000","376500","376000","375500","375000","98","5","5","32","108","118","6","22","57","3","23","274","1","113","21","22","128","20","83","50","454","735","0","0","0","0","0","-379000","5","-100.00","1694","13","-16","0","0","","0","0","0","","",""
"080021","0001","0","381500","382000","383000","383500","384000","384500","385000","385500","386000","386500","379500","379000","378500","378000","377500","377000","376500","376000","375500","375000","98","5","5","32","108","118","6","22","57","3","23","274","1","113","21","22","128","20","83","60","454","745","0","0","0","0","0","-379000","5","-100.00","1694","0","10","0","0","","0","0","0","","",""
"080021","0002","0","381000","381500","382000","383000","383500","384000","384500","385000","385500","386000","379500","379000","378500","378000","377500","377000","376500","376000","375500","375000","1","96","5","5","32","108","118","16","22","57","13","274","1","113","21","22","128","20","83","60","460","735","0","0","0","0","0","-379000","5","-100.00","1706","-4","-10","0","0","","0","0","0","","",""
"080021","0003","0","381000","381500","382000","383000","383500","384000","384500","385000","385500","386000","379500","379000","378500","378000","377500","377000","376500","376000","375500","375000","1","96","5","5","32","108","36","16","22","57","13","274","1","113","21","22","128","20","83","60","378","735","0","0","0","0","0","-379000","5","-100.00","1706","-82","0","0","0","","0","0","0","","",""
"080022","0000","0","381000","381500","382000","383000","383500","384000","384500","385000","385500","386000","379500","379000","378500","378000","377500","377000","376500","376000","375500","375000","11","96","5","5","32","108","36","16","22","57","14","274","1","113","21","22","128","20","83","60","388","736","0","0","0","0","0","-379000","5","-100.00","1719","10","1","0","0","","0","0","0","","",""
"080022","0001","0","381000","381500","382000","383000","383500","384000","384500","385000","385500","386000","379500","379000","378500","378000","377500","377000","376500","376000","375500","375000","11","96","5","5","32","108","36","16","22","57","19","274","1","133","21","22","128","20","83","60","388","761","0","0","0","0","0","-379000","5","-100.00","1719","0","20","0","0","","0","0","0","","",""
"080022","0002","0","381000","381500","382000","383000","383500","384000","384500","385000","385500","386000","379500","379000","378500","378000","377500","377000","376500","376000","375500","375000","11","96","5","5","32","108","36","16","22","57","19","274","1","134","21","22","128","20","83","62","388","764","0","0","0","0","0","-379000","5","-100.00","1719","0","2","0","0","","0","0","0","","",""
"080023","0000","0","379500","381000","381500","382000","383000","383500","384000","384500","385000","385500","379000","378500","378000","377500","377000","376500","376000","375500","375000","374500","1","11","96","5","5","32","108","36","16","22","274","1","134","31","22","128","20","83","62","17","332","772","0","0","0","0","0","-379000","5","-100.00","1738","-56","8","0","0","","0","0","0","","",""
"080023","0001","0","381000","381500","382000","383000","383500","384000","384500","385000","385500","386000","379000","378500","378000","377500","377000","376500","376000","375500","375000","374500","11","96","5","5","32","108","36","16","22","57","275","1","134","31","22","129","20","83","65","17","388","777","0","0","0","0","0","-379000","5","-100.00","1739","56","5","0","0","","0","0","0","","",""
"080023","0002","0","381500","382000","383000","383500","384000","384500","385000","385500","386000","386500","380000","379000","378500","378000","377500","377000","376500","376000","375500","375000","96","5","5","32","108","36","16","22","57","3","1","275","1","134","31","22","129","20","83","65","380","761","0","0","0","0","0","-379000","5","-100.00","1748","-8","-16","0","0","","0","0","0","","",""
"080023","0003","0","381500","382000","383000","383500","384000","384500","385000","385500","386000","386500","380000","379000","378500","378000","377500","377000","376500","376000","375500","375000","96","5","5","32","108","36","16","22","57","3","1","275","1","134","31","33","129","20","83","65","380","772","0","0","0","0","0","-379000","5","-100.00","1748","0","11","0","0","","0","0","0","","",""
"080024","0000","0","380000","381500","382000","383000","383500","384000","384500","385000","385500","386000","379500","379000","378500","378000","377500","377000","376500","376000","375500","375000","3","96","5","5","32","108","36","16","22","57","1","275","1","139","31","33","129","20","83","65","380","777","0","0","0","0","0","-379000","5","-100.00","1749","0","5","0","0","","0","0","0","","",""
"080024","0001","0","381500","382000","383000","383500","384000","384500","385000","385500","386000","386500","379500","379000","378500","378000","377500","377000","376500","376000","375500","375000","94","5","5","32","108","36","16","22","57","3","11","276","1","139","31","33","129","20","83","65","378","788","0","0","0","0","0","-379000","5","-100.00","1754","0","10","0","0","","0","0","0","","",""
"080024","0002","0","381500","382000","383000","383500","384000","384500","385000","385500","386000","386500","379500","379000","378500","378000","377500","377000","376500","376000","375500","375000","93","5","5","32","108","36","16","22","57","3","11","276","1","139","31","33","129","20","83","65","377","788","0","0","0","0","0","-379000","5","-100.00","1755","-1","0","0","0","","0","0","0","","",""
"080024","0003","0","381500","382000","383000","383500","384000","384500","385000","385500","386000","386500","379500","379000","378500","378000","377500","377000","376500","376000","375500","375000","93","5","5","32","108","36","42","22","57","3","11","276","1","139","31","33","129","20","83","65","403","788","0","0","0","0","0","-379000","5","-100.00","1755","26","0","0","0","","0","0","0","","",""
"080025","0000","0","381500","382000","383000","383500","384000","384500","385000","385500","386000","386500","379500","379000","378500","378000","377500","377000","376500","376000","375500","375000","93","5","5","32","108","36","42","22","57","3","12","276","1","139","31","33","129","20","83","65","403","789","0","0","0","0","0","-379000","5","-100.00","1755","0","1","0","0","","0","0","0","","",""
"080025","0001","0","381500","382000","383000","383500","384000","384500","385000","385500","386000","386500","379500","379000","378500","378000","377500","377000","376500","376000","375500","375000","93","5","5","32","108","36","42","22","57","3","13","276","1","139","31","33","129","20","83","65","403","790","0","0","0","0","0","-379000","5","-100.00","1755","0","1","0","0","","0","0","0","","",""
"080025","0002","0","381500","382000","383000","383500","384000","384500","385000","385500","386000","386500","379500","379000","378500","378000","377500","377000","376500","376000","375500","375000","93","5","5","32","108","36","42","22","57","3","14","278","1","139","31","33","129","20","83","65","403","793","0","0","0","0","0","-379000","5","-100.00","1755","0","3","0","0","","0","0","0","","",""
"080025","0003","0","380500","381500","382000","383000","383500","384000","384500","385000","385500","386000","379500","379000","378500","378000","377500","377000","376500","376000","375500","375000","1","93","5","5","32","108","36","42","22","57","14","279","1","139","31","33","129","20","83","65","401","794","0","0","0","0","0","-379000","5","-100.00","1758","-2","1","0","0","","0","0","0","","",""
"080025","0004","0","380500","381500","382000","383000","383500","384000","384500","385000","385500","386000","379500","379000","378500","378000","377500","377000","376500","376000","375500","375000","1","93","5","5","32","108","36","42","22","57","14","279","1","139","32","33","129","21","83","66","401","797","0","0","0","0","0","-379000","5","-100.00","1758","0","3","0","0","","0","0","0","","",""
"080026","0000","0","380500","381500","382000","383000","383500","384000","384500","385000","385500","386000","379500","379000","378500","378000","377500","377000","376500","376000","375500","375000","1","93","5","5","32","108","36","42","22","57","14","279","1","139","32","33","129","21","84","66","401","798","0","0","0","0","0","-379000","5","-100.00","1758","0","1","0","0","","0","0","0","","",""
"080026","0001","0","380500","381500","382000","383000","383500","384000","384500","385000","385500","386000","379500","379000","378500","378000","377500","377000","376500","376000","375500","375000","1","92","5","5","32","108","36","42","22","57","15","279","1","139","32","33","129","21","84","66","400","799","0","0","0","0","0","-379000","5","-100.00","1758","0","1","0","0","","0","0","0","","",""
"080026","0002","0","380500","381500","382000","383000","383500","384000","384500","385000","385500","386000","379500","379000","378500","378000","377500","377000","376500","376000","375500","375000","1","92","5","5","32","108","36","42","22","62","5","279","1","139","32","33","129","26","84","66","405","794","0","0","0","0","0","-379000","5","-100.00","1768","0","5","0","0","","0","0","0","","",""
"080026","0003","0","380500","381500","382000","383000","383500","384000","384500","385000","385500","386000","379500","379000","378500","378000","377500","377000","376500","376000","375500","375000","1","92","5","5","32","108","36","42","22","62","5","279","1","139","32","33","129","26","84","66","405","794","0","0","0","0","0","-379000","5","-100.00","1768","0","0","0","0","","0","0","0","","",""
"080027","0000","0","379500","380500","381500","382000","383000","383500","384000","384500","385000","385500","379000","378500","378000","377500","377000","376500","376000","375500","375000","374500","13","1","95","5","5","32","108","36","42","2","279","1","143","32","33","129","31","84","67","38","339","837","0","0","0","0","0","-379000","5","-100.00","1776","-20","6","0","0","","0","0","0","","",""
"080027","0001","0","379500","380500","381500","382000","383000","383500","384000","384500","385000","385500","379000","378500","378000","377500","377000","376500","376000","375500","375000","374500","12","1","95","5","5","37","108","36","42","2","279","1","143","32","33","129","31","84","67","38","343","837","0","0","0","0","0","-379000","5","-100.00","1777","4","0","0","0","","0","0","0","","",""
"080027","0002","0","379500","380500","381500","382000","383000","383500","384000","384500","385000","385500","379000","378500","378000","377500","377000","376500","376000","375500","375000","374500","12","3","95","5","5","37","108","36","42","2","279","1","143","32","33","129","31","84","67","38","345","837","0","0","0","0","0","-379000","5","-100.00","1777","2","0","0","0","","0","0","0","","",""
"080027","0003","0","379500","380500","381500","382000","383000","383500","384000","384500","385000","385500","379000","378500","378000","377500","377000","376500","376000","375500","375000","374500","11","3","95","5","5","37","108","36","42","2","279","1","143","32","33","129","31","84","67","38","344","837","0","0","0","0","0","-379000","5","-100.00","1778","-1","0","0","0","","0","0","0","","",""
"080028","0000","0","379500","380500","381500","382000","383000","383500","384000","384500","385000","385500","379000","378500","378000","377500","377000","376500","376000","375500","375000","374500","11","3","95","5","5","37","108","36","42","2","279","4","143","32","33","129","31","84","67","38","344","840","0","0","0","0","0","-379000","5","-100.00","1778","0","3","0","0","","0","0","0","","",""
"080028","0001","0","380500","381500","382000","383000","383500","384000","384500","385000","385500","386000","379500","379000","378500","378000","377500","377000","376500","376000","375500","375000","3","101","5","5","37","108","36","42","2","62","4","279","4","143","32","33","129","31","84","67","401","806","0","0","0","0","0","-379000","5","-100.00","1789","57","-34","0","0","","0","0","0","","",""
"080028","0002","0","380500","381500","382000","383000","383500","384000","384500","385000","385500","386000","379500","379000","378500","378000","377500","377000","376500","376000","375500","375000","3","101","5","5","37","108","36","42","2","62","4","279","4","148","32","33","129","31","84","67","401","811","0","0","0","0","0","-379000","5","-100.00","1789","0","5","0","0","","0","0","0","","",""
"080028","0003","0","381500","382000","383000","383500","384000","384500","385000","385500","386000","386500","380500","379500","379000","378500","378000","377500","377000","376500","376000","375500","101","5","5","37","108","36","42","2","62","3","7","4","279","4","148","32","33","129","31","84","401","751","0","0","0","0","0","-379000","5","-100.00","1792","0","-60","0","0","","0","0","0","","",""
"080028","0004","0","381000","381500","382000","383000","383500","384000","384500","385000","385500","386000","380500","379500","379000","378500","378000","377500","377000","376500","376000","375500","11","101","5","5","37","108","36","42","2","62","7","4","279","4","148","32","33","129","31","84","409","751","0","0","0","0","0","-379000","5","-100.00","1793","8","0","0","0","","0","0","0","","",""
"080029","0000","0","381000","381500","382000","383000","383500","384000","384500","385000","385500","386000","380500","379500","379000","378500","378000","377500","377000","376500","376000","375500","11","101","5","5","37","108","36","42","2","62","7","4","262","4","148","32","33","130","31","84","409","735","0","0","0","0","0","-379000","5","-100.00","1793","0","-17","0","0","","0","0","0","","",""
"080029","0001","0","381000","381500","382000","383000","383500","384000","384500","385000","385500","386000","380500","379500","379000","378500","378000","377500","377000","376500","376000","375500","11","101","5","5","37","108","36","42","2","62","7","9","262","4","148","32","33","130","31","84","409","740","0","0","0","0","0","-379000","5","-100.00","1793","0","5","0","0","","0","0","0","","",""
"080029","0002","0","381000","381500","382000","383000","383500","384000","384500","385000","385500","386000","380500","379500","379000","378500","378000","377500","377000","376500","376000","375500","11","101","5","5","37","108","36","42","2","62","7","35","262","4","148","32","34","130","31","84","409","767","0","0","0","0","0","-379000","5","-100.00","1793","0","2","0","0","","0","0","0","","",""
"080029","0003","0","381000","381500","382000","383000","383500","384000","384500","385000","385500","386000","380500","379500","379000","378500","378000","377500","377000","376500","376000","375500","11","101","5","5","37","108","36","42","2","62","7","38","262","4","148","32","34","130","31","84","409","770","0","0","0","0","0","-379000","5","-100.00","1793","0","3","0","0","","0","0","0","","",""
"080030","0000","0","381000","381500","382000","383000","383500","384000","384500","385000","385500","386000","380500","379500","379000","378500","378000","377500","377000","376500","376000","375500","5","101","5","5","37","108","36","42","2","62","8","63","262","4","148","32","34","130","31","84","403","796","0","0","0","0","0","-379000","5","-100.00","1793","0","5","0","0","","0","0","0","","",""
"080030","0001","0","381000","381500","382000","383000","383500","384000","384500","385000","385500","386000","380500","379500","379000","378500","378000","377500","377000","376500","376000","375500","3","101","5","5","37","108","36","42","2","62","8","63","262","4","148","32","34","130","31","84","401","796","0","0","0","0","0","-379000","5","-100.00","1795","-2","0","0","0","","0","0","0","","",""
"080030","0002","0","381000","381500","382000","383000","383500","384000","384500","385000","385500","386000","380500","379500","379000","378500","378000","377500","377000","376500","376000","375500","3","101","5","5","37","108","36","42","2","87","8","63","272","4","148","32","34","130","31","84","426","806","0","0","0","0","0","-379000","5","-100.00","1795","25","10","0","0","","0","0","0","","",""
"080031","0000","0","381000","381500","382000","383000","383500","384000","384500","385000","385500","386000","380500","379500","379000","378500","378000","377500","377000","376500","376000","375500","3","101","5","5","37","108","36","42","2","87","8","64","272","7","148","32","34","130","31","84","426","810","0","0","0","0","0","-379000","5","-100.00","1795","0","4","0","0","","0","0","0","","",""
"080031","0001","0","381000","381500","382000","383000","383500","384000","384500","385000","385500","386000","380500","379500","379000","378500","378000","377500","377000","376500","376000","375500","11","101","5","5","37","108","36","42","2","87","8","64","272","7","148","32","34","130","31","84","434","810","0","0","0","0","0","-379000","5","-100.00","1800","8","0","0","0","","0","0","0","","",""
"080031","0002","0","381000","381500","382000","383000","383500","384000","384500","385000","385500","386000","380500","379500","379000","378500","378000","377500","377000","376500","376000","375500","11","101","5","5","37","108","36","42","3","87","8","64","272","7","148","32","34","130","31","84","435","810","0","0","0","0","0","-379000","5","-100.00","1800","1","0","0","0","","0","0","0","","",""
"080031","0003","0","381000","381500","382000","383000","383500","384000","384500","385000","385500","386000","380500","379500","379000","378500","378000","377500","377000","376500","376000","375500","11","101","5","5","37","108","36","42","3","87","8","64","273","7","148","32","34","130","31","84","435","811","0","0","0","0","0","-379000","5","-100.00","1800","0","1","0","0","","0","0","0","","",""
"080031","0004","0","381000","381500","382000","383000","383500","384000","384500","385000","385500","386000","380500","379500","379000","378500","378000","377500","377000","376500","376000","375500","11","121","5","5","37","108","36","42","3","87","8","64","273","7","148","32","34","130","31","84","455","811","0","0","0","0","0","-379000","5","-100.00","1800","20","0","0","0","","0","0","0","","",""
"080032","0000","0","380500","381000","381500","382000","383000","383500","384000","384500","385000","385500","379500","379000","378500","378000","377500","377000","376500","376000","375500","375000","2","11","118","5","5","37","108","36","42","3","69","283","7","148","32","34","130","31","84","72","367","890","0","0","0","0","0","-379000","5","-100.00","1808","-88","71","0","0","","0","0","0","","",""
"080032","0001","0","381500","382000","383000","383500","384000","384500","385000","385500","386000","386500","379500","379000","378500","378000","377500","377000","376500","376000","375500","375000","118","5","5","37","108","36","42","3","87","3","69","283","7","148","32","34","130","31","84","72","444","890","0","0","0","0","0","-379000","5","-100.00","1833","77","0","0","0","","0","0","0","","",""
"080032","0002","0","381500","382000","383000","383500","384000","384500","385000","385500","386000","386500","381000","379500","379000","378500","378000","377500","377000","376500","376000","375500","113","5","5","37","108","36","42","3","87","3","1","69","283","7","148","32","34","130","31","84","439","819","0","0","0","0","0","-379000","5","-100.00","1840","-5","-71","0","0","","0","0","0","","",""
"080032","0003","0","381000","381500","382000","383000","383500","384000","384500","385000","385500","386000","379500","379000","378500","378000","377500","377000","376500","376000","375500","375000","49","113","5","5","37","108","36","42","3","87","70","312","7","148","32","34","130","31","84","72","485","920","0","0","0","0","0","-379000","5","-100.00","1841","46","71","0","0","","0","0","0","","",""
"080032","0004","0","381000","381500","382000","383000","383500","384000","384500","385000","385500","386000","379500","379000","378500","378000","377500","377000","376500","376000","375500","375000","49","113","5","5","37","108","36","42","3","107","75","307","7","148","32","34","130","31","84","72","505","920","0","0","0","0","0","-379000","5","-100.00","1841","20","0","0","0","","0","0","0","","",""
"080033","0000","0","381000","381500","382000","383000","383500","384000","384500","385000","385500","386000","380000","379500","379000","378500","378000","377500","377000","376500","376000","375500","99","63","5","5","37","108","36","42","3","107","10","75","307","7","148","32","34","130","31","84","505","858","0","0","0","0","0","-379000","5","-100.00","1841","0","-62","0","0","","0","0","0","","",""
"080033","0001","0","380500","381000","381500","382000","383000","383500","384000","384500","385000","385500","380000","379500","379000","378500","378000","377500","377000","376500","376000","375500","10","99","63","5","5","37","108","36","44","3","16","76","307","7","148","37","34","130","31","84","410","870","0","0","0","0","0","-379000","5","-100.00","1841","0","6","0","0","","0","0","0","","",""
"080034","0000","0","380500","381000","381500","382000","383000","383500","384000","384500","385000","385500","380000","379500","379000","378500","378000","377500","377000","376500","376000","375500","10","99","63","5","5","37","108","36","44","3","16","76","307","7","148","37","34","130","31","84","410","870","0","0","0","0","0","-379000","5","-100.00","1841","0","0","0","0","","0","0","0","","",""
"080034","0001","0","380500","381000","381500","382000","383000","383500","384000","384500","385000","385500","380000","379500","379000","378500","378000","377500","377000","376500","376000","375500","10","99","63","5","5","37","108","36","44","3","15","76","307","7","148","37","34","130","31","84","410","869","0","0","0","0","0","-379000","5","-100.00","1842","0","-1","0","0","","0","0","0","","",""
"080034","0002","0","380500","381000","381500","382000","383000","383500","384000","384500","385000","385500","380000","379500","379000","378500","378000","377500","377000","376500","376000","375500","10","99","63","5","5","37","108","36","44","3","22","76","310","7","159","37","34","130","31","84","410","890","0","0","0","0","0","-379000","5","-100.00","1842","0","3","0","0","","0","0","0","","",""
"080034","0003","0","380500","381000","381500","382000","383000","383500","384000","384500","385000","385500","380000","379500","379000","378500","378000","377500","377000","376500","376000","375500","10","99","63","5","5","37","108","36","44","9","22","76","310","7","159","37","34","130","31","84","416","890","0","0","0","0","0","-379000","5","-100.00","1842","6","0","0","0","","0","0","0","","",""
"080035","0000","0","380500","381000","381500","382000","383000","383500","384000","384500","385000","385500","380000","379500","379000","378500","378000","377500","377000","376500","376000","375500","10","139","63","5","5","37","108","36","44","9","22","76","310","7","159","37","34","130","31","84","456","890","0","0","0","0","0","-379000","5","-100.00","1842","40","0","0","0","","0","0","0","","",""
"080035","0001","0","380500","381000","381500","382000","383000","383500","384000","384500","385000","385500","380000","379500","379000","378500","378000","377500","377000","376500","376000","375500","15","139","63","5","7","37","108","36","44","9","22","76","310","7","159","37","34","130","31","84","463","890","0","0","0","0","0","-379000","5","-100.00","1842","7","0","0","0","","0","0","0","","",""
"080035","0002","0","380500","381000","381500","382000","383000","383500","384000","384500","385000","385500","380000","379500","379000","378500","378000","377500","377000","376500","376000","375500","25","139","63","5","7","37","108","36","44","9","23","76","316","7","159","37","34","130","31","84","473","897","0","0","0","0","0","-379000","5","-100.00","1842","0","6","0","0","","0","0","0","","",""
"080035","0003","0","380500","381000","381500","382000","383000","383500","384000","384500","385000","385500","380000","379500","379000","378500","378000","377500","377000","376500","376000","375500","25","139","63","5","7","37","108","36","44","9","43","76","316","7","159","37","34","130","31","84","473","917","0","0","0","0","0","-379000","5","-100.00","1842","0","20","0","0","","0","0","0","","",""
"080035","0004","0","379000","380500","381000","381500","382000","383000","383500","384000","384500","385000","378500","378000","377500","377000","376500","376000","375500","375000","374500","374000","365","25","139","63","5","7","37","108","36","44","7","159","37","34","130","31","84","72","38","216","829","808","0","0","0","0","0","-379000","5","-100.00","2277","356","-109","0","0","","0","0","0","","",""
"080036","0000","0","379000","379500","380500","381000","381500","382000","383000","383500","384000","384500","378500","378000","377500","377000","376500","376000","375500","375000","374500","374000","361","1","25","139","63","5","7","37","108","36","7","159","37","34","135","31","84","72","38","216","782","813","0","0","0","0","0","-379000","5","-100.00","2281","-46","5","0","0","","0","0","0","","",""
"080036","0001","0","379000","379500","380500","381000","381500","382000","383000","383500","384000","384500","378500","378000","377500","377000","376500","376000","375500","375000","374500","374000","358","1","25","139","63","5","7","37","108","36","7","159","37","37","135","31","84","72","41","216","779","819","0","0","0","0","0","-379000","5","-100.00","2284","-3","6","0","0","","0","0","0","","",""
"080037","0000","0","379000","379500","380500","381000","381500","382000","383000","383500","384000","384500","378500","378000","377500","377000","376500","376000","375500","375000","374500","374000","358","1","28","169","63","5","7","37","108","36","7","159","37","37","135","31","84","72","41","216","812","819","0","0","0","0","0","-379000","5","-100.00","2284","33","0","0","0","","0","0","0","","",""
"080037","0001","0","379000","379500","380500","381000","381500","382000","383000","383500","384000","384500","378500","378000","377500","377000","376500","376000","375500","375000","374500","374000","216","1","28","169","113","5","7","37","108","36","7","159","37","37","135","36","84","72","41","216","720","824","0","0","0","0","0","-379000","5","-100.00","2426","-92","5","0","0","","0","0","0","","",""
"080037","0002","0","379000","379500","380500","381000","381500","382000","383000","383500","384000","384500","378500","378000","377500","377000","376500","376000","375500","375000","374500","374000","216","1","28","189","113","5","7","37","108","36","7","159","37","37","135","36","84","72","41","216","740","824","0","0","0","0","0","-379000","5","-100.00","2426","20","0","0","0","","0","0","0","","",""
"080037","0003","0","379000","379500","380500","381000","381500","382000","383000","383500","384000","384500","378500","378000","377500","377000","376500","376000","375500","375000","374500","374000","216","1","30","189","113","5","7","37","108","36","7","159","37","37","135","36","84","72","41","216","742","824","0","0","0","0","0","-379000","5","-100.00","2426","2","0","0","0","","0","0","0","","",""
"080037","0004","0","379000","379500","380500","381000","381500","382000","383000","383500","384000","384500","378500","378000","377500","377000","376500","376000","375500","375000","374500","374000","216","1","30","189","113","5","7","37","108","36","7","159","38","37","135","36","84","72","41","216","742","825","0","0","0","0","0","-379000","5","-100.00","2426","0","1","0","0","","0","0","0","","",""
"080038","0000","0","379000","379500","380500","381000","381500","383000","383500","384000","384500","385000","378500","378000","377500","377000","376500","376000","375500","375000","374500","374000","215","1","30","189","113","7","37","108","36","44","7","159","38","37","135","36","84","72","41","216","780","825","0","0","0","0","0","-379000","5","-100.00","2427","39","0","0","0","","0","0","0","","",""
"080038","0001","0","379000","379500","380500","381000","381500","383000","383500","384000","384500","385000","378500","378000","377500","377000","376500","376000","375500","375000","374500","374000","215","1","30","209","113","7","37","108","36","44","7","159","38","37","135","36","84","72","41","216","800","825","0","0","0","0","0","-379000","5","-100.00","2427","20","0","0","0","","0","0","0","","",""
"080039","0000","0","379000","379500","380500","381000","381500","383000","383500","384000","384500","385000","378500","378000","377500","377000","376500","376000","375500","375000","374500","374000","209","1","30","209","113","7","37","108","36","44","7","159","49","37","135","36","84","72","41","216","794","836","0","0","0","0","0","-379000","5","-100.00","2433","-6","0","0","0","","0","0","0","","",""
"080039","0001","0","379000","379500","380500","381000","381500","383000","383500","384000","384500","385000","378500","378000","377500","377000","376500","376000","375500","375000","374500","374000","207","1","30","209","113","7","37","108","36","44","7","159","49","37","135","36","84","72","41","216","792","836","0","0","0","0","0","-379000","5","-100.00","2435","-2","0","0","0","","0","0","0","","",""
"080039","0002","0","379000","379500","380500","381000","381500","383000","383500","384000","384500","385000","378500","378000","377500","377000","376500","376000","375500","375000","374500","374000","200","1","30","209","113","7","37","108","36","44","7","159","49","42","135","36","84","72","41","216","785","841","0","0","0","0","0","-379000","5","-100.00","2442","-1","5","0","0","","0","0","0","","",""
"080039","0003","0","379000","379500","380500","381000","381500","382500","383000","383500","384000","384500","378500","378000","377500","377000","376500","376000","375500","375000","374500","374000","200","1","30","209","113","5","7","37","108","36","10","159","49","42","135","36","84","72","41","216","746","844","0","0","0","0","0","-379000","5","-100.00","2442","-39","3","0","0","","0","0","0","","",""
"080040","0000","0","379000","379500","380000","380500","381000","381500","382500","383000","383500","384000","378500","378000","377500","377000","376500","376000","375500","375000","374500","374000","196","54","3","30","209","113","5","7","37","108","10","159","49","42","135","36","84","72","41","216","762","844","0","0","0","0","0","-379000","5","-100.00","2446","-37","0","0","0","","0","0","0","","",""
"080040","0001","0","379000","379500","380000","380500","381000","381500","382500","383000","383500","384000","378500","378000","377500","377000","376500","376000","375500","375000","374500","374000","193","54","3","30","209","113","5","7","37","108","10","159","49","42","136","36","84","72","41","216","759","845","0","0","0","0","0","-379000","5","-100.00","2449","-3","1","0","0","","0","0","0","","",""
"080040","0002","0","379000","379500","380000","380500","381000","381500","382500","383000","383500","384000","378500","378000","377500","377000","376500","376000","375500","375000","374500","374000","142","54","3","30","209","113","5","7","37","108","10","159","49","42","136","36","84","72","41","216","708","845","0","0","0","0","0","-379000","5","-100.00","2500","-50","0","0","0","","0","0","0","","",""
"080040","0003","0","379000","379500","380000","380500","381000","381500","382500","383000","383500","384000","378500","378000","377500","377000","376500","376000","375500","375000","374500","374000","132","54","3","30","209","113","5","7","37","108","10","159","49","42","136","36","84","72","41","216","698","845","0","0","0","0","0","-379000","5","-100.00","2521","-10","0","0","0","","0","0","0","","",""
"080041","0000","0","379000","379500","380000","380500","381000","381500","382500","383000","383500","384000","378500","378000","377500","377000","376500","376000","375500","375000","374500","374000","132","54","3","30","239","113","5","7","37","108","10","159","49","42","136","36","84","72","41","216","728","845","0","0","0","0","0","-379000","5","-100.00","2521","30","0","0","0","","0","0","0","","",""
"080041","0001","0","379000","379500","380000","380500","381000","381500","382500","383000","383500","384000","378500","378000","377500","377000","376500","376000","375500","375000","374500","374000","137","54","3","30","239","113","5","7","37","108","5","159","49","42","136","36","84","72","41","216","733","840","0","0","0","0","0","-379000","5","-100.00","2531","0","-5","0","0","","0","0","0","","",""
"080041","0002","0","379000","379500","380000","380500","381000","381500","382500","383000","383500","384000","378500","378000","377500","377000","376500","376000","375500","375000","374500","374000","142","54","3","25","239","113","5","7","37","108","5","159","49","42","136","36","84","72","41","216","733","840","0","0","0","0","0","-379000","5","-100.00","2531","0","0","0","0","","0","0","0","","",""
"080042","0000","0","379000","379500","380000","380500","381000","381500","382500","383000","383500","384000","378500","378000","377500","377000","376500","376000","375500","375000","374500","374000","182","54","3","25","199","113","5","7","37","108","5","161","49","42","136","36","84","72","41","216","733","842","0","0","0","0","0","-379000","5","-100.00","2531","0","2","0","0","","0","0","0","","",""
"080042","0001","0","379000","379500","380000","380500","381000","381500","382500","383000","383500","384000","378500","378000","377500","377000","376500","376000","375500","375000","374500","374000","182","54","3","25","199","113","5","7","37","108","10","161","49","42","136","36","84","74","41","216","733","849","0","0","0","0","0","-379000","5","-100.00","2531","0","7","0","0","","0","0","0","","",""
"080042","0002","0","379000","379500","380000","380500","381000","381500","382500","383000","383500","384000","378500","378000","377500","377000","376500","376000","375500","375000","374500","374000","162","54","3","25","199","113","5","7","37","108","10","161","49","42","136","36","84","74","41","216","713","849","0","0","0","0","0","-379000","5","-100.00","2551","-20","0","0","0","","0","0","0","","",""
"080042","0003","0","379000","379500","380000","380500","381000","381500","382500","383000","383500","384000","378500","378000","377500","377000","376500","376000","375500","375000","374500","374000","180","54","3","25","199","113","5","7","37","108","10","161","49","42","136","36","84","74","41","216","731","849","0","0","0","0","0","-379000","5","-100.00","2553","18","0","0","0","","0","0","0","","",""
"080042","0004","0","379000","379500","380000","380500","381000","381500","382500","383000","383500","384000","378500","378000","377500","377000","376500","376000","375500","375000","374500","374000","186","54","3","25","199","113","5","7","37","108","10","174","49","42","136","36","84","74","41","216","737","862","0","0","0","0","0","-379000","5","-100.00","2554","6","13","0","0","","0","0","0","","",""
"080043","0000","0","379000","379500","380000","380500","381000","381500","382500","383000","383500","384000","378500","378000","377500","377000","376500","376000","375500","375000","374500","374000","179","54","3","25","199","113","5","7","37","108","10","174","49","42","136","36","84","74","41","216","730","862","0","0","0","0","0","-379000","5","-100.00","2554","-7","0","0","0","","0","0","0","","",""
"080043","0001","0","379000","379500","380000","380500","381000","381500","382500","383000","383500","384000","378500","378000","377500","377000","376500","376000","375500","375000","374500","374000","179","54","3","25","199","113","5","7","37","108","10","184","49","42","136","36","84","74","31","216","730","862","0","0","0","0","0","-379000","5","-100.00","2554","0","0","0","0","","0","0","0","","",""
"080043","0002","0","379000","379500","380000","380500","381000","381500","382500","383000","383500","384000","378500","378000","377500","377000","376500","376000","375500","375000","374500","374000","149","54","3","25","199","113","5","7","37","108","25","184","49","42","136","36","84","74","31","216","700","877","0","0","0","0","0","-379000","5","-100.00","2584","-30","15","0","0","","0","0","0","","",""
"080044","0000","0","379000","379500","380000","380500","381000","381500","382500","383000","383500","384000","378500","378000","377500","377000","376500","376000","375500","375000","374500","374000","151","54","3","25","199","113","5","7","37","108","18","184","49","42","136","36","84","74","31","216","702","870","0","0","0","0","0","-379000","5","-100.00","2591","2","-7","0","0","","0","0","0","","",""
"080044","0001","0","379000","379500","380000","380500","381000","381500","382500","383000","383500","384000","378500","378000","377500","377000","376500","376000","375500","375000","374500","374000","151","54","3","25","199","113","5","7","37","108","14","184","49","42","136","36","84","74","31","216","702","866","0","0","0","0","0","-379000","5","-100.00","2598","0","-7","0","0","","0","0","0","","",""
"080044","0002","0","379000","379500","380000","380500","381000","381500","382500","383000","383500","384000","378500","378000","377500","377000","376500","376000","375500","375000","374500","374000","151","53","3","25","199","113","5","7","37","108","14","184","49","42","136","36","84","74","31","216","701","866","0","0","0","0","0","-379000","5","-100.00","2598","-1","0","0","0","","0","0","0","","",""
"080044","0003","0","379000","379500","380000","380500","381000","381500","382500","383000","383500","384000","378500","378000","377500","377000","376500","376000","375500","375000","374500","374000","151","53","3","25","199","113","5","7","37","108","14","184","49","42","141","36","84","74","31","216","701","871","0","0","0","0","0","-379000","5","-100.00","2598","0","5","0","0","","0","0","0","","",""
"080045","0000","0","379000","379500","380000","380500","381000","381500","382500","383000","383500","384000","378500","378000","377500","377000","376500","376000","375500","375000","374500","374000","151","53","3","25","199","113","5","7","38","108","14","184","49","42","141","36","84","74","31","216","702","871","0","0","0","0","0","-379000","5","-100.00","2598","1","0","0","0","","0","0","0","","",""
"080045","0001","0","379000","379500","380000","380500","381000","381500","382500","383000","383500","384000","378500","378000","377500","377000","376500","376000","375500","375000","374500","374000","151","53","3","25","199","113","5","7","58","108","144","184","49","42","141","36","84","74","31","216","722","1001","0","0","0","0","0","-379000","5","-100.00","2598","20","0","0","0","","0","0","0","","",""
"080045","0002","0","379000","379500","380000","380500","381000","381500","382500","383000","383500","384000","378500","378000","377500","377000","376500","376000","375500","375000","374500","374000","151","53","3","25","199","113","5","7","58","108","145","184","49","42","141","36","84","74","31","216","722","1002","0","0","0","0","0","-379000","5","-100.00","2598","0","1","0","0","","0","0","0","","",""
"080045","0003","0","379000","379500","380000","380500","381000","381500","382500","383000","383500","384000","378500","378000","377500","377000","376500","376000","375500","375000","374500","374000","151","53","3","25","199","113","5","7","58","108","149","184","49","42","141","36","84","74","31","216","722","1006","0","0","0","0","0","-379000","5","-100.00","2598","0","4","0","0","","0","0","0","","",""
"080046","0000","0","379000","379500","380000","380500","381000","381500","382500","383000","383500","384000","378500","378000","377500","377000","376500","376000","375500","375000","374500","374000","151","53","3","31","199","113","5","7","58","108","149","184","49","42","141","36","84","74","31","216","728","1006","0","0","0","0","0","-379000","5","-100.00","2598","6","0","0","0","","0","0","0","","",""
"080046","0001","0","379000","379500","380000","380500","381000","381500","382500","383000","383500","384000","378500","378000","377500","377000","376500","376000","375500","375000","374500","374000","150","53","3","31","199","113","5","7","58","108","149","184","49","42","141","36","85","74","31","216","727","1007","0","0","0","0","0","-379000","5","-100.00","2599","-1","1","0","0","","0","0","0","","",""
"080046","0002","0","379000","379500","380000","380500","381000","381500","382500","383000","383500","384000","378500","378000","377500","377000","376500","376000","375500","375000","374500","374000","150","53","3","31","199","113","5","8","58","108","149","184","49","42","141","36","85","76","31","216","728","1009","0","0","0","0","0","-379000","5","-100.00","2599","1","2","0","0","","0","0","0","","",""
"080047","0000","0","379000","379500","380000","380500","381000","381500","382500","383000","383500","384000","378500","378000","377500","377000","376500","376000","375500","375000","374500","374000","150","53","3","31","199","113","5","8","58","108","27","184","49","42","141","36","85","76","31","216","728","887","0","0","0","0","0","-379000","5","-100.00","2721","0","-122","0","0","","0","0","0","","",""
"080047","0001","0","379000","379500","380000","380500","381000","381500","382500","383000","383500","384000","378500","378000","377500","377000","376500","376000","375500","375000","374500","374000","147","53","3","31","199","113","5","8","58","108","22","184","49","42","141","36","85","76","31","216","725","882","0","0","0","0","0","-379000","5","-100.00","2729","-3","-5","0","0","","0","0","0","","",""
"080047","0002","0","379000","379500","380000","380500","381000","381500","382500","383000","383500","384000","378500","378000","377500","377000","376500","376000","375500","375000","374500","374000","147","53","3","31","199","113","5","8","58","108","22","184","49","42","141","36","85","76","31","216","725","882","0","0","0","0","0","-379000","5","-100.00","2729","0","0","0","0","","0","0","0","","",""
"080047","0003","0","379000","379500","380000","380500","381000","381500","382500","383000","383500","384000","378500","378000","377500","377000","376500","376000","375500","375000","374500","374000","150","53","3","31","199","113","5","8","58","108","23","184","49","42","141","36","85","76","31","216","728","883","0","0","0","0","0","-379000","5","-100.00","2729","3","1","0","0","","0","0","0","","",""
"080047","0004","0","379000","379500","380000","380500","381000","381500","382500","383000","383500","384000","378500","378000","377500","377000","376500","376000","375500","375000","374500","374000","180","53","3","31","199","113","5","8","58","108","21","184","49","42","141","36","85","76","31","216","758","881","0","0","0","0","0","-379000","5","-100.00","2731","30","-2","0","0","","0","0","0","","",""
"080048","0000","0","379000","379500","380000","380500","381000","381500","382500","383000","383500","384000","378500","378000","377500","377000","376500","376000","375500","375000","374500","374000","180","53","3","31","199","113","5","8","58","108","22","184","49","42","141","36","85","76","31","216","758","882","0","0","0","0","0","-379000","5","-100.00","2731","0","1","0","0","","0","0","0","","",""
"080048","0001","0","379000","379500","380000","380500","381000","381500","382500","383000","383500","384000","378500","378000","377500","377000","376500","376000","375500","375000","374500","374000","180","53","10","31","199","113","5","8","58","108","22","184","49","42","141","36","85","76","31","216","765","882","0","0","0","0","0","-379000","5","-100.00","2731","7","0","0","0","","0","0","0","","",""
"080048","0002","0","378500","379000","379500","380000","380500","381000","381500","382500","383000","383500","378000","377500","377000","376500","376000","375500","375000","374500","374000","373500","5","180","53","10","31","199","113","5","8","58","184","49","42","141","36","85","76","31","216","36","662","896","0","0","0","0","0","-379000","5","-100.00","2753","-103","14","0","0","","0","0","0","","",""
"080049","0000","0","378500","379000","379500","380000","380500","381000","381500","382500","383000","383500","378000","377500","377000","376500","376000","375500","375000","374500","374000","373500","6","181","53","10","31","199","113","5","8","58","184","50","42","141","36","86","76","30","216","37","664","898","0","0","0","0","0","-379000","5","-100.00","2754","-1","-1","0","0","","0","0","0","","",""
"080049","0001","0","378000","378500","379000","379500","380000","380500","381000","381500","382500","383000","377000","376500","376000","375500","375000","374500","374000","373500","373000","372500","70","21","181","53","10","31","199","113","5","8","42","141","41","86","76","30","218","37","67","55","691","793","0","0","0","0","0","-379000","5","-100.00","2991","2","10","0","0","","0","0","0","","",""
"080049","0002","0","377500","378000","378500","379000","379500","380000","380500","381000","381500","382500","376500","376000","375500","375000","374500","374000","373500","373000","372500","372000","3","70","40","181","53","10","31","199","113","5","141","41","86","76","30","218","39","67","55","40","705","793","0","0","0","0","0","-379000","5","-100.00","3033","14","0","0","0","","0","0","0","","",""
"080050","0000","0","377500","378000","378500","379000","379500","380000","380500","381000","381500","382500","376500","376000","375500","375000","374500","374000","373500","373000","372500","372000","3","127","40","183","53","10","31","199","113","5","141","41","86","76","30","218","39","67","55","40","764","793","0","0","0","0","0","-379000","5","-100.00","3039","-6","0","0","0","","0","0","0","","",""
"080050","0001","0","377500","378000","378500","379000","379500","380000","380500","381000","381500","382500","376500","376000","375500","375000","374500","374000","373500","373000","372500","372000","2","127","40","183","53","10","31","199","113","5","141","41","86","76","30","218","39","67","55","40","763","793","0","0","0","0","0","-379000","5","-100.00","3040","-1","0","0","0","","0","0","0","","",""
"080050","0002","0","377500","378000","378500","379000","379500","380000","380500","381000","381500","382500","376500","376000","375500","375000","374500","374000","373500","373000","372500","372000","1","109","40","183","53","25","31","199","113","5","141","41","86","76","30","218","39","67","57","40","759","795","0","0","0","0","0","-379000","5","-100.00","3064","13","0","0","0","","0","0","0","","",""
"080050","0003","0","377500","378000","378500","379000","379500","380000","380500","381000","381500","382500","376500","376000","375500","375000","374500","374000","373500","373000","372500","372000","1","109","42","183","53","25","31","199","113","5","141","41","86","76","30","218","39","67","57","40","761","795","0","0","0","0","0","-379000","5","-100.00","3064","2","0","0","0","","0","0","0","","",""
"080051","0000","0","378000","378500","379000","379500","380000","380500","381000","381500","382500","383000","377000","376500","376000","375500","375000","374500","374000","373500","373000","372500","46","42","183","53","25","31","199","113","5","8","2","141","41","86","76","30","218","39","67","57","705","757","0","0","0","0","0","-379000","5","-100.00","3104","-56","-38","0","0","","0","0","0","","",""
"080051","0001","0","377500","378000","378500","379000","379500","380000","380500","381000","381500","382500","377000","376500","376000","375500","375000","374500","374000","373500","373000","372500","5","46","42","178","53","25","31","199","113","5","2","141","41","86","76","30","218","39","67","57","697","757","0","0","0","0","0","-379000","5","-100.00","3104","-8","0","0","0","","0","0","0","","",""
"080051","0002","0","377500","378000","378500","379000","379500","380000","380500","381000","381500","382500","377000","376500","376000","375500","375000","374500","374000","373500","373000","372500","5","46","42","178","53","25","31","199","113","5","1","141","41","86","76","30","218","39","67","57","697","756","0","0","0","0","0","-379000","5","-100.00","3105","0","-1","0","0","","0","0","0","","",""
"080051","0003","0","377500","378000","378500","379000","379500","380000","380500","381000","381500","382500","377000","376500","376000","375500","375000","374500","374000","373500","373000","372500","5","46","42","178","53","25","31","199","113","5","1","141","41","86","76","30","218","39","67","57","697","756","0","0","0","0","0","-379000","5","-100.00","3105","0","0","0","0","","0","0","0","","",""
"080051","0004","0","377500","378000","378500","379000","379500","380000","380500","381000","381500","382500","377000","376500","376000","375500","375000","374500","374000","373500","373000","372500","5","46","43","177","53","25","31","199","113","5","1","141","41","86","76","30","218","39","67","57","697","756","0","0","0","0","0","-379000","5","-100.00","3105","0","0","0","0","","0","0","0","","",""
"080052","0000","0","377500","378000","378500","379000","379500","380000","380500","381000","381500","382500","377000","376500","376000","375500","375000","374500","374000","373500","373000","372500","5","46","51","178","53","25","31","199","113","5","1","141","41","86","76","30","218","39","67","57","706","756","0","0","0","0","0","-379000","5","-100.00","3105","1","0","0","0","","0","0","0","","",""
"080052","0001","0","377500","378000","378500","379000","379500","380000","380500","381000","381500","382500","377000","376500","376000","375500","375000","374500","374000","373500","373000","372500","5","46","51","178","53","25","31","199","113","5","1","141","41","86","76","30","218","39","69","57","706","758","0","0","0","0","0","-379000","5","-100.00","3105","0","2","0","0","","0","0","0","","",""
"080053","0000","0","377500","378000","378500","379000","379500","380000","380500","381000","381500","382500","376500","376000","375500","375000","374500","374000","373500","373000","372500","372000","5","46","51","178","53","25","31","199","113","5","34","43","86","76","30","218","39","69","57","42","706","694","0","0","0","0","0","-379000","5","-100.00","3215","0","-66","0","0","","0","0","0","","",""
"080053","0001","0","376500","377500","378000","378500","379000","379500","380000","380500","381000","381500","376000","375500","375000","374500","374000","373500","373000","372500","372000","371500","458","5","46","51","178","53","25","31","199","113","43","86","76","30","218","39","69","57","42","84","1159","744","0","0","0","0","0","-379000","5","-100.00","3257","453","50","0","0","","0","0","0","","",""
"080054","0000","0","376500","377500","378000","378500","379000","379500","380000","380500","381000","381500","376000","375500","375000","374500","374000","373500","373000","372500","372000","371500","454","5","46","51","178","53","25","31","199","113","43","86","76","50","218","39","69","57","42","84","1155","764","0","0","0","0","0","-379000","5","-100.00","3261","-3","0","0","0","","0","0","0","","",""
"080054","0001","0","376500","377500","378000","378500","379000","379500","380000","380500","381000","381500","376000","375500","375000","374500","374000","373500","373000","372500","372000","371500","455","5","46","51","178","53","25","31","199","113","43","86","76","55","218","39","69","57","42","84","1156","769","0","0","0","0","0","-379000","5","-100.00","3261","1","5","0","0","","0","0","0","","",""
"080054","0002","0","376500","377500","378000","378500","379000","379500","380000","380500","381000","381500","376000","375500","375000","374500","374000","373500","373000","372500","372000","371500","456","5","46","49","178","53","25","31","199","113","43","86","76","55","218","39","69","57","42","84","1155","769","0","0","0","0","0","-379000","5","-100.00","3262","-1","0","0","0","","0","0","0","","",""
"080054","0003","0","376500","377500","378000","378500","379000","379500","380000","380500","381000","381500","376000","375500","375000","374500","374000","373500","373000","372500","372000","371500","456","5","46","49","178","53","25","31","199","113","43","86","76","55","218","39","69","57","42","84","1155","769","0","0","0","0","0","-379000","5","-100.00","3262","0","0","0","0","","0","0","0","","",""
"080055","0000","0","376500","377000","377500","378000","378500","379000","379500","380000","380500","381000","376000","375500","375000","374500","374000","373500","373000","372500","372000","371500","406","2","55","46","47","178","53","25","31","149","21","86","76","55","218","39","69","57","42","84","992","747","0","0","0","0","0","-379000","5","-100.00","3334","-163","0","0","0","","0","0","0","","",""
"080055","0001","0","376500","377000","377500","378000","378500","379000","379500","380000","380500","381000","376000","375500","375000","374500","374000","373500","373000","372500","372000","371500","406","2","55","46","47","178","53","25","31","149","21","86","76","88","218","39","69","57","42","84","992","780","0","0","0","0","0","-379000","5","-100.00","3334","0","33","0","0","","0","0","0","","",""
"080055","0002","0","376500","377000","377500","378000","378500","379000","379500","380000","380500","381000","376000","375500","375000","374500","374000","373500","373000","372500","372000","371500","406","2","55","46","47","178","53","25","31","149","21","86","76","88","220","39","69","57","42","84","992","782","0","0","0","0","0","-379000","5","-100.00","3334","0","2","0","0","","0","0","0","","",""
"080055","0003","0","376500","377000","377500","378000","378500","379000","379500","380000","380500","381000","376000","375500","375000","374500","374000","373500","373000","372500","372000","371500","406","2","55","46","47","178","53","25","31","149","21","86","76","88","230","39","69","57","42","84","992","792","0","0","0","0","0","-379000","5","-100.00","3334","0","10","0","0","","0","0","0","","",""
"080055","0004","0","376500","377000","377500","378000","378500","379000","379500","380000","380500","381000","376000","375500","375000","374500","374000","373500","373000","372500","372000","371500","400","2","55","46","47","178","53","25","31","149","21","86","76","88","230","39","69","57","42","84","986","792","0","0","0","0","0","-379000","5","-100.00","3340","-6","0","0","0","","0","0","0","","",""
"080056","0000","0","376500","377000","377500","378000","378500","379000","379500","380000","380500","381000","376000","375500","375000","374500","374000","373500","373000","372500","372000","371500","396","2","55","46","47","178","53","25","31","149","21","86","76","88","230","39","69","57","42","84","982","792","0","0","0","0","0","-379000","5","-100.00","3347","-6","0","0","0","","0","0","0","","",""
"080056","0001","0","376500","377000","377500","378000","378500","379000","379500","380000","380500","381000","376000","375500","375000","374500","374000","373500","373000","372500","372000","371500","417","2","55","46","39","178","53","25","31","149","21","86","106","88","230","39","69","57","42","84","995","822","0","0","0","0","0","-379000","5","-100.00","3347","0","30","0","0","","0","0","0","","",""
"080056","0002","0","376500","377000","377500","378000","378500","379000","379500","380000","380500","381000","376000","375500","375000","374500","374000","373500","373000","372500","372000","371500","417","2","55","46","39","178","53","25","31","149","6","86","383","88","230","39","69","57","42","84","995","1084","0","0","0","0","0","-379000","5","-100.00","3362","0","-5","0","0","","0","0","0","","",""
"080057","0000","0","376000","376500","377000","377500","378000","378500","379000","379500","380000","380500","375500","375000","374500","374000","373500","373000","372500","372000","371500","371000","44","417","2","55","46","35","175","53","25","31","86","383","88","230","39","70","57","42","84","71","883","1150","0","0","0","0","0","-379000","5","-100.00","3368","-112","66","0","0","","0","0","0","","",""
"080057","0001","0","376000","376500","377000","377500","378000","378500","379000","379500","380000","380500","375500","375000","374500","374000","373500","373000","372500","372000","371500","371000","29","417","2","55","46","35","175","53","37","31","86","383","88","230","39","70","57","42","84","71","880","1150","0","0","0","0","0","-379000","5","-100.00","3383","-3","0","0","0","","0","0","0","","",""
"080057","0002","0","376000","376500","377000","377500","378000","378500","379000","379500","380000","380500","375500","375000","374500","374000","373500","373000","372500","372000","371500","371000","1","417","52","55","46","35","175","53","37","31","586","384","88","230","39","70","57","42","84","71","902","1651","0","0","0","0","0","-379000","5","-100.00","3412","0","1","0","0","","0","0","0","","",""
"080057","0003","0","376500","377000","377500","378000","378500","379000","379500","380000","380500","381000","375500","375000","374500","374000","373500","373000","372500","372000","371500","371000","411","52","55","46","35","175","53","37","31","149","584","384","88","230","39","70","57","42","84","71","1044","1649","0","0","0","0","0","-379000","5","-100.00","3419","142","-2","0","0","","0","0","0","","",""
"080058","0000","0","376000","376500","377000","377500","378000","378500","379000","379500","380000","380500","375500","375000","374500","374000","373500","373000","372500","372000","371500","371000","5","411","52","55","46","35","175","53","37","31","584","384","88","230","39","70","57","42","84","71","900","1649","0","0","0","0","0","-379000","5","-100.00","3419","-144","0","0","0","","0","0","0","","",""
"080058","0001","0","376000","376500","377000","377500","378000","378500","379000","379500","380000","380500","375500","375000","374500","374000","373500","373000","372500","372000","371500","371000","5","411","52","55","46","35","175","53","37","31","584","386","88","230","39","70","57","42","84","71","900","1651","0","0","0","0","0","-379000","5","-100.00","3419","0","2","0","0","","0","0","0","","",""
"080058","0002","0","376000","376500","377000","377500","378000","378500","379000","379500","380000","380500","375500","375000","374500","374000","373500","373000","372500","372000","371500","371000","3","411","52","50","46","35","175","53","37","31","579","386","88","230","39","70","57","42","84","71","893","1646","0","0","0","0","0","-379000","5","-100.00","3426","-1","0","0","0","","0","0","0","","",""
"080058","0003","0","376000","376500","377000","377500","378000","378500","379000","379500","380000","380500","375500","375000","374500","374000","373500","373000","372500","372000","371500","371000","2","410","52","50","46","35","175","53","37","31","581","386","88","230","39","70","57","42","84","71","891","1648","0","0","0","0","0","-379000","5","-100.00","3427","-1","0","0","0","","0","0","0","","",""
"080059","0000","0","376000","376500","377000","377500","378000","378500","379000","379500","380000","380500","375500","375000","374500","374000","373500","373000","372500","372000","371500","371000","1","410","52","50","46","35","175","53","37","31","581","390","88","230","39","70","57","42","84","71","890","1652","0","0","0","0","0","-379000","5","-100.00","3428","-1","4","0","0","","0","0","0","","",""
"080059","0001","0","376000","376500","377000","377500","378000","378500","379000","379500","380000","380500","375500","375000","374500","374000","373500","373000","372500","372000","371500","371000","10","410","52","50","46","35","175","53","37","31","578","390","88","230","39","70","57","42","84","71","899","1649","0","0","0","0","0","-379000","5","-100.00","3431","1","-3","0","0","","0","0","0","","",""
"080059","0002","0","376000","376500","377000","377500","378000","378500","379000","379500","380000","380500","375500","375000","374500","374000","373500","373000","372500","372000","371500","371000","10","410","52","50","46","35","175","53","37","31","578","391","90","231","39","70","57","42","84","71","899","1653","0","0","0","0","0","-379000","5","-100.00","3431","0","4","0","0","","0","0","0","","",""
"080059","0003","0","376000","376500","377000","377500","378000","378500","379000","379500","380000","380500","375500","375000","374500","374000","373500","373000","372500","372000","371500","371000","10","410","52","50","46","35","175","53","37","31","578","391","100","231","39","70","57","42","84","71","899","1663","0","0","0","0","0","-379000","5","-100.00","3431","0","10","0","0","","0","0","0","","",""
"080100","0000","0","376000","376500","377000","377500","378000","378500","379000","379500","380000","380500","375500","375000","374500","374000","373500","373000","372500","372000","371500","371000","10","410","67","50","46","35","175","53","37","31","558","391","100","231","39","71","57","42","84","71","914","1644","0","0","0","0","0","-379000","5","-100.00","3452","15","-19","0","0","","0","0","0","","",""
"080100","0001","0","376000","376500","377000","377500","378000","378500","379000","379500","380000","380500","375500","375000","374500","374000","373500","373000","372500","372000","371500","371000","10","410","67","50","46","35","175","53","37","31","558","391","100","234","39","71","57","42","84","71","914","1647","0","0","0","0","0","-379000","5","-100.00","3452","0","3","0","0","","0","0","0","","",""
"080100","0002","0","376000","376500","377000","377500","378000","378500","379000","379500","380000","380500","375500","375000","374500","374000","373500","373000","372500","372000","371500","371000","10","410","67","50","46","35","175","53","37","31","548","391","100","234","39","71","57","42","84","71","914","1637","0","0","0","0","0","-379000","5","-100.00","3462","0","-10","0","0","","0","0","0","","",""
"080100","0003","0","376000","376500","377000","377500","378000","378500","379000","379500","380000","380500","375500","375000","374500","374000","373500","373000","372500","372000","371500","371000","8","410","67","50","46","35","175","53","37","31","548","391","100","234","39","71","57","42","84","71","912","1637","0","0","0","0","0","-379000","5","-100.00","3464","-2","0","0","0","","0","0","0","","",""
"080101","0000","0","376000","376500","377000","377500","378000","378500","379000","379500","380000","380500","375500","375000","374500","374000","373500","373000","372500","372000","371500","371000","8","410","67","50","46","35","175","53","37","31","548","391","100","234","39","71","57","42","84","171","912","1737","0","0","0","0","0","-379000","5","-100.00","3464","0","100","0","0","","0","0","0","","",""
"080101","0001","0","376000","376500","377000","377500","378000","378500","379000","379500","380000","380500","375500","375000","374500","374000","373500","373000","372500","372000","371500","371000","6","410","67","50","46","35","175","53","37","31","218","391","100","234","39","71","57","42","84","171","910","1407","0","0","0","0","0","-379000","5","-100.00","3796","0","-330","0","0","","0","0","0","","",""
"080101","0002","0","376000","376500","377000","377500","378000","378500","379000","379500","380000","380500","375500","375000","374500","374000","373500","373000","372500","372000","371500","371000","3","410","67","50","46","35","175","53","37","31","218","391","100","234","39","71","57","42","84","171","907","1407","0","0","0","0","0","-379000","5","-100.00","3799","-3","0","0","0","","0","0","0","","",""
"080101","0003","0","376500","377000","377500","378000","378500","379000","379500","380000","380500","381000","376000","375500","375000","374500","374000","373500","373000","372500","372000","371500","380","67","50","46","25","175","53","37","31","149","97","208","391","100","234","39","71","57","42","84","1013","1323","0","0","0","0","0","-379000","5","-100.00","3842","106","-84","0","0","","0","0","0","","",""
"080102","0000","0","376500","377000","377500","378000","378500","379000","379500","380000","380500","381000","376000","375500","375000","374500","374000","373500","373000","372500","372000","371500","380","67","50","46","25","175","53","37","31","149","90","208","392","100","234","39","71","57","42","84","1013","1317","0","0","0","0","0","-379000","5","-100.00","3849","0","-7","0","0","","0","0","0","","",""
"080102","0001","0","376500","377000","377500","378000","378500","379000","379500","380000","380500","381000","376000","375500","375000","374500","374000","373500","373000","372500","372000","371500","378","67","50","46","25","175","53","37","31","149","90","209","392","100","234","39","71","57","42","84","1011","1318","0","0","0","0","0","-379000","5","-100.00","3851","-2","1","0","0","","0","0","0","","",""
"080102","0002","0","376500","377000","377500","378000","378500","379000","380000","380500","381000","381500","376000","375500","375000","374500","374000","373500","373000","372500","372000","371500","378","67","50","46","25","175","37","31","149","63","37","209","392","100","234","39","72","57","42","84","1021","1266","0","0","0","0","0","-379000","5","-100.00","3904","10","-52","0","0","","0","0","0","","",""
"080102","0003","0","376500","377000","377500","378000","378500","379000","380000","380500","381000","381500","376000","375500","375000","374500","374000","373500","373000","372500","372000","371500","375","67","50","46","25","175","37","31","149","63","10","209","392","100","234","39","73","57","42","84","1018","1240","0","0","0","0","0","-379000","5","-100.00","3934","-3","1","0","0","","0","0","0","","",""
"080102","0004","0","376500","377000","377500","378000","378500","379000","380000","380500","381000","381500","375500","375000","374500","374000","373500","373000","372500","372000","371500","371000","375","67","50","46","25","116","37","31","149","63","160","392","100","234","39","73","57","42","84","171","959","1352","0","0","0","0","0","-379000","5","-100.00","3993","-59","112","0","0","","0","0","0","","",""
"080103","0000","0","376500","377000","377500","378000","378500","379000","380000","380500","381000","381500","376000","375500","375000","374500","374000","373500","373000","372500","372000","371500","375","67","50","46","25","116","37","31","149","63","5","160","392","100","234","39","73","57","42","84","959","1186","0","0","0","0","0","-379000","5","-100.00","3993","0","-166","0","0","","0","0","0","","",""
"080103","0001","0","376500","377000","377500","378000","378500","379000","380000","380500","381000","381500","376000","375500","375000","374500","374000","373500","373000","372500","372000","371500","376","67","50","46","25","114","37","31","149","63","3","161","392","100","234","39","75","57","42","84","958","1187","0","0","0","0","0","-379000","5","-100.00","3995","1","0","0","0","","0","0","0","","",""
"080103","0002","0","376500","377000","377500","378000","378500","379000","380000","380500","381000","381500","376000","375500","375000","374500","374000","373500","373000","372500","372000","371500","376","67","50","46","25","113","37","31","149","63","122","163","389","100","237","39","75","57","52","84","957","1318","0","0","0","0","0","-379000","5","-100.00","3995","0","71","0","0","","0","0","0","","",""
"080103","0003","0","376500","377000","377500","378000","378500","379000","380000","380500","381000","381500","376000","375500","375000","374500","374000","373500","373000","372500","372000","371500","376","67","50","46","25","113","37","31","149","63","172","164","389","100","237","39","85","57","52","84","957","1379","0","0","0","0","0","-379000","5","-100.00","3995","0","61","0","0","","0","0","0","","",""
"080104","0000","0","376500","377000","377500","378000","378500","379000","380000","380500","381000","381500","376000","375500","375000","374500","374000","373500","373000","372500","372000","371500","108","17","50","46","25","113","37","31","149","63","126","165","389","100","237","38","85","57","52","85","639","1334","0","0","0","0","0","-379000","5","-100.00","4314","0","5","0","0","","0","0","0","","",""
"080104","0001","0","377500","378000","378500","379000","380000","380500","381000","381500","382500","383000","376500","376000","375500","375000","374500","374000","373500","373000","372500","372000","50","46","25","113","37","31","149","63","5","78","25","130","165","389","100","237","38","85","57","52","597","1278","0","0","0","0","0","-379000","5","-100.00","4439","-42","-56","0","0","","0","0","0","","",""
"080104","0002","0","377500","378000","378500","379000","380000","380500","381000","381500","382500","383000","376000","375500","375000","374500","374000","373500","373000","372500","372000","371500","50","46","53","113","37","31","149","63","5","78","117","265","389","100","237","38","85","57","52","85","625","1425","0","0","0","0","0","-379000","5","-100.00","4477","28","100","0","0","","0","0","0","","",""
"080104","0003","0","377500","378000","378500","379000","380000","380500","381000","381500","382500","383000","376000","375500","375000","374500","374000","373500","373000","372500","372000","371500","50","46","53","113","37","31","149","63","5","78","68","322","389","100","237","38","85","57","52","85","625","1433","0","0","0","0","0","-379000","5","-100.00","4527","0","8","0","0","","0","0","0","","",""
"080105","0000","0","377500","378000","378500","379000","380000","380500","381000","381500","382500","383000","376000","375500","375000","374500","374000","373500","373000","372500","372000","371500","50","46","53","113","37","31","149","63","5","78","63","322","389","100","237","38","85","57","52","85","625","1428","0","0","0","0","0","-379000","5","-100.00","4538","0","-11","0","0","","0","0","0","","",""
"080105","0001","0","377500","378000","378500","379000","380000","380500","381000","381500","382500","383000","376000","375500","375000","374500","374000","373500","373000","372500","372000","371500","50","46","53","113","37","31","149","63","5","78","63","325","389","100","237","38","85","57","52","85","625","1431","0","0","0","0","0","-379000","5","-100.00","4538","0","3","0","0","","0","0","0","","",""
"080105","0002","0","377500","378000","378500","379000","380000","380500","381000","381500","382500","383000","376000","375500","375000","374500","374000","373500","373000","372500","372000","371500","24","46","53","113","37","31","149","63","5","78","48","335","389","100","237","38","85","57","54","86","599","1429","0","0","0","0","0","-379000","5","-100.00","4579","0","-3","0","0","","0","0","0","","",""
"080106","0000","0","377500","378000","378500","379000","380000","380500","381000","381500","382500","383000","376000","375500","375000","374500","374000","373500","373000","372500","372000","371500","24","46","53","113","37","31","159","63","5","78","498","335","399","100","237","38","85","57","54","86","609","1889","0","0","0","0","0","-379000","5","-100.00","4579","10","460","0","0","","0","0","0","","",""
"080106","0001","0","377500","378000","378500","379000","380000","380500","381000","381500","382500","383000","376000","375500","375000","374500","374000","373500","373000","372500","372000","371500","24","46","53","113","37","31","159","63","5","78","478","336","399","100","237","38","85","57","54","86","609","1870","0","0","0","0","0","-379000","5","-100.00","4599","0","-19","0","0","","0","0","0","","",""
"080106","0002","0","377500","378000","378500","379000","380000","380500","381000","381500","382500","383000","376000","375500","375000","374500","374000","373500","373000","372500","372000","371500","24","46","53","103","37","31","159","63","5","78","452","337","399","100","237","38","85","57","54","86","599","1845","0","0","0","0","0","-379000","5","-100.00","4625","-10","-9","0","0","","0","0","0","","",""
