"time","millisec","HOUR_CLS_CODE","ASKP1","ASKP2","ASKP3","ASKP4","ASKP5","ASKP6","ASKP7","ASKP8","ASKP9","ASKP10","BIDP1","BIDP2","BIDP3","BIDP4","BIDP5","BIDP6","BIDP7","BIDP8","BIDP9","BIDP10","ASKP_RSQN1","ASKP_RSQN2","ASKP_RSQN3","ASKP_RSQN4","ASKP_RSQN5","ASKP_RSQN6","ASKP_RSQN7","ASKP_RSQN8","ASKP_RSQN9","ASKP_RSQN10","BIDP_RSQN1","BIDP_RSQN2","BIDP_RSQN3","BIDP_RSQN4","BIDP_RSQN5","BIDP_RSQN6","BIDP_RSQN7","BIDP_RSQN8","BIDP_RSQN9","BIDP_RSQN10","TOTAL_ASKP_RSQN","TOTAL_BIDP_RSQN","OVTM_TOTAL_ASKP_RSQN","OVTM_TOTAL_BIDP_RSQN","ANTC_CNPR","ANTC_CNQN","ANTC_VOL","ANTC_CNTG_VRSS","ANTC_CNTG_VRSS_SIGN","ANTC_CNTG_PRDY_CTRT","ACML_VOL","TOTAL_ASKP_RSQN_ICDC","TOTAL_BIDP_RSQN_ICDC","OVTM_TOTAL_ASKP_ICDC","OVTM_TOTAL_BIDP_ICDC","STCK_DEAL_CLS_CODE","KMID_PRC","KMID_TOTAL_RSQN","KMID_CLS_CODE","NMID_PRC","NMID_TOTAL_RSQN","NMID_CLS_CODE"
"080000","0000","0","803000","804000","806000","809000","813000","816000","820000","824000","829000","830000","789000","771000","770000","751000","741000","731000","722000","0","0","0","20","4","1","1","8","4","28","10","25","10","98","30","10","1","8","10","120","0","0","0","111","277","0","0","0","0","0","-789000","5","-100.00","0","0","0","0","0","","0","0","0","","",""
"080001","0000","0","799000","803000","804000","805000","806000","809000","813000","815000","816000","820000","794000","793000","792000","791000","789000","781000","774000","771000","770000","768000","14","20","4","20","1","4","8","1","5","28","1","15","1","1","121","1","64","30","10","1","105","245","0","0","0","0","0","-789000","5","-100.00","1","-6","-32","0","0","","0","0","0","","",""
"080001","0001","0","799000","803000","804000","805000","806000","809000","812000","813000","815000","816000","797000","794000","793000","792000","791000","790000","789000","786000","782000","781000","14","20","4","20","1","4","22","8","1","5","7","1","15","177","1","1","136","1","54","1","99","394","0","0","0","0","0","-789000","5","-100.00","1","-6","149","0","0","","0","0","0","","",""
"080002","0000","0","812000","813000","815000","816000","818000","819000","820000","821000","824000","828000","806000","803000","802000","797000","795000","794000","793000","792000","791000","790000","22","8","1","5","10","1","29","15","10","10","1","2","162","10","3","4","18","177","4","5","111","386","0","0","0","0","0","-789000","5","-100.00","69","12","-8","0","0","","0","0","0","","",""
"080003","0000","0","812000","813000","815000","816000","818000","819000","820000","821000","824000","828000","803000","802000","799000","797000","795000","794000","793000","792000","791000","790000","22","8","1","5","10","1","29","15","10","10","1","162","2","10","3","4","18","177","4","5","111","386","0","0","0","0","0","-789000","5","-100.00","91","0","0","0","0","","0","0","0","","",""
"080003","0001","0","806000","808000","811000","812000","813000","815000","816000","818000","819000","820000","804000","803000","802000","799000","797000","795000","794000","793000","792000","791000","7","1","1","19","8","1","5","10","1","30","2","1","162","2","10","3","4","18","177","4","83","383","0","0","0","0","0","-789000","5","-100.00","97","-28","-3","0","0","","0","0","0","","",""
"080004","0000","0","804000","806000","808000","811000","812000","813000","815000","816000","818000","819000","803000","802000","799000","797000","795000","794000","793000","792000","791000","790000","1","620","1","1","19","8","1","5","10","1","1","162","2","10","3","4","18","177","47","6","667","430","0","0","0","0","0","-789000","5","-100.00","97","584","47","0","0","","0","0","0","","",""
"080004","0001","0","806000","808000","811000","812000","813000","815000","816000","818000","819000","820000","803000","802000","799000","797000","795000","794000","793000","792000","791000","790000","618","1","1","19","8","1","5","10","1","30","1","162","2","10","3","4","18","177","47","6","694","430","0","0","0","0","0","-789000","5","-100.00","100","27","0","0","0","","0","0","0","","",""
"080004","0002","0","815000","816000","818000","819000","820000","821000","824000","828000","829000","830000","813000","802000","799000","797000","795000","794000","793000","792000","791000","790000","1","5","10","1","30","15","10","11","25","10","16","126","2","10","3","4","18","177","66","6","118","428","0","0","0","0","0","-789000","5","-100.00","786","-576","-2","0","0","","0","0","0","","",""
"080005","0000","0","815000","816000","818000","819000","820000","821000","824000","828000","829000","830000","813000","802000","799000","797000","795000","794000","793000","792000","791000","790000","1","5","10","1","30","15","10","11","25","10","4","126","2","10","3","4","18","177","66","11","118","421","0","0","0","0","0","-789000","5","-100.00","798","0","-7","0","0","","0","0","0","","",""
"080005","0001","0","815000","816000","818000","819000","820000","821000","824000","828000","829000","830000","802000","799000","797000","796000","795000","794000","793000","792000","791000","790000","2","5","10","3","30","15","10","11","25","10","123","2","10","2","3","4","18","177","66","11","121","416","0","0","0","0","0","-789000","5","-100.00","807","3","-5","0","0","","0","0","0","","",""
"080005","0002","0","815000","816000","818000","819000","820000","821000","824000","828000","829000","830000","810000","804000","803000","802000","799000","798000","797000","796000","795000","794000","3","5","10","3","30","15","10","11","25","10","1","5","5","123","2","2","10","2","3","4","122","157","0","0","0","0","0","-789000","5","-100.00","816","1","-259","0","0","","0","0","0","","",""
"080006","0000","0","809000","814000","815000","816000","818000","819000","820000","821000","824000","828000","804000","803000","802000","799000","798000","797000","796000","795000","794000","793000","1","1","3","5","10","3","30","15","10","11","5","5","123","2","2","10","2","3","4","18","89","174","0","0","0","0","0","-789000","5","-100.00","817","-33","17","0","0","","0","0","0","","",""
"080006","0001","0","809000","814000","815000","816000","818000","819000","820000","821000","824000","828000","804000","803000","802000","799000","798000","797000","796000","795000","794000","793000","1","1","3","5","10","3","30","15","10","11","5","5","123","2","2","10","2","3","9","18","89","179","0","0","0","0","0","-789000","5","-100.00","817","0","5","0","0","","0","0","0","","",""
"080007","0000","0","809000","816000","818000","819000","820000","821000","824000","828000","829000","830000","805000","804000","803000","802000","799000","798000","797000","796000","795000","794000","9","5","10","3","30","15","10","11","25","10","1","5","6","223","2","2","10","2","3","9","128","263","0","0","0","0","0","-789000","5","-100.00","917","39","84","0","0","","0","0","0","","",""
"080007","0001","0","809000","816000","818000","819000","820000","821000","824000","828000","829000","830000","804000","803000","802000","799000","798000","797000","796000","795000","794000","793000","15","5","10","3","30","15","10","11","25","10","5","6","223","2","2","10","2","3","9","18","134","280","0","0","0","0","0","-789000","5","-100.00","918","6","17","0","0","","0","0","0","","",""
"080007","0002","0","806000","809000","812000","815000","816000","818000","819000","820000","821000","824000","803000","802000","799000","798000","797000","796000","795000","794000","793000","792000","7","9","1","1","5","15","3","30","15","10","5","223","2","2","10","2","3","9","18","177","96","451","0","0","0","0","0","-789000","5","-100.00","926","-38","171","0","0","","0","0","0","","",""
"080008","0000","0","808000","809000","812000","814000","815000","816000","818000","819000","820000","821000","803000","802000","799000","798000","797000","796000","795000","794000","793000","792000","6","10","1","5","1","5","15","3","30","15","5","223","2","2","10","2","3","9","18","177","91","451","0","0","0","0","0","-789000","5","-100.00","938","-5","0","0","0","","0","0","0","","",""
"080008","0001","0","808000","809000","812000","814000","815000","816000","818000","819000","820000","821000","803000","802000","799000","798000","797000","796000","795000","794000","793000","792000","6","10","1","12","1","5","15","3","30","15","5","223","2","2","10","2","3","9","18","177","98","451","0","0","0","0","0","-789000","5","-100.00","938","7","0","0","0","","0","0","0","","",""
"080009","0000","0","809000","812000","813000","814000","815000","816000","818000","819000","820000","821000","803000","802000","799000","798000","797000","796000","795000","794000","793000","792000","4","1","1","12","1","5","15","3","30","15","7","223","2","2","10","2","3","9","18","177","87","453","0","0","0","0","0","-789000","5","-100.00","953","-11","2","0","0","","0","0","0","","",""
"080009","0001","0","809000","812000","813000","814000","815000","816000","818000","819000","820000","821000","805000","803000","802000","799000","798000","797000","796000","795000","794000","793000","6","1","1","12","1","5","15","3","30","15","3","3","223","2","2","10","2","3","9","18","89","275","0","0","0","0","0","-789000","5","-100.00","953","2","-178","0","0","","0","0","0","","",""
"080009","0002","0","808000","809000","812000","813000","814000","815000","816000","818000","819000","820000","805000","803000","802000","799000","798000","797000","796000","795000","794000","793000","10","6","1","1","13","1","5","15","3","30","3","3","223","2","2","10","2","3","9","18","85","275","0","0","0","0","0","-789000","5","-100.00","953","-4","0","0","0","","0","0","0","","",""
"080010","0000","0","809000","812000","813000","814000","815000","816000","818000","819000","820000","821000","805000","803000","802000","799000","798000","797000","796000","795000","794000","793000","6","1","1","13","6","5","15","3","119","15","1","3","223","2","2","10","2","3","9","18","184","273","0","0","0","0","0","-789000","5","-100.00","965","99","-2","0","0","","0","0","0","","",""
"080010","0001","0","811000","812000","813000","814000","815000","816000","818000","819000","820000","821000","808000","806000","805000","803000","802000","799000","797000","796000","795000","794000","5","7","1","13","6","5","15","3","119","15","1","24","45","3","223","2","10","2","3","9","189","322","0","0","0","0","0","-789000","5","-100.00","965","5","49","0","0","","0","0","0","","",""
"080010","0002","0","811000","812000","813000","814000","815000","816000","818000","819000","820000","821000","809000","808000","806000","805000","804000","803000","802000","799000","797000","796000","5","7","1","13","6","5","15","3","119","15","17","1","24","45","1","103","123","2","10","2","189","328","0","0","0","0","0","-789000","5","-100.00","965","0","6","0","0","","0","0","0","","",""
"080010","0003","0","808000","812000","813000","814000","815000","816000","818000","819000","820000","821000","806000","805000","804000","803000","802000","799000","797000","796000","795000","794000","1","2","2","13","6","6","15","13","119","15","24","45","1","103","123","2","10","2","3","9","192","322","0","0","0","0","0","-789000","5","-100.00","983","3","-6","0","0","","0","0","0","","",""
"080011","0000","0","808000","809000","812000","813000","814000","815000","816000","818000","819000","820000","806000","805000","804000","803000","802000","799000","797000","796000","795000","794000","1","10","2","2","13","6","6","15","13","119","24","45","1","103","123","2","10","2","3","9","187","322","0","0","0","0","0","-789000","5","-100.00","983","-5","0","0","0","","0","0","0","","",""
"080011","0001","0","808000","809000","812000","813000","814000","815000","816000","818000","819000","820000","806000","805000","804000","803000","802000","799000","797000","796000","795000","794000","1","20","2","2","13","6","6","15","13","118","24","45","31","109","123","2","10","2","3","9","196","358","0","0","0","0","0","-789000","5","-100.00","983","9","36","0","0","","0","0","0","","",""
"080012","0000","0","809000","812000","813000","814000","815000","816000","818000","819000","820000","821000","806000","805000","804000","803000","802000","799000","797000","796000","795000","794000","17","2","2","13","6","6","15","78","118","15","24","45","31","109","124","2","10","2","3","9","272","359","0","0","0","0","0","-789000","5","-100.00","987","76","1","0","0","","0","0","0","","",""
"080012","0001","0","809000","812000","813000","814000","815000","816000","818000","819000","820000","821000","806000","805000","804000","803000","802000","799000","797000","796000","795000","794000","16","2","2","13","6","6","15","78","118","15","24","46","31","109","124","2","10","2","3","9","271","360","0","0","0","0","0","-789000","5","-100.00","988","-1","1","0","0","","0","0","0","","",""
"080012","0002","0","808000","809000","812000","813000","814000","815000","816000","818000","819000","820000","806000","805000","804000","803000","802000","799000","797000","796000","795000","794000","1","16","2","2","13","6","6","15","78","118","24","46","31","109","124","2","10","1","3","9","257","359","0","0","0","0","0","-789000","5","-100.00","988","-14","-1","0","0","","0","0","0","","",""
"080013","0000","0","808000","809000","811000","812000","813000","814000","815000","816000","818000","819000","806000","805000","804000","803000","802000","799000","797000","796000","795000","794000","1","16","5","2","2","13","6","6","15","78","17","48","31","109","124","2","10","1","3","9","144","354","0","0","0","0","0","-789000","5","-100.00","995","-113","-5","0","0","","0","0","0","","",""
"080013","0001","0","808000","809000","810000","811000","812000","813000","814000","815000","816000","818000","806000","805000","804000","803000","802000","800000","799000","797000","796000","795000","1","16","1","5","2","2","13","6","6","15","17","53","31","109","124","5","2","10","1","3","67","355","0","0","0","0","0","-789000","5","-100.00","995","-77","1","0","0","","0","0","0","","",""
"080013","0002","0","808000","809000","810000","811000","812000","813000","814000","815000","816000","818000","806000","805000","804000","803000","802000","800000","799000","797000","796000","795000","1","16","2","5","3","2","16","7","6","15","18","53","31","109","124","5","2","10","1","3","73","356","0","0","0","0","0","-789000","5","-100.00","995","6","1","0","0","","0","0","0","","",""
"080014","0000","0","807000","808000","809000","810000","811000","812000","813000","814000","815000","816000","806000","805000","804000","803000","802000","800000","799000","797000","796000","795000","6","15","16","2","5","3","2","16","7","6","10","53","31","109","124","5","2","10","1","3","78","348","0","0","0","0","0","-789000","5","-100.00","1003","5","-8","0","0","","0","0","0","","",""
"080014","0001","0","807000","808000","809000","810000","811000","812000","813000","814000","815000","816000","806000","805000","804000","803000","802000","800000","799000","797000","796000","795000","6","15","16","2","5","3","2","16","9","6","10","53","31","109","124","5","12","10","1","3","80","358","0","0","0","0","0","-789000","5","-100.00","1003","2","10","0","0","","0","0","0","","",""
"080014","0002","0","809000","810000","811000","812000","813000","814000","815000","816000","818000","819000","808000","806000","805000","804000","803000","802000","800000","799000","797000","796000","16","2","5","3","14","16","9","6","15","79","7","9","53","31","109","124","5","12","10","1","165","361","0","0","0","0","0","-789000","5","-100.00","1027","85","3","0","0","","0","0","0","","",""
"080014","0003","0","809000","810000","811000","812000","813000","814000","815000","816000","818000","819000","808000","806000","805000","804000","803000","802000","800000","799000","797000","796000","23","2","5","3","14","17","9","6","15","79","7","9","53","31","109","124","5","13","11","1","173","363","0","0","0","0","0","-789000","5","-100.00","1027","8","2","0","0","","0","0","0","","",""
"080015","0000","0","808000","811000","812000","813000","814000","815000","816000","818000","819000","820000","804000","803000","802000","800000","799000","797000","795000","794000","793000","792000","13","6","2","14","17","9","6","15","79","118","30","109","124","5","13","11","3","9","18","177","279","499","0","0","0","0","0","-789000","5","-100.00","1127","106","136","0","0","","0","0","0","","",""
"080015","0001","0","807000","808000","811000","812000","813000","814000","815000","816000","818000","819000","804000","803000","802000","800000","799000","797000","795000","794000","793000","792000","6","13","6","2","14","17","9","6","15","79","30","109","124","5","13","11","3","9","18","177","167","499","0","0","0","0","0","-789000","5","-100.00","1127","-112","0","0","0","","0","0","0","","",""
"080015","0002","0","807000","808000","809000","811000","812000","813000","814000","815000","816000","818000","804000","803000","802000","800000","799000","797000","795000","794000","793000","792000","6","39","1","6","2","14","17","9","6","15","30","122","124","15","13","11","3","9","18","177","115","522","0","0","0","0","0","-789000","5","-100.00","1127","-52","23","0","0","","0","0","0","","",""
"080016","0000","0","809000","811000","812000","813000","814000","815000","816000","818000","819000","820000","808000","805000","804000","803000","802000","800000","799000","797000","795000","794000","6","6","2","14","17","9","7","15","79","118","44","1","30","22","124","15","13","11","3","9","273","272","0","0","0","0","0","-789000","5","-100.00","1183","158","-250","0","0","","0","0","0","","",""
"080016","0001","0","812000","813000","814000","815000","816000","818000","819000","820000","821000","824000","809000","808000","805000","804000","803000","802000","801000","800000","799000","797000","4","14","17","10","7","15","79","118","15","10","2","44","1","30","22","124","75","15","13","11","289","337","0","0","0","0","0","-789000","5","-100.00","1209","16","65","0","0","","0","0","0","","",""
"080016","0002","0","810000","813000","814000","815000","816000","818000","819000","820000","821000","824000","808000","805000","804000","803000","802000","801000","800000","799000","797000","795000","13","14","17","10","7","15","79","118","15","10","49","1","30","22","124","75","45","13","11","3","298","373","0","0","0","0","0","-789000","5","-100.00","1216","9","36","0","0","","0","0","0","","",""
"080016","0003","0","810000","813000","814000","815000","816000","818000","819000","820000","821000","824000","808000","805000","804000","803000","802000","801000","800000","799000","797000","795000","13","14","17","10","7","15","79","119","15","10","49","1","30","22","124","75","46","13","11","3","299","374","0","0","0","0","0","-789000","5","-100.00","1216","1","1","0","0","","0","0","0","","",""
"080017","0000","0","810000","813000","814000","815000","816000","818000","819000","820000","821000","824000","808000","805000","804000","803000","802000","801000","800000","799000","797000","795000","17","14","17","10","7","15","79","119","15","10","35","1","30","22","124","75","46","13","11","3","303","360","0","0","0","0","0","-789000","5","-100.00","1231","4","-14","0","0","","0","0","0","","",""
"080017","0001","0","810000","812000","813000","814000","815000","816000","818000","819000","820000","821000","808000","805000","804000","803000","802000","801000","800000","799000","797000","795000","16","1","14","17","10","7","15","79","119","15","35","1","31","22","124","75","46","13","11","3","293","361","0","0","0","0","0","-789000","5","-100.00","1232","-10","1","0","0","","0","0","0","","",""
"080017","0002","0","810000","812000","813000","814000","815000","816000","818000","819000","820000","821000","808000","807000","806000","805000","804000","803000","802000","801000","800000","799000","12","4","14","17","10","7","15","79","119","15","54","14","3","1","31","22","124","75","46","13","292","383","0","0","0","0","0","-789000","5","-100.00","1232","-1","22","0","0","","0","0","0","","",""
"080018","0000","0","810000","812000","813000","814000","815000","816000","818000","819000","820000","821000","809000","808000","807000","806000","805000","804000","803000","802000","801000","800000","13","4","14","17","41","7","15","79","119","15","20","54","14","3","1","31","22","124","75","46","324","390","0","0","0","0","0","-789000","5","-100.00","1232","32","7","0","0","","0","0","0","","",""
"080018","0001","0","810000","812000","813000","814000","815000","816000","818000","819000","820000","821000","809000","808000","807000","806000","805000","804000","803000","802000","801000","800000","13","4","14","17","41","7","15","79","119","15","20","54","14","3","1","31","22","125","75","46","324","391","0","0","0","0","0","-789000","5","-100.00","1232","0","1","0","0","","0","0","0","","",""
"080018","0002","0","810000","812000","813000","814000","815000","816000","818000","819000","820000","821000","809000","808000","807000","806000","805000","804000","803000","802000","801000","800000","16","4","14","18","41","7","15","79","119","15","10","54","14","72","1","31","22","130","75","46","328","455","0","0","0","0","0","-789000","5","-100.00","1242","4","64","0","0","","0","0","0","","",""
"080018","0003","0","812000","813000","814000","815000","816000","818000","819000","820000","821000","824000","810000","809000","808000","807000","806000","805000","804000","803000","802000","801000","8","14","18","41","7","15","79","119","15","10","51","10","54","14","72","1","31","22","130","75","326","460","0","0","0","0","0","-789000","5","-100.00","1258","-2","5","0","0","","0","0","0","","",""
"080019","0000","0","812000","813000","814000","815000","816000","818000","819000","820000","821000","824000","810000","809000","808000","807000","806000","805000","804000","803000","802000","801000","8","14","38","41","7","15","79","119","15","10","51","10","54","14","72","2","31","22","130","75","346","461","0","0","0","0","0","-789000","5","-100.00","1258","20","1","0","0","","0","0","0","","",""
"080019","0001","0","812000","813000","814000","815000","816000","818000","819000","820000","821000","824000","810000","809000","808000","807000","806000","805000","804000","803000","802000","801000","8","14","38","41","7","15","80","119","15","10","47","10","54","14","72","2","31","96","134","75","347","535","0","0","0","0","0","-789000","5","-100.00","1262","1","74","0","0","","0","0","0","","",""
"080019","0002","0","811000","812000","813000","814000","815000","816000","818000","819000","820000","821000","810000","809000","808000","807000","806000","805000","804000","803000","802000","801000","60","4","14","38","41","7","15","80","119","15","17","10","57","14","72","6","31","96","135","75","393","513","0","0","0","0","0","-789000","5","-100.00","1292","46","-22","0","0","","0","0","0","","",""
"080020","0000","0","810000","811000","812000","813000","814000","815000","816000","818000","819000","820000","809000","808000","807000","806000","805000","804000","803000","802000","801000","800000","26","60","4","17","38","41","7","15","80","122","15","57","14","72","6","31","96","135","75","46","410","547","0","0","0","0","0","-789000","5","-100.00","1309","17","34","0","0","","0","0","0","","",""
"080020","0001","0","810000","811000","812000","813000","814000","815000","816000","818000","819000","820000","809000","808000","807000","806000","805000","804000","803000","802000","801000","800000","26","60","4","17","48","41","8","15","80","123","15","57","14","72","6","31","96","135","75","46","422","547","0","0","0","0","0","-789000","5","-100.00","1309","12","0","0","0","","0","0","0","","",""
"080020","0002","0","810000","811000","812000","813000","814000","815000","816000","818000","819000","820000","809000","808000","807000","806000","805000","804000","803000","802000","801000","800000","36","66","4","17","48","41","8","15","80","123","16","57","14","72","6","31","96","135","75","46","438","548","0","0","0","0","0","-789000","5","-100.00","1309","16","1","0","0","","0","0","0","","",""
"080020","0003","0","810000","811000","812000","813000","814000","815000","816000","818000","819000","820000","808000","807000","806000","805000","804000","803000","802000","801000","800000","799000","23","66","6","17","48","41","8","15","80","123","46","14","72","6","31","96","135","75","46","14","427","535","0","0","0","0","0","-789000","5","-100.00","1353","-11","-13","0","0","","0","0","0","","",""
"080021","0000","0","810000","811000","812000","813000","814000","815000","816000","818000","819000","820000","808000","807000","806000","805000","804000","803000","802000","801000","800000","799000","53","66","32","17","48","41","8","15","84","105","46","14","72","6","36","96","135","75","46","14","469","540","0","0","0","0","0","-789000","5","-100.00","1354","42","5","0","0","","0","0","0","","",""
"080021","0001","0","810000","811000","812000","813000","814000","815000","816000","818000","819000","820000","808000","807000","806000","805000","804000","803000","802000","801000","800000","799000","50","66","33","18","57","41","8","20","84","106","47","14","72","6","36","96","135","75","46","14","483","541","0","0","0","0","0","-789000","5","-100.00","1357","14","1","0","0","","0","0","0","","",""
"080021","0002","0","810000","811000","812000","813000","814000","815000","816000","818000","819000","820000","808000","807000","806000","805000","804000","803000","802000","801000","800000","799000","60","66","33","18","57","41","8","20","84","106","47","114","72","6","36","203","135","75","46","14","493","748","0","0","0","0","0","-789000","5","-100.00","1357","10","207","0","0","","0","0","0","","",""
"080022","0000","0","810000","811000","812000","813000","814000","815000","816000","818000","819000","820000","808000","807000","806000","805000","804000","803000","802000","801000","800000","799000","61","66","33","19","58","41","8","20","84","106","47","114","72","6","36","203","139","75","46","14","496","752","0","0","0","0","0","-789000","5","-100.00","1358","3","4","0","0","","0","0","0","","",""
"080022","0001","0","810000","811000","812000","813000","814000","815000","816000","818000","819000","820000","808000","807000","806000","805000","804000","803000","802000","801000","800000","799000","61","66","33","23","58","41","8","20","84","106","342","114","72","6","36","203","139","75","46","14","500","1047","0","0","0","0","0","-789000","5","-100.00","1363","4","295","0","0","","0","0","0","","",""
"080022","0002","0","810000","811000","812000","813000","814000","815000","816000","818000","819000","820000","808000","807000","806000","805000","804000","803000","802000","801000","800000","799000","57","66","34","43","58","41","8","20","84","106","342","114","72","6","36","203","139","75","46","14","517","1047","0","0","0","0","0","-789000","5","-100.00","1367","17","0","0","0","","0","0","0","","",""
"080022","0003","0","810000","811000","812000","813000","814000","815000","816000","818000","819000","820000","808000","807000","806000","805000","804000","803000","802000","801000","800000","799000","59","68","59","43","58","39","8","20","84","106","442","114","72","6","36","203","139","75","46","14","544","1147","0","0","0","0","0","-789000","5","-100.00","1367","27","100","0","0","","0","0","0","","",""
"080023","0000","0","809000","810000","811000","812000","813000","814000","815000","816000","818000","819000","808000","807000","806000","805000","804000","803000","802000","801000","800000","799000","1","59","68","59","43","58","39","8","20","84","442","114","72","6","36","203","139","75","46","14","439","1147","0","0","0","0","0","-789000","5","-100.00","1368","-105","0","0","0","","0","0","0","","",""
"080023","0001","0","811000","812000","813000","814000","815000","816000","818000","819000","820000","821000","810000","809000","808000","807000","806000","805000","804000","803000","802000","801000","68","59","52","59","39","8","20","90","106","15","30","1","442","114","72","6","36","203","139","75","516","1118","0","0","0","0","0","-789000","5","-100.00","1428","77","-29","0","0","","0","0","0","","",""
"080023","0002","0","811000","812000","813000","814000","815000","816000","818000","819000","820000","821000","810000","809000","808000","807000","806000","805000","804000","803000","802000","801000","68","60","52","59","39","8","20","90","106","15","31","1","441","114","72","6","36","203","139","75","517","1118","0","0","0","0","0","-789000","5","-100.00","1428","1","0","0","0","","0","0","0","","",""
"080024","0000","0","811000","812000","813000","814000","815000","816000","818000","819000","820000","821000","810000","809000","808000","807000","806000","805000","804000","803000","802000","801000","69","60","52","59","39","8","20","90","106","15","16","3","441","114","72","6","36","203","139","75","518","1105","0","0","0","0","0","-789000","5","-100.00","1443","1","-13","0","0","","0","0","0","","",""
"080024","0001","0","811000","812000","813000","814000","815000","816000","818000","819000","820000","821000","810000","809000","808000","807000","806000","805000","804000","803000","802000","801000","69","60","52","59","39","8","20","90","106","15","17","3","441","114","72","16","36","203","140","75","518","1117","0","0","0","0","0","-789000","5","-100.00","1443","0","12","0","0","","0","0","0","","",""
"080024","0002","0","811000","812000","813000","814000","815000","816000","818000","819000","820000","821000","808000","807000","806000","805000","804000","803000","802000","801000","800000","799000","69","60","52","59","39","8","20","90","106","15","441","116","72","16","36","203","140","75","62","14","518","1175","0","0","0","0","0","-789000","5","-100.00","1471","0","58","0","0","","0","0","0","","",""
"080025","0000","0","810000","811000","812000","813000","814000","815000","816000","818000","819000","820000","808000","807000","806000","805000","804000","803000","802000","801000","800000","799000","2","69","60","52","60","39","8","20","90","106","442","116","72","32","36","203","140","75","62","14","506","1192","0","0","0","0","0","-789000","5","-100.00","1471","-12","17","0","0","","0","0","0","","",""
"080025","0001","0","810000","811000","812000","813000","814000","815000","816000","818000","819000","820000","808000","807000","806000","805000","804000","803000","802000","801000","800000","799000","2","69","60","52","60","39","8","20","90","110","442","116","72","32","36","203","140","75","63","14","510","1193","0","0","0","0","0","-789000","5","-100.00","1471","4","1","0","0","","0","0","0","","",""
"080025","0002","0","810000","811000","812000","813000","814000","815000","816000","818000","819000","820000","808000","807000","806000","805000","804000","803000","802000","801000","800000","799000","3","69","60","52","60","39","8","20","90","113","442","116","72","32","36","203","140","75","63","14","514","1193","0","0","0","0","0","-789000","5","-100.00","1471","4","0","0","0","","0","0","0","","",""
"080025","0003","0","810000","811000","812000","813000","814000","815000","816000","818000","819000","820000","808000","807000","806000","805000","804000","803000","802000","801000","800000","799000","1","69","61","52","60","39","8","20","90","113","441","116","72","32","36","203","140","75","63","14","513","1192","0","0","0","0","0","-789000","5","-100.00","1474","-1","-1","0","0","","0","0","0","","",""
"080026","0000","0","810000","811000","812000","813000","814000","815000","816000","818000","819000","820000","808000","807000","806000","805000","804000","803000","802000","801000","800000","799000","13","70","61","52","60","39","8","20","90","113","437","116","72","32","36","203","140","75","63","14","526","1188","0","0","0","0","0","-789000","5","-100.00","1484","13","-4","0","0","","0","0","0","","",""
"080026","0001","0","810000","811000","812000","813000","814000","815000","816000","818000","819000","820000","808000","807000","806000","805000","804000","803000","802000","801000","800000","799000","13","70","61","52","60","39","8","20","90","113","437","116","72","34","36","203","140","75","63","14","526","1190","0","0","0","0","0","-789000","5","-100.00","1484","0","2","0","0","","0","0","0","","",""
"080026","0002","0","810000","811000","812000","813000","814000","815000","816000","818000","819000","820000","809000","808000","807000","806000","805000","804000","803000","802000","801000","800000","20","70","61","52","61","39","8","20","106","113","1","437","116","72","34","36","203","140","75","63","550","1177","0","0","0","0","0","-789000","5","-100.00","1484","24","-13","0","0","","0","0","0","","",""
"080027","0000","0","810000","811000","812000","813000","814000","815000","816000","818000","819000","820000","809000","808000","807000","806000","805000","804000","803000","802000","801000","800000","18","85","61","52","61","39","8","20","106","113","1","437","116","72","39","36","203","140","75","63","563","1182","0","0","0","0","0","-789000","5","-100.00","1489","13","5","0","0","","0","0","0","","",""
"080027","0001","0","810000","811000","812000","813000","814000","815000","816000","818000","819000","820000","809000","808000","807000","806000","805000","804000","803000","802000","801000","800000","26","85","61","52","61","39","8","20","116","113","1","437","116","72","39","36","203","140","75","63","581","1182","0","0","0","0","0","-789000","5","-100.00","1491","18","0","0","0","","0","0","0","","",""
"080027","0002","0","810000","811000","812000","813000","814000","815000","816000","818000","819000","820000","808000","807000","806000","805000","804000","803000","802000","801000","800000","799000","12","85","61","52","61","39","8","20","116","113","437","116","72","39","36","203","140","75","63","33","567","1214","0","0","0","0","0","-789000","5","-100.00","1509","-14","32","0","0","","0","0","0","","",""
"080028","0000","0","810000","811000","812000","813000","814000","815000","816000","818000","819000","820000","809000","808000","807000","806000","805000","804000","803000","802000","801000","800000","12","85","61","52","61","39","8","20","116","113","1","425","116","72","40","36","190","140","75","64","567","1159","0","0","0","0","0","-789000","5","-100.00","1538","0","-55","0","0","","0","0","0","","",""
"080028","0001","0","811000","812000","813000","814000","815000","816000","818000","819000","820000","821000","810000","808000","807000","806000","805000","804000","803000","802000","801000","800000","85","61","52","61","39","8","20","116","113","15","40","396","116","3","40","36","190","140","75","64","570","1100","0","0","0","0","0","-789000","5","-100.00","1597","3","-59","0","0","","0","0","0","","",""
"080028","0002","0","811000","812000","813000","814000","815000","816000","818000","819000","820000","821000","810000","808000","807000","806000","805000","804000","803000","802000","801000","800000","85","61","52","61","39","8","20","116","113","15","39","396","116","3","40","36","190","140","75","64","570","1099","0","0","0","0","0","-789000","5","-100.00","1598","0","-1","0","0","","0","0","0","","",""
"080029","0000","0","811000","812000","813000","814000","815000","816000","818000","819000","820000","821000","810000","808000","807000","806000","805000","804000","803000","802000","801000","800000","72","61","52","61","39","8","20","116","113","15","21","396","116","3","40","36","190","140","75","64","557","1081","0","0","0","0","0","-789000","5","-100.00","1629","-13","-18","0","0","","0","0","0","","",""
"080029","0001","0","811000","812000","813000","814000","815000","816000","818000","819000","820000","821000","810000","808000","807000","806000","805000","804000","803000","802000","801000","800000","118","61","52","61","39","8","20","116","113","15","15","397","116","3","40","36","190","140","75","64","603","1076","0","0","0","0","0","-789000","5","-100.00","1637","46","-5","0","0","","0","0","0","","",""
"080029","0002","0","809000","810000","811000","812000","813000","814000","815000","816000","818000","819000","808000","807000","806000","805000","804000","803000","802000","801000","800000","799000","2","12","119","60","52","61","39","8","20","116","397","116","8","40","36","190","140","75","64","33","489","1099","0","0","0","0","0","-789000","5","-100.00","1731","-114","23","0","0","","0","0","0","","",""
"080029","0003","0","809000","810000","811000","812000","813000","814000","815000","816000","818000","819000","808000","807000","806000","805000","804000","803000","802000","801000","800000","799000","1","52","119","60","52","61","39","8","20","116","397","116","8","40","36","190","140","75","64","33","528","1099","0","0","0","0","0","-789000","5","-100.00","1732","39","0","0","0","","0","0","0","","",""
"080030","0000","0","809000","810000","811000","812000","813000","814000","815000","816000","818000","819000","808000","807000","806000","805000","804000","803000","802000","801000","800000","799000","2","56","121","35","52","61","39","8","20","116","397","116","8","40","36","190","140","75","64","33","510","1099","0","0","0","0","0","-789000","5","-100.00","1732","-18","0","0","0","","0","0","0","","",""
"080030","0001","0","809000","810000","811000","812000","813000","814000","815000","816000","818000","819000","808000","807000","806000","805000","804000","803000","802000","801000","800000","799000","2","56","122","35","52","61","39","8","20","116","399","116","8","40","36","190","140","75","390","33","511","1427","0","0","0","0","0","-789000","5","-100.00","1734","1","328","0","0","","0","0","0","","",""
"080030","0002","0","809000","810000","811000","812000","813000","814000","815000","816000","818000","819000","808000","807000","806000","805000","804000","803000","802000","801000","800000","799000","3","58","122","35","52","61","39","8","20","116","399","116","8","40","36","190","140","75","390","33","514","1427","0","0","0","0","0","-789000","5","-100.00","1734","3","0","0","0","","0","0","0","","",""
"080030","0003","0","809000","810000","811000","812000","813000","814000","815000","816000","818000","819000","808000","807000","806000","805000","804000","803000","802000","801000","800000","799000","33","67","122","35","52","58","39","8","20","201","399","116","8","40","36","190","140","75","390","33","635","1427","0","0","0","0","0","-789000","5","-100.00","1734","121","0","0","0","","0","0","0","","",""
"080031","0000","0","809000","810000","811000","812000","813000","814000","815000","816000","818000","819000","808000","807000","806000","805000","804000","803000","802000","801000","800000","799000","33","77","122","35","52","58","39","8","10","201","400","116","8","40","36","190","140","75","380","33","635","1418","0","0","0","0","0","-789000","5","-100.00","1734","0","-9","0","0","","0","0","0","","",""
"080031","0001","0","809000","810000","811000","812000","813000","814000","815000","816000","818000","819000","808000","807000","806000","805000","804000","803000","802000","801000","800000","799000","34","77","122","35","52","49","39","8","10","201","400","116","5","40","36","190","140","75","380","33","627","1415","0","0","0","0","0","-789000","5","-100.00","1734","-8","-3","0","0","","0","0","0","","",""
"080031","0002","0","809000","810000","811000","812000","813000","814000","815000","816000","818000","819000","808000","807000","806000","805000","804000","803000","802000","801000","800000","799000","33","79","122","35","52","49","39","8","10","201","400","116","9","40","32","190","140","75","380","35","628","1417","0","0","0","0","0","-789000","5","-100.00","1735","1","2","0","0","","0","0","0","","",""
"080031","0003","0","809000","810000","811000","812000","813000","814000","815000","816000","818000","819000","808000","807000","806000","805000","804000","803000","802000","801000","800000","799000","29","80","122","35","52","59","39","8","10","201","412","116","9","40","32","190","140","75","380","35","635","1429","0","0","0","0","0","-789000","5","-100.00","1740","7","12","0","0","","0","0","0","","",""
"080032","0000","0","809000","810000","811000","812000","813000","814000","815000","816000","818000","819000","808000","807000","806000","805000","804000","803000","802000","801000","800000","799000","30","81","122","45","52","58","39","8","10","201","404","116","9","40","32","190","140","75","380","35","646","1421","0","0","0","0","0","-789000","5","-100.00","1749","11","-8","0","0","","0","0","0","","",""
"080032","0001","0","809000","810000","811000","812000","813000","814000","815000","816000","818000","819000","808000","807000","806000","805000","804000","803000","802000","801000","800000","799000","27","81","140","27","52","58","39","9","10","201","404","116","9","40","32","190","140","76","380","35","644","1422","0","0","0","0","0","-789000","5","-100.00","1752","-2","1","0","0","","0","0","0","","",""
"080032","0002","0","809000","810000","811000","812000","813000","814000","815000","816000","818000","819000","808000","807000","806000","805000","804000","803000","802000","801000","800000","799000","28","81","140","27","52","58","39","9","10","201","412","116","9","40","32","190","140","76","380","35","645","1430","0","0","0","0","0","-789000","5","-100.00","1754","1","8","0","0","","0","0","0","","",""
"080032","0003","0","809000","810000","811000","812000","813000","814000","815000","816000","818000","819000","808000","807000","806000","805000","804000","803000","802000","801000","800000","799000","40","81","140","27","52","58","39","9","10","201","412","116","14","40","32","190","141","76","380","35","657","1436","0","0","0","0","0","-789000","5","-100.00","1755","12","6","0","0","","0","0","0","","",""
"080033","0000","0","809000","810000","811000","812000","813000","814000","815000","816000","818000","819000","808000","807000","806000","805000","804000","803000","802000","801000","800000","799000","40","81","140","27","52","58","39","9","10","201","511","116","15","40","32","190","141","76","380","35","657","1536","0","0","0","0","0","-789000","5","-100.00","1756","0","100","0","0","","0","0","0","","",""
"080033","0001","0","809000","810000","811000","812000","813000","814000","815000","816000","818000","819000","808000","807000","806000","805000","804000","803000","802000","801000","800000","799000","37","132","140","27","52","58","39","9","10","201","511","116","15","40","32","190","141","76","380","35","705","1536","0","0","0","0","0","-789000","5","-100.00","1759","48","0","0","0","","0","0","0","","",""
"080033","0002","0","809000","810000","811000","812000","813000","814000","815000","816000","818000","819000","808000","807000","806000","805000","804000","803000","802000","801000","800000","799000","37","132","140","27","52","70","39","9","10","201","514","116","15","90","32","190","141","76","380","35","717","1589","0","0","0","0","0","-789000","5","-100.00","1759","12","53","0","0","","0","0","0","","",""
"080033","0003","0","809000","810000","811000","812000","813000","814000","815000","816000","818000","819000","808000","807000","806000","805000","804000","803000","802000","801000","800000","799000","31","132","140","27","52","70","39","9","10","201","514","116","15","90","32","190","151","76","380","35","711","1599","0","0","0","0","0","-789000","5","-100.00","1765","-6","10","0","0","","0","0","0","","",""
"080034","0000","0","809000","810000","811000","812000","813000","814000","815000","816000","818000","819000","808000","807000","806000","805000","804000","803000","802000","801000","800000","799000","30","132","140","27","52","71","39","9","11","201","609","116","15","90","32","190","151","76","380","35","712","1694","0","0","0","0","0","-789000","5","-100.00","1771","1","95","0","0","","0","0","0","","",""
"080034","0001","0","809000","810000","811000","812000","813000","814000","815000","816000","818000","819000","808000","807000","806000","805000","804000","803000","802000","801000","800000","799000","10","152","140","27","52","71","39","9","11","201","604","116","15","90","32","190","151","76","380","25","712","1679","0","0","0","0","0","-789000","5","-100.00","1801","0","-15","0","0","","0","0","0","","",""
"080034","0002","0","809000","810000","811000","812000","813000","814000","815000","816000","818000","819000","808000","807000","806000","805000","804000","803000","802000","801000","800000","799000","6","153","140","27","52","71","39","9","11","201","1104","116","15","90","32","190","151","76","380","25","709","2179","0","0","0","0","0","-789000","5","-100.00","1805","-3","500","0","0","","0","0","0","","",""
"080035","0000","0","809000","810000","811000","812000","813000","814000","815000","816000","818000","819000","808000","807000","806000","805000","804000","803000","802000","801000","800000","799000","1","154","140","27","52","71","39","9","12","201","1117","116","15","90","32","190","151","76","381","24","706","2192","0","0","0","0","0","-789000","5","-100.00","1810","-3","13","0","0","","0","0","0","","",""
"080035","0001","0","809000","810000","811000","812000","813000","814000","815000","816000","818000","819000","808000","807000","806000","805000","804000","803000","802000","801000","800000","799000","4","152","139","27","52","71","39","9","12","201","1117","116","15","90","32","190","151","76","381","24","706","2192","0","0","0","0","0","-789000","5","-100.00","1810","0","0","0","0","","0","0","0","","",""
"080035","0002","0","809000","810000","811000","812000","813000","814000","815000","816000","818000","819000","808000","807000","806000","805000","804000","803000","802000","801000","800000","799000","4","152","139","27","52","71","38","9","12","201","1117","116","15","90","32","190","151","76","381","24","705","2192","0","0","0","0","0","-789000","5","-100.00","1811","-1","0","0","0","","0","0","0","","",""
"080035","0003","0","812000","813000","814000","815000","816000","818000","819000","820000","821000","824000","811000","810000","808000","807000","806000","805000","804000","803000","802000","801000","26","52","71","38","9","12","202","22","15","14","41","86","1117","166","15","90","32","190","151","76","461","1964","0","0","0","0","0","-789000","5","-100.00","2108","-244","-228","0","0","","0","0","0","","",""
"080036","0000","0","812000","813000","814000","815000","816000","818000","819000","820000","821000","824000","811000","810000","809000","808000","807000","806000","805000","804000","803000","802000","26","52","71","38","9","12","202","22","15","14","40","86","4","1146","166","15","90","39","190","151","461","1927","0","0","0","0","0","-789000","5","-100.00","2109","0","-37","0","0","","0","0","0","","",""
"080036","0001","0","814000","815000","816000","818000","819000","820000","821000","824000","825000","828000","812000","811000","810000","809000","808000","807000","806000","805000","804000","803000","71","38","9","12","202","22","15","14","1","11","8","35","58","4","1152","166","15","90","39","190","395","1757","0","0","0","0","0","-789000","5","-100.00","2200","-66","-170","0","0","","0","0","0","","",""
"080036","0002","0","814000","815000","816000","818000","819000","820000","821000","824000","825000","828000","812000","811000","810000","809000","808000","807000","806000","805000","804000","803000","71","38","9","12","202","22","15","14","1","11","9","35","58","54","1151","166","20","90","39","190","395","1812","0","0","0","0","0","-789000","5","-100.00","2200","0","55","0","0","","0","0","0","","",""
"080036","0003","0","814000","815000","816000","818000","819000","820000","821000","824000","825000","828000","811000","810000","809000","808000","807000","806000","805000","804000","803000","802000","71","38","9","12","202","22","15","14","1","11","31","58","54","1151","166","20","90","51","190","151","395","1962","0","0","0","0","0","-789000","5","-100.00","2213","0","150","0","0","","0","0","0","","",""
"080037","0000","0","814000","815000","816000","818000","819000","820000","821000","824000","825000","828000","812000","811000","810000","809000","808000","807000","806000","805000","804000","803000","71","38","9","12","202","22","15","14","1","11","5","31","58","56","1151","166","20","90","51","190","395","1818","0","0","0","0","0","-789000","5","-100.00","2213","0","-144","0","0","","0","0","0","","",""
"080037","0001","0","814000","815000","816000","818000","819000","820000","821000","824000","825000","828000","811000","810000","809000","808000","807000","806000","805000","804000","803000","802000","71","38","9","12","202","22","15","14","1","11","31","59","56","1152","166","20","90","51","190","150","395","1965","0","0","0","0","0","-789000","5","-100.00","2218","0","147","0","0","","0","0","0","","",""
"080037","0002","0","814000","815000","816000","818000","819000","820000","821000","824000","825000","828000","812000","811000","810000","809000","808000","807000","806000","805000","804000","803000","72","38","9","12","207","22","15","14","1","11","3","31","59","56","1160","166","20","90","51","190","401","1826","0","0","0","0","0","-789000","5","-100.00","2218","6","-139","0","0","","0","0","0","","",""
"080037","0003","0","814000","815000","816000","818000","819000","820000","821000","824000","825000","828000","812000","811000","810000","809000","808000","807000","806000","805000","804000","803000","72","38","9","12","207","22","15","14","1","11","3","31","61","66","1160","166","20","90","52","190","401","1839","0","0","0","0","0","-789000","5","-100.00","2218","0","13","0","0","","0","0","0","","",""
"080038","0000","0","814000","815000","816000","818000","819000","820000","821000","824000","825000","828000","812000","811000","810000","809000","808000","807000","806000","805000","804000","803000","72","38","9","12","207","22","15","14","1","11","4","31","61","66","1178","166","20","90","52","190","401","1858","0","0","0","0","0","-789000","5","-100.00","2218","0","19","0","0","","0","0","0","","",""
"080038","0001","0","814000","815000","816000","818000","819000","820000","821000","824000","825000","828000","812000","811000","810000","809000","808000","807000","806000","805000","804000","803000","72","38","9","12","207","27","15","14","1","11","4","31","61","79","1179","167","20","90","52","190","406","1873","0","0","0","0","0","-789000","5","-100.00","2218","5","15","0","0","","0","0","0","","",""
"080038","0002","0","814000","815000","816000","818000","819000","820000","821000","824000","825000","828000","812000","811000","810000","809000","808000","807000","806000","805000","804000","803000","72","38","9","12","207","32","15","14","1","11","4","31","61","79","1206","195","20","90","52","190","411","1928","0","0","0","0","0","-789000","5","-100.00","2218","5","55","0","0","","0","0","0","","",""
"080038","0003","0","814000","815000","816000","818000","819000","820000","821000","824000","825000","828000","812000","811000","810000","809000","808000","807000","806000","805000","804000","803000","72","41","9","12","207","32","15","14","1","11","5","31","61","79","1206","195","20","90","192","190","414","2069","0","0","0","0","0","-789000","5","-100.00","2218","3","141","0","0","","0","0","0","","",""
"080039","0000","0","818000","819000","820000","821000","824000","825000","828000","829000","830000","835000","815000","814000","812000","811000","810000","809000","808000","807000","806000","805000","13","207","32","15","14","1","11","207","10","370","40","72","5","35","8","106","1258","195","19","90","880","1828","0","0","0","0","0","-789000","5","-100.00","2350","466","-241","0","0","","0","0","0","","",""
"080039","0001","0","818000","819000","820000","821000","824000","825000","828000","829000","830000","835000","815000","814000","812000","811000","810000","809000","808000","807000","806000","805000","13","207","32","15","14","1","11","207","10","370","33","72","6","4","8","116","1258","195","19","90","880","1801","0","0","0","0","0","-789000","5","-100.00","2357","0","-27","0","0","","0","0","0","","",""
"080039","0002","0","818000","819000","820000","821000","824000","825000","828000","829000","830000","835000","815000","814000","813000","812000","811000","810000","809000","808000","807000","806000","13","207","32","191","14","1","11","207","10","370","33","572","2","5","4","8","117","1328","195","19","1056","2283","0","0","0","0","0","-789000","5","-100.00","2357","176","482","0","0","","0","0","0","","",""
"080040","0000","0","818000","819000","820000","821000","824000","825000","828000","829000","830000","835000","815000","814000","813000","812000","811000","810000","809000","808000","807000","806000","13","207","32","191","14","1","11","207","10","370","33","572","14","5","5","8","117","1328","195","19","1056","2296","0","0","0","0","0","-789000","5","-100.00","2357","0","13","0","0","","0","0","0","","",""
"080040","0001","0","818000","819000","820000","821000","824000","825000","828000","829000","830000","835000","814000","813000","812000","811000","810000","809000","808000","807000","806000","805000","18","207","32","191","14","1","11","207","10","370","494","14","5","5","8","117","1328","195","19","90","1061","2275","0","0","0","0","0","-789000","5","-100.00","2363","5","-21","0","0","","0","0","0","","",""
"080040","0002","0","817000","818000","819000","820000","821000","824000","825000","828000","829000","830000","814000","813000","812000","811000","810000","809000","808000","807000","806000","805000","4","15","208","32","191","14","1","11","207","10","416","14","5","5","9","117","1328","195","19","90","693","2198","0","0","0","0","0","-789000","5","-100.00","2441","-368","-77","0","0","","0","0","0","","",""
"080040","0003","0","816000","817000","818000","819000","820000","821000","824000","825000","828000","829000","814000","813000","812000","811000","810000","809000","808000","807000","806000","805000","2","4","15","209","32","191","14","1","11","207","465","14","6","5","9","117","1328","195","19","90","686","2248","0","0","0","0","0","-789000","5","-100.00","2442","-7","50","0","0","","0","0","0","","",""
"080041","0000","0","815000","816000","818000","819000","820000","821000","824000","825000","828000","829000","814000","813000","812000","811000","810000","809000","808000","807000","806000","805000","1","2","15","209","33","191","14","1","11","207","462","14","6","5","9","117","1328","195","19","90","684","2245","0","0","0","0","0","-789000","5","-100.00","2445","-2","-3","0","0","","0","0","0","","",""
"080041","0001","0","815000","816000","818000","819000","820000","821000","824000","825000","828000","829000","814000","813000","812000","811000","810000","809000","808000","807000","806000","805000","10","2","15","209","33","191","14","1","11","207","463","14","6","5","9","118","1328","195","19","90","693","2247","0","0","0","0","0","-789000","5","-100.00","2445","9","2","0","0","","0","0","0","","",""
"080041","0002","0","815000","816000","818000","819000","820000","821000","824000","825000","828000","829000","814000","813000","812000","811000","810000","809000","808000","807000","806000","805000","10","2","15","209","33","191","14","1","11","207","463","14","6","5","11","118","1328","195","19","90","693","2249","0","0","0","0","0","-789000","5","-100.00","2445","0","2","0","0","","0","0","0","","",""
"080041","0003","0","815000","816000","818000","819000","820000","821000","824000","825000","828000","829000","814000","813000","812000","811000","810000","809000","808000","807000","806000","805000","17","2","15","209","33","191","14","1","11","207","443","14","11","5","11","119","1328","195","19","90","700","2235","0","0","0","0","0","-789000","5","-100.00","2465","7","-14","0","0","","0","0","0","","",""
"080042","0000","0","815000","816000","818000","819000","820000","821000","824000","825000","826000","828000","814000","813000","812000","811000","810000","809000","808000","807000","806000","805000","17","2","15","209","33","191","14","1","150","12","442","14","12","5","16","119","1328","195","19","90","644","2240","0","0","0","0","0","-789000","5","-100.00","2466","-56","5","0","0","","0","0","0","","",""
"080042","0001","0","815000","816000","818000","819000","820000","821000","824000","825000","826000","828000","814000","813000","812000","811000","810000","809000","808000","807000","806000","805000","22","2","17","209","33","191","14","1","150","12","439","14","13","5","16","119","1328","195","19","90","651","2238","0","0","0","0","0","-789000","5","-100.00","2469","7","-2","0","0","","0","0","0","","",""
"080042","0002","0","815000","816000","817000","818000","819000","820000","821000","824000","825000","826000","814000","813000","812000","811000","810000","809000","808000","807000","806000","805000","16","2","2","16","209","33","191","14","1","150","531","12","13","5","17","118","1228","195","20","90","634","2229","0","0","0","0","0","-789000","5","-100.00","2483","-17","-9","0","0","","0","0","0","","",""
"080043","0000","0","815000","816000","817000","818000","819000","820000","821000","824000","825000","826000","814000","813000","812000","811000","810000","809000","808000","807000","806000","805000","31","2","2","16","309","33","191","14","1","150","531","12","13","5","17","117","1228","195","21","90","749","2229","0","0","0","0","0","-789000","5","-100.00","2483","115","0","0","0","","0","0","0","","",""
"080043","0001","0","815000","816000","817000","818000","819000","820000","821000","824000","825000","826000","814000","813000","812000","811000","810000","809000","808000","807000","806000","805000","31","3","2","16","309","33","191","14","1","150","507","12","13","5","25","223","1226","195","21","90","750","2317","0","0","0","0","0","-789000","5","-100.00","2511","1","88","0","0","","0","0","0","","",""
"080043","0002","0","815000","816000","817000","818000","819000","820000","821000","824000","825000","826000","814000","813000","812000","811000","810000","809000","808000","807000","806000","805000","27","3","2","16","309","33","191","14","2","150","507","12","13","5","25","223","1226","195","21","90","747","2317","0","0","0","0","0","-789000","5","-100.00","2516","-3","0","0","0","","0","0","0","","",""
"080043","0003","0","815000","816000","817000","818000","819000","820000","821000","824000","825000","826000","814000","813000","812000","811000","810000","809000","808000","807000","806000","805000","27","3","2","16","309","33","191","14","2","150","497","12","13","5","25","223","1226","195","21","90","747","2307","0","0","0","0","0","-789000","5","-100.00","2526","0","-10","0","0","","0","0","0","","",""
"080044","0000","0","815000","816000","817000","818000","819000","820000","821000","824000","825000","826000","814000","813000","812000","811000","810000","809000","808000","807000","806000","805000","26","4","2","16","309","33","191","14","2","150","514","12","13","4","25","223","1226","195","21","90","747","2323","0","0","0","0","0","-789000","5","-100.00","2527","0","16","0","0","","0","0","0","","",""
"080044","0001","0","815000","816000","817000","818000","819000","820000","821000","824000","825000","826000","814000","813000","812000","811000","810000","809000","808000","807000","806000","805000","26","4","2","16","309","33","191","14","2","150","515","12","12","4","25","223","1226","195","21","90","747","2323","0","0","0","0","0","-789000","5","-100.00","2527","0","0","0","0","","0","0","0","","",""
"080044","0002","0","815000","816000","817000","818000","819000","820000","821000","824000","825000","826000","814000","813000","812000","811000","810000","809000","808000","807000","806000","805000","26","4","2","22","309","33","191","14","2","150","518","12","17","4","26","223","1219","195","21","90","753","2325","0","0","0","0","0","-789000","5","-100.00","2527","6","2","0","0","","0","0","0","","",""
"080044","0003","0","815000","816000","817000","818000","819000","820000","821000","824000","825000","826000","814000","813000","812000","811000","810000","809000","808000","807000","806000","805000","27","4","2","22","309","33","191","14","2","150","483","12","17","4","28","223","1191","195","21","90","754","2264","0","0","0","0","0","-789000","5","-100.00","2563","1","-61","0","0","","0","0","0","","",""
"080045","0000","0","815000","816000","817000","818000","819000","820000","821000","824000","825000","826000","814000","813000","812000","811000","810000","809000","808000","807000","806000","805000","26","4","2","22","309","33","191","14","2","150","483","12","17","4","29","223","1221","195","21","90","753","2295","0","0","0","0","0","-789000","5","-100.00","2564","-1","31","0","0","","0","0","0","","",""
"080045","0001","0","815000","816000","817000","818000","819000","820000","821000","824000","825000","826000","814000","813000","812000","811000","810000","809000","808000","807000","806000","805000","26","4","2","22","309","33","191","14","2","150","483","12","17","4","29","223","1221","195","21","90","753","2295","0","0","0","0","0","-789000","5","-100.00","2565","0","0","0","0","","0","0","0","","",""
"080045","0002","0","816000","817000","818000","819000","820000","821000","824000","825000","826000","828000","815000","814000","813000","812000","811000","810000","809000","808000","807000","806000","4","2","22","309","33","191","14","2","150","12","10","498","12","17","4","29","223","1221","195","21","739","2230","0","0","0","0","0","-789000","5","-100.00","2592","-14","-65","0","0","","0","0","0","","",""
"080045","0003","0","816000","817000","818000","819000","820000","821000","824000","825000","826000","828000","815000","814000","813000","812000","811000","810000","809000","808000","807000","806000","4","2","22","309","33","191","14","2","150","2","5","498","12","17","4","31","222","1220","195","21","729","2225","0","0","0","0","0","-789000","5","-100.00","2597","-10","-5","0","0","","0","0","0","","",""
"080046","0000","0","816000","817000","818000","819000","820000","821000","824000","825000","826000","828000","815000","814000","813000","812000","811000","810000","809000","808000","807000","806000","2","2","22","309","33","191","14","2","150","2","5","508","12","17","4","31","222","1250","195","21","727","2265","0","0","0","0","0","-789000","5","-100.00","2600","-2","40","0","0","","0","0","0","","",""
"080046","0001","0","816000","817000","818000","819000","820000","821000","824000","825000","826000","828000","815000","814000","813000","812000","811000","810000","809000","808000","807000","806000","2","2","22","309","33","191","14","2","150","2","4","511","12","17","4","31","222","1251","195","16","727","2263","0","0","0","0","0","-789000","5","-100.00","2601","0","-2","0","0","","0","0","0","","",""
"080046","0002","0","817000","818000","819000","820000","821000","824000","825000","826000","828000","829000","816000","815000","814000","813000","812000","811000","810000","809000","808000","807000","6","22","309","33","191","14","2","150","2","208","1","16","512","12","17","4","35","223","1251","195","937","2266","0","0","0","0","0","-789000","5","-100.00","2604","210","3","0","0","","0","0","0","","",""
"080046","0003","0","817000","818000","819000","820000","821000","824000","825000","826000","828000","829000","815000","814000","813000","812000","811000","810000","809000","808000","807000","806000","6","22","309","33","191","14","2","150","2","208","23","510","22","17","4","35","223","1241","195","16","937","2286","0","0","0","0","0","-789000","5","-100.00","2607","0","20","0","0","","0","0","0","","",""
"080047","0000","0","817000","818000","819000","820000","821000","824000","825000","826000","828000","829000","814000","813000","812000","811000","810000","809000","808000","807000","806000","805000","5","22","309","35","191","14","2","150","2","208","444","22","17","4","35","224","1241","195","16","90","938","2288","0","0","0","0","0","-789000","5","-100.00","2709","1","2","0","0","","0","0","0","","",""
"080047","0001","0","815000","817000","818000","819000","820000","821000","822000","824000","825000","826000","814000","813000","812000","811000","810000","809000","808000","807000","806000","805000","1","6","24","309","35","191","5","14","2","150","446","22","17","4","35","224","1241","195","16","105","737","2305","0","0","0","0","0","-789000","5","-100.00","2709","-201","17","0","0","","0","0","0","","",""
"080047","0002","0","816000","817000","818000","819000","820000","821000","822000","824000","825000","826000","815000","814000","813000","812000","811000","810000","809000","808000","807000","806000","62","9","22","309","35","191","5","14","3","150","1","446","22","17","4","35","224","1241","195","16","800","2201","0","0","0","0","0","-789000","5","-100.00","2711","63","-104","0","0","","0","0","0","","",""
"080047","0003","0","816000","817000","818000","819000","820000","821000","822000","824000","825000","826000","814000","813000","812000","811000","810000","809000","808000","807000","806000","805000","77","9","23","309","35","191","5","14","3","150","446","22","21","4","35","224","1240","195","12","105","816","2304","0","0","0","0","0","-789000","5","-100.00","2735","16","103","0","0","","0","0","0","","",""
"080048","0000","0","816000","817000","818000","819000","820000","821000","822000","824000","825000","826000","814000","813000","812000","811000","810000","809000","808000","807000","806000","805000","77","9","23","309","35","191","6","14","3","150","447","22","25","4","35","224","1240","195","12","105","817","2309","0","0","0","0","0","-789000","5","-100.00","2736","1","5","0","0","","0","0","0","","",""
"080048","0001","0","816000","817000","818000","819000","820000","821000","822000","824000","825000","826000","815000","814000","813000","812000","810000","809000","808000","807000","806000","805000","78","9","23","309","35","191","6","14","3","150","1","447","22","25","35","225","1240","195","12","105","818","2307","0","0","0","0","0","-789000","5","-100.00","2736","1","-2","0","0","","0","0","0","","",""
"080048","0002","0","816000","817000","818000","819000","820000","821000","822000","824000","825000","826000","815000","814000","813000","812000","810000","809000","808000","807000","806000","805000","79","10","25","309","35","191","6","14","3","150","17","447","22","25","35","225","1239","195","12","105","822","2322","0","0","0","0","0","-789000","5","-100.00","2738","4","15","0","0","","0","0","0","","",""
"080049","0000","0","816000","817000","818000","819000","820000","821000","822000","824000","825000","826000","815000","814000","813000","812000","810000","809000","808000","807000","806000","805000","79","10","25","309","35","191","6","14","3","150","19","448","22","25","35","225","1239","195","12","105","822","2325","0","0","0","0","0","-789000","5","-100.00","2738","0","3","0","0","","0","0","0","","",""
"080049","0001","0","816000","817000","818000","819000","820000","821000","822000","824000","825000","826000","815000","814000","813000","812000","810000","809000","808000","807000","806000","805000","78","10","26","309","35","191","6","14","3","150","19","453","22","25","35","225","1239","195","12","105","822","2330","0","0","0","0","0","-789000","5","-100.00","2739","0","5","0","0","","0","0","0","","",""
"080049","0002","0","816000","817000","818000","819000","820000","821000","822000","824000","825000","826000","815000","814000","813000","812000","810000","809000","808000","807000","806000","805000","78","10","20","309","45","197","6","14","3","150","12","453","22","25","35","225","1239","195","12","105","832","2323","0","0","0","0","0","-789000","5","-100.00","2746","10","-7","0","0","","0","0","0","","",""
"080049","0003","0","816000","817000","818000","819000","820000","821000","822000","824000","825000","826000","814000","813000","812000","810000","809000","808000","807000","806000","805000","804000","81","186","20","309","45","21","6","14","3","150","453","22","25","35","225","1012","196","12","105","192","835","2277","0","0","0","0","0","-789000","5","-100.00","2758","3","-46","0","0","","0","0","0","","",""
"080050","0000","0","816000","817000","818000","819000","820000","821000","822000","824000","825000","826000","814000","813000","812000","810000","809000","808000","807000","806000","805000","804000","85","186","20","309","45","21","6","14","3","150","441","27","25","35","225","1013","196","14","105","192","839","2273","0","0","0","0","0","-789000","5","-100.00","2770","4","-4","0","0","","0","0","0","","",""
"080050","0001","0","816000","817000","818000","819000","820000","821000","822000","824000","825000","826000","815000","814000","813000","812000","810000","809000","808000","807000","806000","805000","81","186","20","309","45","21","6","24","3","150","57","440","27","25","35","225","953","196","14","105","845","2077","0","0","0","0","0","-789000","5","-100.00","2770","6","-196","0","0","","0","0","0","","",""
"080050","0002","0","816000","817000","818000","819000","820000","821000","822000","824000","825000","826000","815000","814000","813000","812000","810000","809000","808000","807000","806000","805000","80","187","20","309","45","21","6","24","3","150","55","443","27","25","35","225","954","196","14","105","845","2079","0","0","0","0","0","-789000","5","-100.00","2772","0","2","0","0","","0","0","0","","",""
"080050","0003","0","816000","817000","818000","819000","820000","821000","822000","824000","825000","826000","814000","813000","812000","810000","809000","808000","807000","806000","805000","804000","31","187","20","309","45","21","6","24","5","150","443","15","25","35","225","954","196","14","105","192","798","2204","0","0","0","0","0","-789000","5","-100.00","2840","-47","125","0","0","","0","0","0","","",""
"080051","0000","0","816000","817000","818000","819000","820000","821000","822000","824000","825000","826000","814000","813000","812000","810000","809000","808000","807000","806000","805000","804000","32","187","20","309","45","21","6","24","5","150","444","15","25","35","225","954","196","14","105","192","799","2205","0","0","0","0","0","-789000","5","-100.00","2841","1","1","0","0","","0","0","0","","",""
"080051","0001","0","816000","817000","818000","819000","820000","821000","822000","824000","825000","826000","814000","813000","812000","810000","809000","808000","807000","806000","805000","804000","97","187","20","309","50","21","6","24","5","150","429","15","25","35","225","954","196","14","105","192","869","2190","0","0","0","0","0","-789000","5","-100.00","2856","70","-15","0","0","","0","0","0","","",""
"080051","0002","0","816000","817000","818000","819000","820000","821000","822000","824000","825000","826000","814000","813000","812000","810000","809000","808000","807000","806000","805000","804000","97","187","20","309","50","21","6","24","5","150","428","16","25","35","225","855","196","14","105","192","869","2091","0","0","0","0","0","-789000","5","-100.00","2858","0","-99","0","0","","0","0","0","","",""
"080051","0003","0","816000","817000","818000","819000","820000","821000","822000","824000","825000","826000","814000","813000","812000","811000","810000","809000","808000","807000","806000","805000","97","197","20","309","50","21","6","24","5","150","428","16","25","10","35","225","855","196","14","105","879","1909","0","0","0","0","0","-789000","5","-100.00","2858","10","-182","0","0","","0","0","0","","",""
"080052","0000","0","816000","817000","818000","819000","820000","821000","822000","824000","825000","826000","814000","813000","812000","811000","810000","809000","808000","807000","806000","805000","118","197","20","309","50","21","6","24","5","150","428","16","25","10","35","198","855","196","14","105","900","1882","0","0","0","0","0","-789000","5","-100.00","2858","21","-27","0","0","","0","0","0","","",""
"080052","0001","0","816000","817000","818000","819000","820000","821000","822000","824000","825000","826000","814000","813000","812000","811000","810000","809000","808000","807000","806000","805000","117","197","20","309","50","21","6","24","5","150","428","16","25","10","35","198","355","196","14","105","899","1382","0","0","0","0","0","-789000","5","-100.00","2859","-1","-500","0","0","","0","0","0","","",""
"080052","0002","0","816000","817000","818000","819000","820000","821000","822000","824000","825000","826000","814000","813000","812000","811000","810000","809000","808000","807000","806000","805000","120","197","21","309","50","21","6","24","5","150","428","16","25","10","35","198","355","196","14","105","903","1382","0","0","0","0","0","-789000","5","-100.00","2871","4","0","0","0","","0","0","0","","",""
"080052","0003","0","815000","816000","817000","818000","819000","820000","821000","822000","824000","825000","814000","813000","812000","811000","810000","809000","808000","807000","806000","805000","5","120","194","21","309","50","21","6","24","5","407","16","25","10","36","198","355","196","14","55","755","1312","0","0","0","0","0","-789000","5","-100.00","2892","-148","-70","0","0","","0","0","0","","",""
"080053","0000","0","816000","817000","818000","819000","820000","821000","822000","824000","825000","826000","814000","813000","812000","811000","810000","809000","808000","807000","806000","805000","121","194","21","309","50","21","6","24","5","150","407","16","25","10","36","198","354","196","14","55","901","1311","0","0","0","0","0","-789000","5","-100.00","2893","146","-1","0","0","","0","0","0","","",""
"080053","0001","0","816000","817000","818000","819000","820000","821000","822000","824000","825000","826000","815000","814000","813000","812000","811000","810000","809000","808000","807000","806000","68","195","21","309","50","21","6","24","5","150","20","407","16","25","10","36","198","354","196","14","849","1276","0","0","0","0","0","-789000","5","-100.00","2944","-52","-35","0","0","","0","0","0","","",""
"080053","0002","0","816000","817000","818000","819000","820000","821000","822000","824000","825000","826000","815000","814000","813000","812000","811000","810000","809000","808000","807000","806000","69","205","21","309","50","21","6","24","6","150","20","409","17","25","10","30","148","354","196","14","861","1223","0","0","0","0","0","-789000","5","-100.00","2944","12","-53","0","0","","0","0","0","","",""
"080053","0003","0","816000","817000","818000","819000","820000","821000","822000","824000","825000","826000","815000","814000","813000","812000","811000","810000","809000","808000","807000","806000","68","205","21","309","50","21","6","24","6","150","46","410","17","25","10","35","149","354","197","14","860","1257","0","0","0","0","0","-789000","5","-100.00","2945","-1","34","0","0","","0","0","0","","",""
"080054","0000","0","816000","817000","818000","819000","820000","821000","822000","824000","825000","826000","815000","814000","813000","812000","811000","810000","809000","808000","807000","806000","66","205","38","309","70","21","6","24","6","150","60","411","27","25","10","30","149","354","183","14","895","1263","0","0","0","0","0","-789000","5","-100.00","2948","35","6","0","0","","0","0","0","","",""
"080054","0001","0","816000","817000","818000","819000","820000","821000","822000","824000","825000","826000","815000","814000","813000","812000","811000","810000","809000","808000","807000","806000","68","205","38","309","70","21","6","24","6","150","64","414","27","25","10","30","150","354","183","14","897","1271","0","0","0","0","0","-789000","5","-100.00","2948","2","8","0","0","","0","0","0","","",""
"080054","0002","0","816000","817000","818000","819000","820000","821000","822000","824000","825000","826000","815000","814000","813000","812000","811000","810000","809000","808000","807000","806000","92","205","38","309","70","21","6","24","6","150","64","414","28","24","10","30","150","354","183","14","921","1271","0","0","0","0","0","-789000","5","-100.00","2949","24","0","0","0","","0","0","0","","",""
"080055","0000","0","816000","817000","818000","819000","820000","821000","822000","824000","825000","826000","815000","814000","813000","812000","811000","810000","809000","808000","807000","806000","91","205","39","309","70","21","6","24","6","150","64","405","28","25","10","40","150","352","183","14","921","1271","0","0","0","0","0","-789000","5","-100.00","2950","0","0","0","0","","0","0","0","","",""
"080055","0001","0","816000","817000","818000","819000","820000","821000","822000","824000","825000","826000","815000","814000","813000","812000","811000","810000","809000","808000","807000","806000","261","29","39","309","70","22","6","24","6","150","63","406","28","25","10","71","150","351","183","14","916","1301","0","0","0","0","0","-789000","5","-100.00","2957","-5","30","0","0","","0","0","0","","",""
"080055","0002","0","816000","817000","818000","819000","820000","821000","822000","824000","825000","826000","815000","814000","813000","812000","811000","810000","809000","808000","807000","806000","279","29","39","309","69","22","6","24","6","151","64","406","33","25","10","71","160","351","183","14","934","1317","0","0","0","0","0","-789000","5","-100.00","2958","18","16","0","0","","0","0","0","","",""
"080055","0003","0","816000","817000","818000","819000","820000","821000","822000","824000","825000","826000","815000","814000","813000","812000","811000","810000","809000","808000","807000","806000","277","29","39","309","69","22","6","24","6","151","64","406","33","25","10","71","160","351","183","14","932","1317","0","0","0","0","0","-789000","5","-100.00","2960","-2","0","0","0","","0","0","0","","",""
"080056","0000","0","816000","817000","818000","819000","820000","821000","822000","824000","825000","826000","815000","814000","813000","812000","811000","810000","809000","808000","807000","806000","240","30","39","309","69","22","6","24","6","151","44","408","33","25","10","71","160","331","183","14","896","1279","0","0","0","0","0","-789000","5","-100.00","3017","-36","-38","0","0","","0","0","0","","",""
"080056","0001","0","816000","817000","818000","819000","820000","821000","822000","824000","825000","826000","815000","814000","813000","812000","811000","810000","809000","808000","807000","806000","240","30","39","309","69","22","6","24","6","151","43","409","33","25","10","71","160","331","183","14","896","1279","0","0","0","0","0","-789000","5","-100.00","3018","0","0","0","0","","0","0","0","","",""
"080056","0002","0","816000","817000","818000","819000","820000","821000","822000","824000","825000","826000","815000","814000","813000","812000","811000","810000","809000","808000","807000","806000","249","30","34","309","69","22","6","24","6","151","41","409","33","25","10","71","160","330","183","14","900","1276","0","0","0","0","0","-789000","5","-100.00","3020","4","-3","0","0","","0","0","0","","",""
"080056","0003","0","816000","817000","818000","819000","820000","821000","822000","824000","825000","826000","815000","814000","813000","812000","811000","810000","809000","808000","807000","806000","261","30","34","309","69","22","6","24","6","155","46","399","33","25","10","71","160","330","183","16","916","1273","0","0","0","0","0","-789000","5","-100.00","3025","16","-3","0","0","","0","0","0","","",""
"080056","0004","0","816000","817000","818000","819000","820000","821000","822000","824000","825000","826000","815000","814000","813000","812000","811000","810000","809000","808000","807000","806000","272","30","34","309","69","22","6","24","7","156","58","398","33","25","10","71","160","330","183","16","929","1284","0","0","0","0","0","-789000","5","-100.00","3028","13","11","0","0","","0","0","0","","",""
"080057","0000","0","816000","817000","818000","819000","820000","821000","822000","824000","825000","826000","815000","814000","813000","812000","811000","810000","809000","808000","807000","806000","272","30","34","309","69","22","6","24","7","156","68","399","33","25","10","71","160","331","183","16","929","1296","0","0","0","0","0","-789000","5","-100.00","3028","0","12","0","0","","0","0","0","","",""
"080057","0001","0","816000","817000","818000","819000","820000","821000","822000","824000","825000","826000","815000","814000","813000","812000","811000","810000","809000","808000","807000","806000","75","30","34","309","69","22","6","24","7","156","76","399","32","25","11","71","160","331","183","16","732","1304","0","0","0","0","0","-789000","5","-100.00","3228","-197","8","0","0","","0","0","0","","",""
"080057","0002","0","815000","816000","817000","818000","819000","820000","821000","822000","824000","825000","814000","813000","812000","811000","810000","809000","808000","807000","806000","805000","23","77","30","33","309","69","22","6","24","7","396","32","25","11","71","160","331","183","16","55","600","1280","0","0","0","0","0","-789000","5","-100.00","3359","-132","-24","0","0","","0","0","0","","",""
"080058","0000","0","815000","816000","817000","818000","819000","820000","821000","822000","824000","825000","814000","813000","812000","811000","810000","809000","808000","807000","806000","805000","23","81","30","33","309","69","22","6","24","7","396","572","25","11","71","160","331","183","16","55","604","1820","0","0","0","0","0","-789000","5","-100.00","3362","4","540","0","0","","0","0","0","","",""
"080058","0001","0","815000","816000","817000","818000","819000","820000","821000","822000","824000","825000","814000","813000","812000","811000","810000","809000","808000","807000","806000","805000","23","91","30","33","309","69","22","6","24","7","396","572","25","11","81","160","331","183","16","55","614","1830","0","0","0","0","0","-789000","5","-100.00","3362","10","10","0","0","","0","0","0","","",""
"080058","0002","0","815000","816000","817000","818000","819000","820000","821000","822000","824000","825000","814000","813000","812000","811000","810000","809000","808000","807000","806000","805000","24","92","43","33","309","69","22","6","24","7","396","572","25","11","96","160","331","183","16","55","629","1845","0","0","0","0","0","-789000","5","-100.00","3362","15","15","0","0","","0","0","0","","",""
"080059","0000","0","815000","816000","817000","818000","819000","820000","821000","822000","824000","825000","814000","813000","812000","811000","810000","809000","808000","807000","806000","805000","18","92","44","33","309","70","22","6","24","7","387","572","25","11","96","160","331","183","16","55","625","1836","0","0","0","0","0","-789000","5","-100.00","3379","-4","-9","0","0","","0","0","0","","",""
"080059","0001","0","815000","816000","817000","818000","819000","820000","821000","822000","824000","825000","814000","813000","812000","811000","810000","809000","808000","807000","806000","805000","5","92","45","32","309","70","22","7","24","15","384","572","25","11","96","160","331","183","16","55","621","1833","0","0","0","0","0","-789000","5","-100.00","3405","-4","-3","0","0","","0","0","0","","",""
"080059","0002","0","815000","816000","817000","818000","819000","820000","821000","822000","824000","825000","814000","813000","812000","811000","810000","809000","808000","807000","806000","805000","6","92","45","32","309","70","22","7","24","15","383","572","25","11","106","160","331","183","16","55","622","1842","0","0","0","0","0","-789000","5","-100.00","3406","1","9","0","0","","0","0","0","","",""
"080059","0003","0","816000","817000","818000","819000","820000","821000","822000","824000","825000","826000","815000","814000","813000","812000","811000","810000","809000","808000","807000","806000","93","46","32","309","70","22","7","24","15","156","4","383","572","25","11","106","160","331","183","16","774","1791","0","0","0","0","0","-789000","5","-100.00","3412","152","-51","0","0","","0","0","0","","",""
"080100","0000","0","815000","816000","817000","818000","819000","820000","821000","822000","824000","825000","814000","813000","812000","811000","810000","809000","808000","807000","806000","805000","20","93","49","32","309","70","22","7","24","15","369","572","25","11","106","160","331","183","16","56","641","1829","0","0","0","0","0","-789000","5","-100.00","3432","-133","38","0","0","","0","0","0","","",""
"080100","0001","0","815000","816000","817000","818000","819000","820000","821000","822000","824000","825000","814000","813000","812000","811000","810000","809000","808000","807000","806000","805000","22","93","49","34","309","70","22","7","24","15","366","572","25","11","106","160","331","183","16","56","645","1826","0","0","0","0","0","-789000","5","-100.00","3436","4","-3","0","0","","0","0","0","","",""
"080100","0002","0","816000","817000","818000","819000","820000","821000","822000","824000","825000","826000","815000","814000","813000","812000","811000","810000","809000","808000","807000","806000","96","49","45","309","70","22","7","24","15","156","92","366","577","25","11","106","160","331","183","16","793","1867","0","0","0","0","0","-789000","5","-100.00","3458","148","41","0","0","","0","0","0","","",""
"080100","0003","0","816000","817000","818000","819000","820000","821000","822000","824000","825000","826000","815000","814000","813000","812000","811000","810000","809000","808000","807000","806000","96","49","45","319","70","22","7","24","15","156","194","366","577","25","11","106","160","333","183","16","803","1971","0","0","0","0","0","-789000","5","-100.00","3458","10","104","0","0","","0","0","0","","",""
"080101","0000","0","816000","817000","818000","819000","820000","821000","822000","824000","825000","826000","815000","814000","813000","812000","811000","810000","809000","808000","807000","806000","126","49","45","319","70","22","7","24","15","156","178","386","577","25","11","106","160","333","183","16","833","1975","0","0","0","0","0","-789000","5","-100.00","3474","30","4","0","0","","0","0","0","","",""
"080101","0001","0","816000","817000","818000","819000","820000","821000","822000","824000","825000","826000","815000","814000","813000","812000","811000","810000","809000","808000","807000","806000","126","49","45","319","70","22","7","24","15","156","190","399","577","25","11","106","160","333","183","16","833","2000","0","0","0","0","0","-789000","5","-100.00","3474","0","25","0","0","","0","0","0","","",""
"080101","0002","0","816000","817000","818000","819000","820000","821000","822000","824000","825000","826000","815000","814000","813000","812000","811000","810000","809000","808000","807000","806000","126","48","45","315","70","22","7","24","15","156","186","399","577","25","11","106","160","333","183","16","828","1996","0","0","0","0","0","-789000","5","-100.00","3478","-5","-4","0","0","","0","0","0","","",""
"080101","0003","0","816000","817000","818000","819000","820000","821000","822000","824000","825000","826000","815000","814000","813000","812000","811000","810000","809000","808000","807000","806000","126","48","45","315","70","22","7","24","15","156","186","400","577","25","11","106","160","333","183","16","828","1997","0","0","0","0","0","-789000","5","-100.00","3478","0","1","0","0","","0","0","0","","",""
"080102","0000","0","816000","817000","818000","819000","820000","821000","822000","824000","825000","826000","815000","814000","813000","812000","811000","810000","809000","808000","807000","806000","126","48","45","315","71","22","7","24","15","156","188","400","577","25","11","327","160","333","183","16","829","2220","0","0","0","0","0","-789000","5","-100.00","3478","1","223","0","0","","0","0","0","","",""
"080102","0001","0","816000","817000","818000","819000","820000","821000","822000","824000","825000","826000","815000","814000","813000","812000","811000","810000","809000","808000","807000","806000","126","48","45","226","71","22","7","24","104","156","193","438","577","25","11","327","160","333","183","16","829","2263","0","0","0","0","0","-789000","5","-100.00","3478","0","43","0","0","","0","0","0","","",""
"080102","0002","0","816000","817000","818000","819000","820000","821000","822000","824000","825000","826000","815000","814000","813000","812000","811000","810000","809000","808000","807000","806000","115","48","45","226","71","22","7","24","104","156","198","438","567","25","11","327","160","333","183","16","818","2258","0","0","0","0","0","-789000","5","-100.00","3489","-11","-5","0","0","","0","0","0","","",""
"080103","0000","0","816000","817000","818000","819000","820000","821000","822000","824000","825000","826000","815000","814000","813000","812000","811000","810000","809000","808000","807000","806000","115","48","46","226","71","22","7","24","104","156","204","438","567","25","11","327","160","333","183","16","819","2264","0","0","0","0","0","-789000","5","-100.00","3489","1","6","0","0","","0","0","0","","",""
"080103","0001","0","816000","817000","818000","819000","820000","821000","822000","824000","825000","826000","815000","814000","813000","812000","811000","810000","809000","808000","807000","806000","104","98","46","226","71","22","7","24","104","156","193","438","567","25","11","327","160","333","183","16","858","2253","0","0","0","0","0","-789000","5","-100.00","3515","39","-11","0","0","","0","0","0","","",""
"080103","0002","0","816000","817000","818000","819000","820000","821000","822000","824000","825000","826000","815000","814000","813000","812000","811000","810000","809000","808000","807000","806000","122","98","46","226","71","22","7","24","104","156","192","438","567","25","11","327","160","333","183","16","876","2252","0","0","0","0","0","-789000","5","-100.00","3516","18","-1","0","0","","0","0","0","","",""
"080103","0003","0","816000","817000","818000","819000","820000","821000","822000","824000","825000","826000","815000","814000","813000","812000","811000","810000","809000","808000","807000","806000","122","98","46","227","71","22","7","24","104","156","197","486","568","25","11","327","160","333","183","16","877","2306","0","0","0","0","0","-789000","5","-100.00","3516","1","54","0","0","","0","0","0","","",""
"080104","0000","0","816000","817000","818000","819000","820000","821000","822000","823000","824000","825000","815000","814000","813000","812000","811000","810000","809000","808000","807000","806000","107","99","46","227","71","22","7","70","24","104","202","486","568","25","11","327","156","333","183","16","777","2307","0","0","0","0","0","-789000","5","-100.00","3531","-100","1","0","0","","0","0","0","","",""
"080104","0001","0","816000","817000","818000","819000","820000","821000","822000","823000","824000","825000","815000","814000","813000","812000","811000","810000","809000","808000","807000","806000","106","99","46","227","71","22","7","70","24","104","233","486","568","25","11","327","156","233","183","116","776","2338","0","0","0","0","0","-789000","5","-100.00","3538","-1","31","0","0","","0","0","0","","",""
"080104","0002","0","816000","817000","818000","819000","820000","821000","822000","823000","824000","825000","815000","814000","813000","812000","811000","810000","809000","808000","807000","806000","107","99","46","227","70","22","7","70","24","104","251","492","568","25","11","327","156","215","183","116","776","2344","0","0","0","0","0","-789000","5","-100.00","3541","0","6","0","0","","0","0","0","","",""
"080105","0000","0","816000","817000","818000","819000","820000","821000","822000","823000","824000","825000","815000","814000","813000","812000","811000","810000","809000","808000","807000","806000","107","99","46","227","70","22","7","70","24","104","251","492","568","25","11","325","156","215","183","116","776","2342","0","0","0","0","0","-789000","5","-100.00","3541","0","-2","0","0","","0","0","0","","",""
"080105","0001","0","816000","817000","818000","819000","820000","821000","822000","823000","824000","825000","815000","814000","813000","812000","811000","810000","809000","808000","807000","806000","107","101","46","227","70","22","7","70","24","104","162","492","568","25","11","325","156","215","183","116","778","2253","0","0","0","0","0","-789000","5","-100.00","3641","2","-89","0","0","","0","0","0","","",""
"080105","0002","0","816000","817000","818000","819000","820000","821000","822000","823000","824000","825000","815000","814000","813000","812000","811000","810000","809000","808000","807000","806000","108","103","46","227","70","22","7","70","24","104","162","492","568","25","11","325","156","215","183","116","781","2253","0","0","0","0","0","-789000","5","-100.00","3641","3","0","0","0","","0","0","0","","",""
"080105","0003","0","816000","817000","818000","819000","820000","821000","822000","823000","824000","825000","815000","814000","813000","812000","811000","810000","809000","808000","807000","806000","110","103","46","227","71","22","8","70","24","104","161","492","568","25","11","325","156","213","181","116","785","2248","0","0","0","0","0","-789000","5","-100.00","3643","4","-5","0","0","","0","0","0","","",""
"080106","0000","0","816000","817000","818000","819000","820000","821000","822000","823000","824000","825000","815000","814000","813000","812000","811000","810000","809000","808000","807000","806000","110","103","46","228","71","22","8","70","24","104","163","499","568","25","11","325","156","213","181","116","786","2257","0","0","0","0","0","-789000","5","-100.00","3643","1","9","0","0","","0","0","0","","",""
"080106","0001","0","816000","817000","818000","819000","820000","821000","822000","823000","824000","825000","815000","814000","813000","812000","811000","810000","809000","808000","807000","806000","110","103","46","228","71","22","8","70","24","104","149","499","568","25","11","325","156","213","181","116","786","2243","0","0","0","0","0","-789000","5","-100.00","3658","0","-14","0","0","","0","0","0","","",""
"080106","0002","0","816000","817000","818000","819000","820000","821000","822000","823000","824000","825000","815000","814000","813000","812000","811000","810000","809000","808000","807000","806000","111","103","48","228","71","22","8","70","24","104","139","501","568","25","11","325","156","213","181","116","789","2235","0","0","0","0","0","-789000","5","-100.00","3668","3","-8","0","0","","0","0","0","","",""
"080106","0003","0","816000","817000","818000","819000","820000","821000","822000","823000","824000","825000","815000","814000","813000","812000","811000","810000","809000","808000","807000","806000","100","103","48","228","71","22","8","70","24","104","133","403","568","25","11","325","156","213","181","116","778","2131","0","0","0","0","0","-789000","5","-100.00","3684","-11","-104","0","0","","0","0","0","","",""
"080107","0000","0","816000","817000","818000","819000","820000","821000","822000","823000","824000","825000","815000","814000","813000","812000","811000","810000","809000","808000","807000","806000","100","170","48","228","71","22","8","70","24","104","133","403","574","25","11","325","156","213","181","116","845","2137","0","0","0","0","0","-789000","5","-100.00","3684","67","6","0","0","","0","0","0","","",""
"080107","0001","0","816000","817000","818000","819000","820000","821000","822000","823000","824000","825000","815000","814000","813000","812000","811000","810000","809000","808000","807000","806000","125","170","58","228","71","22","8","70","24","104","140","403","574","25","11","325","156","213","181","116","880","2144","0","0","0","0","0","-789000","5","-100.00","3684","35","7","0","0","","0","0","0","","",""
"080107","0002","0","816000","817000","818000","819000","820000","821000","822000","823000","824000","825000","815000","814000","813000","812000","811000","810000","809000","808000","807000","806000","125","182","58","227","71","22","8","70","25","104","138","404","584","25","11","325","156","213","181","116","892","2153","0","0","0","0","0","-789000","5","-100.00","3686","12","9","0","0","","0","0","0","","",""
"080107","0003","0","816000","817000","818000","819000","820000","821000","822000","823000","824000","825000","815000","814000","813000","812000","811000","810000","809000","808000","807000","806000","104","186","58","227","71","22","8","70","25","104","136","404","584","25","11","325","156","213","181","116","875","2151","0","0","0","0","0","-789000","5","-100.00","3710","-17","-2","0","0","","0","0","0","","",""
"080108","0000","0","816000","817000","818000","819000","820000","821000","822000","823000","824000","825000","815000","814000","813000","812000","811000","810000","809000","808000","807000","806000","61","186","58","227","71","22","8","70","25","104","135","404","584","25","11","325","156","213","181","116","832","2150","0","0","0","0","0","-789000","5","-100.00","3754","-43","-1","0","0","","0","0","0","","",""
"080108","0001","0","816000","817000","818000","819000","820000","821000","822000","823000","824000","825000","815000","814000","813000","812000","811000","810000","809000","808000","807000","806000","60","186","59","227","71","22","8","70","25","104","134","404","584","25","11","325","156","213","181","116","832","2149","0","0","0","0","0","-789000","5","-100.00","3755","0","-1","0","0","","0","0","0","","",""
"080108","0002","0","816000","817000","818000","819000","820000","821000","822000","823000","824000","825000","815000","814000","813000","812000","811000","810000","809000","808000","807000","806000","61","186","59","227","71","22","8","70","25","104","136","404","584","25","11","325","156","213","181","116","833","2151","0","0","0","0","0","-789000","5","-100.00","3756","1","2","0","0","","0","0","0","","",""
"080108","0003","0","816000","817000","818000","819000","820000","821000","822000","823000","824000","825000","815000","814000","813000","812000","811000","810000","809000","808000","807000","806000","56","186","57","227","71","22","8","70","25","104","134","359","579","25","11","325","156","213","181","116","826","2099","0","0","0","0","0","-789000","5","-100.00","3763","-7","-52","0","0","","0","0","0","","",""
"080109","0000","0","816000","817000","818000","819000","820000","821000","822000","823000","824000","825000","815000","814000","813000","812000","811000","810000","809000","808000","807000","806000","56","186","70","229","71","22","8","70","25","104","141","359","579","25","11","325","156","213","181","116","841","2106","0","0","0","0","0","-789000","5","-100.00","3764","15","7","0","0","","0","0","0","","",""
"080109","0001","0","816000","817000","818000","819000","820000","821000","822000","823000","824000","825000","815000","814000","813000","812000","811000","810000","809000","808000","807000","806000","57","186","70","229","71","22","8","70","25","105","151","359","579","25","11","325","156","213","181","116","843","2116","0","0","0","0","0","-789000","5","-100.00","3764","2","10","0","0","","0","0","0","","",""
"080109","0002","0","816000","817000","818000","819000","820000","821000","822000","823000","824000","825000","815000","814000","813000","812000","811000","810000","809000","808000","807000","806000","71","186","70","229","72","22","8","70","25","105","141","360","579","25","11","325","156","213","181","116","858","2107","0","0","0","0","0","-789000","5","-100.00","3774","15","-9","0","0","","0","0","0","","",""
"080109","0003","0","816000","817000","818000","819000","820000","821000","822000","823000","824000","825000","815000","814000","813000","812000","811000","810000","809000","808000","807000","806000","84","173","70","229","72","22","8","70","25","105","140","360","579","25","12","325","156","213","181","116","858","2107","0","0","0","0","0","-789000","5","-100.00","3784","0","0","0","0","","0","0","0","","",""
"080110","0000","0","816000","817000","818000","819000","820000","821000","822000","823000","824000","825000","815000","814000","813000","812000","811000","810000","809000","808000","807000","806000","93","174","70","229","72","22","8","70","25","105","110","360","579","25","12","325","156","213","181","116","868","2077","0","0","0","0","0","-789000","5","-100.00","3814","10","-30","0","0","","0","0","0","","",""
