"time","millisec","HOUR_CLS_CODE","ASKP1","ASKP2","ASKP3","ASKP4","ASKP5","ASKP6","ASKP7","ASKP8","ASKP9","ASKP10","BIDP1","BIDP2","BIDP3","BIDP4","BIDP5","BIDP6","BIDP7","BIDP8","BIDP9","BIDP10","ASKP_RSQN1","ASKP_RSQN2","ASKP_RSQN3","ASKP_RSQN4","ASKP_RSQN5","ASKP_RSQN6","ASKP_RSQN7","ASKP_RSQN8","ASKP_RSQN9","ASKP_RSQN10","BIDP_RSQN1","BIDP_RSQN2","BIDP_RSQN3","BIDP_RSQN4","BIDP_RSQN5","BIDP_RSQN6","BIDP_RSQN7","BIDP_RSQN8","BIDP_RSQN9","BIDP_RSQN10","TOTAL_ASKP_RSQN","TOTAL_BIDP_RSQN","OVTM_TOTAL_ASKP_RSQN","OVTM_TOTAL_BIDP_RSQN","ANTC_CNPR","ANTC_CNQN","ANTC_VOL","ANTC_CNTG_VRSS","ANTC_CNTG_VRSS_SIGN","ANTC_CNTG_PRDY_CTRT","ACML_VOL","TOTAL_ASKP_RSQN_ICDC","TOTAL_BIDP_RSQN_ICDC","OVTM_TOTAL_ASKP_ICDC","OVTM_TOTAL_BIDP_ICDC","STCK_DEAL_CLS_CODE","KMID_PRC","KMID_TOTAL_RSQN","KMID_CLS_CODE","NMID_PRC","NMID_TOTAL_RSQN","NMID_CLS_CODE"
"080000","0000","0","425000","443500","450000","460000","475000","478000","479500","480000","485000","490000","415500","409500","401500","390000","0","0","0","0","0","0","2","1","2","5","1","30","3","1","1","1","84","1","4","50","0","0","0","0","0","0","47","139","0","0","0","0","0","-415500","5","-100.00","0","0","0","0","0","","0","0","0","","",""
"080000","0001","0","425000","427000","429500","439000","440000","443500","448000","450000","459500","460000","415500","413500","412500","409500","401500","390000","385000","370000","291000","0","2","5","3","5","1","1","22","2","23","5","84","4","1","1","4","50","50","3","1","0","69","198","0","0","0","0","0","-415500","5","-100.00","0","22","59","0","0","","0","0","0","","",""
"080001","0000","0","425000","427000","429500","430000","431000","439000","440000","443500","445000","448000","419000","416500","415500","415000","413500","412500","411000","409500","401500","390000","2","5","3","1","5","5","1","1","1","22","23","12","84","3","4","1","15","1","4","50","46","197","0","0","0","0","0","-415500","5","-100.00","0","-23","-1","0","0","","0","0","0","","",""
"080001","0001","0","425000","427000","428000","429500","430000","431000","439000","440000","443500","445000","419000","417000","416500","416000","415500","415000","413500","412500","411000","409500","5","5","4","4","1","5","5","147","1","1","23","5","12","8","84","3","4","1","15","1","178","156","0","0","0","0","0","-415500","5","-100.00","0","132","-41","0","0","","0","0","0","","",""
"080002","0000","0","425000","427000","428000","429500","430000","431000","439000","440000","443500","445000","419000","417000","416500","416000","415500","415000","413500","412500","411000","409500","56","5","4","4","1","5","5","147","1","1","23","5","12","8","131","3","4","1","15","1","229","203","0","0","0","0","0","-415500","5","-100.00","1","51","47","0","0","","0","0","0","","",""
"080002","0001","0","425000","427000","428000","429500","430000","431000","439000","440000","443500","445000","419000","417000","416500","416000","415500","415000","413500","412500","411000","409500","56","5","4","4","5","5","5","147","1","1","23","5","12","9","131","3","4","1","15","1","233","204","0","0","0","0","0","-415500","5","-100.00","1","4","1","0","0","","0","0","0","","",""
"080002","0002","0","424000","425000","427000","428000","429500","430000","431000","439000","440000","443500","419000","417500","417000","416500","416000","415500","415000","413500","412500","411000","1","56","5","4","4","25","5","5","147","1","23","10","5","12","9","131","3","4","1","15","253","213","0","0","0","0","0","-415500","5","-100.00","1","20","9","0","0","","0","0","0","","",""
"080003","0000","0","424000","425000","427000","428000","429500","430000","431000","439000","440000","443500","417500","417000","416500","416000","415500","415000","413500","412500","411000","410000","1","56","5","4","4","75","5","5","147","1","8","5","12","9","131","3","4","1","15","2","303","190","0","0","0","0","0","-415500","5","-100.00","26","50","-23","0","0","","0","0","0","","",""
"080003","0001","0","424000","425000","427000","428000","429500","430000","431000","439000","440000","442500","420000","418000","417500","417000","416500","416000","415500","415000","413500","412500","1","56","5","4","4","75","5","5","147","5","2","2","8","5","12","9","131","3","4","1","307","177","0","0","0","0","0","-415500","5","-100.00","26","0","-13","0","0","","0","0","0","","",""
"080003","0002","0","424000","425000","427000","428000","429500","430000","431000","439000","440000","442500","420000","418000","417500","417000","416500","416000","415500","415000","413500","412500","1","56","5","4","4","75","5","5","147","5","2","2","8","5","12","9","153","3","4","1","307","199","0","0","0","0","0","-415500","5","-100.00","26","0","22","0","0","","0","0","0","","",""
"080004","0000","0","424000","425000","427000","428000","429500","430000","431000","439000","440000","442500","420000","418000","417500","417000","416500","416000","415500","415000","413500","412500","1","56","5","4","4","75","5","5","247","5","3","2","8","5","12","9","153","3","4","1","407","200","0","0","0","0","0","-415500","5","-100.00","26","100","1","0","0","","0","0","0","","",""
"080004","0001","0","424000","425000","427000","428000","429500","430000","431000","439000","440000","442500","420000","418000","417500","417000","416500","416000","415500","415000","413500","412500","1","56","5","4","4","75","5","5","247","5","3","2","8","5","12","9","159","3","4","1","407","206","0","0","0","0","0","-415500","5","-100.00","26","0","6","0","0","","0","0","0","","",""
"080005","0000","0","424000","425000","426500","427000","428000","429500","430000","431000","439000","440000","417000","416500","416000","415500","415000","413500","412500","411000","410000","409500","1","56","2","5","4","4","75","5","5","247","5","12","9","159","3","4","1","15","12","1","404","221","0","0","0","0","0","-415500","5","-100.00","90","-3","0","0","0","","0","0","0","","",""
"080005","0001","0","424000","425000","426500","427000","428000","429500","430000","431000","439000","440000","417000","416500","416000","415500","415000","413500","412500","411000","410000","409500","1","56","2","5","4","4","75","5","5","247","5","12","9","171","3","4","1","15","12","1","404","233","0","0","0","0","0","-415500","5","-100.00","90","0","12","0","0","","0","0","0","","",""
"080005","0002","0","423000","424000","425000","426500","427000","428000","429500","430000","431000","439000","417000","416500","416000","415500","415000","413500","412500","411000","410000","409500","2","1","56","2","5","4","4","75","5","5","5","12","9","172","3","4","1","15","12","1","159","234","0","0","0","0","0","-415500","5","-100.00","90","0","1","0","0","","0","0","0","","",""
"080005","0003","0","420500","423000","424000","425000","426500","427000","428000","429500","430000","431000","417000","416500","416000","415500","415000","413500","412500","411000","410000","409500","2","2","1","56","2","5","4","4","75","5","5","12","9","172","3","4","1","15","12","1","156","234","0","0","0","0","0","-415500","5","-100.00","90","-3","0","0","0","","0","0","0","","",""
"080006","0000","0","420500","423000","424000","425000","426500","427000","428000","429500","430000","431000","417000","416500","416000","415500","415000","413500","412500","411000","410000","409500","4","2","1","56","2","5","4","4","75","5","5","12","9","172","3","4","1","15","12","1","158","234","0","0","0","0","0","-415500","5","-100.00","90","2","0","0","0","","0","0","0","","",""
"080006","0001","0","420500","423000","424000","425000","426500","427000","428000","429500","430000","431000","417000","416500","416000","415500","415000","413500","412500","411000","410000","409500","6","2","1","56","2","5","4","4","75","5","5","12","9","172","3","4","1","15","12","1","160","234","0","0","0","0","0","-415500","5","-100.00","90","2","0","0","0","","0","0","0","","",""
"080006","0002","0","420500","423000","424000","425000","426500","427000","428000","429500","430000","431000","417000","416500","416000","415500","415000","413500","412500","411000","410000","409500","8","2","1","56","2","5","4","4","75","5","5","12","9","172","3","4","1","15","12","1","162","234","0","0","0","0","0","-415500","5","-100.00","90","2","0","0","0","","0","0","0","","",""
"080006","0003","0","420500","422500","423000","424000","425000","427000","428000","429500","430000","431000","417500","417000","416500","416000","415500","415000","413500","412500","411000","410000","10","2","2","1","56","5","4","4","75","5","10","5","12","9","172","3","4","1","15","12","164","243","0","0","0","0","0","-415500","5","-100.00","90","2","9","0","0","","0","0","0","","",""
"080007","0000","0","420000","420500","422500","423000","424000","425000","427000","428000","429500","430000","417500","417000","416500","416000","415500","415000","413500","412500","411000","410000","1","10","2","2","1","56","5","4","4","75","10","5","12","9","172","3","4","1","15","12","160","243","0","0","0","0","0","-415500","5","-100.00","90","-4","0","0","0","","0","0","0","","",""
"080007","0001","0","420000","420500","422500","423000","424000","425000","427000","428000","429500","430000","418000","417500","417000","416500","416000","415500","415000","413500","412500","411000","1","10","2","2","1","56","5","4","4","75","2","18","5","12","1","172","3","4","1","15","160","233","0","0","0","0","0","-415500","5","-100.00","98","0","-10","0","0","","0","0","0","","",""
"080007","0002","0","420000","420500","422500","423000","424000","425000","427000","428000","429000","429500","418000","417500","417000","416500","416000","415500","415000","413500","412500","411000","1","10","2","2","1","56","5","4","1","4","2","18","5","12","1","172","3","4","1","15","86","233","0","0","0","0","0","-415500","5","-100.00","98","-74","0","0","0","","0","0","0","","",""
"080008","0000","0","420000","420500","422500","423000","424000","425000","427000","428000","429000","429500","418000","417500","417000","416500","416000","415500","415000","413500","412500","411000","1","10","2","2","1","56","5","4","1","4","2","18","5","12","1","173","3","4","1","15","86","234","0","0","0","0","0","-415500","5","-100.00","98","0","1","0","0","","0","0","0","","",""
"080008","0001","0","418500","419000","420000","420500","422500","423000","424000","425000","427000","428000","417500","417000","416500","416000","415500","415000","413500","412500","411000","410000","2","4","1","10","2","2","1","56","5","4","10","5","12","1","173","3","4","1","15","35","87","259","0","0","0","0","0","-415500","5","-100.00","108","1","25","0","0","","0","0","0","","",""
"080008","0002","0","417500","418000","419000","420000","420500","422500","423000","424000","425000","427000","417000","416500","416000","415500","415000","413500","412500","411000","410000","409500","2","4","2","5","10","2","2","1","56","5","5","12","1","173","3","4","1","15","35","1","89","250","0","0","0","0","0","-415500","5","-100.00","118","2","-9","0","0","","0","0","0","","",""
"080008","0003","0","417500","418000","419000","420000","420500","422500","423000","424000","425000","427000","417000","416500","416000","415500","415000","413500","412500","411000","410000","409500","2","4","2","5","10","2","2","1","56","5","10","12","3","173","3","4","1","16","35","1","89","258","0","0","0","0","0","-415500","5","-100.00","118","0","1","0","0","","0","0","0","","",""
"080009","0000","0","417500","418000","419000","420000","420500","422500","423000","424000","425000","427000","417000","416500","416000","415500","415000","413500","412500","411000","410000","409500","2","4","2","5","10","2","2","1","56","23","10","12","3","173","3","4","1","16","35","1","107","258","0","0","0","0","0","-415500","5","-100.00","118","18","0","0","0","","0","0","0","","",""
"080009","0001","0","417500","418000","419000","420000","420500","422500","423000","424000","425000","427000","417000","416500","416000","415500","415000","413500","412500","411000","410500","410000","2","4","2","5","10","2","2","1","56","23","10","12","3","173","3","4","1","16","24","35","107","281","0","0","0","0","0","-415500","5","-100.00","118","0","23","0","0","","0","0","0","","",""
"080010","0000","0","417500","418000","419000","420000","420500","422500","423000","424000","425000","427000","417000","416500","416000","415500","415000","413500","412500","411000","410500","410000","2","4","2","5","10","2","7","1","56","23","10","12","3","173","3","4","1","16","24","35","112","281","0","0","0","0","0","-415500","5","-100.00","118","5","0","0","0","","0","0","0","","",""
"080010","0001","0","418500","419000","420000","420500","422500","423000","424000","425000","427000","428000","417000","416500","416000","415500","415000","413500","412500","411000","410500","410000","2","4","5","10","2","7","1","56","23","4","10","12","4","173","3","4","1","16","24","35","114","282","0","0","0","0","0","-415500","5","-100.00","120","0","1","0","0","","0","0","0","","",""
"080011","0000","0","418500","419000","420000","420500","422500","423000","424000","425000","427000","428000","417000","416500","416000","415500","415000","413500","412500","411000","410500","410000","2","4","15","10","2","7","1","56","23","4","10","12","4","173","3","4","1","16","24","35","124","282","0","0","0","0","0","-415500","5","-100.00","121","10","0","0","0","","0","0","0","","",""
"080011","0001","0","418000","418500","419000","420000","420500","422500","423000","424000","425000","427000","417500","417000","416500","416000","415500","415000","413500","412500","411000","410500","11","2","2","15","2","2","7","3","56","23","1","10","12","4","173","3","4","1","16","24","123","248","0","0","0","0","0","-415500","5","-100.00","121","4","0","0","0","","0","0","0","","",""
"080011","0002","0","418000","418500","419000","420000","422500","423000","424000","425000","427000","428000","417500","417000","416500","416000","415500","415000","413500","412500","411000","410500","13","2","2","15","2","7","3","56","23","4","1","10","12","4","173","3","4","1","16","24","127","248","0","0","0","0","0","-415500","5","-100.00","121","4","0","0","0","","0","0","0","","",""
"080011","0003","0","418000","418500","419000","420000","422500","423000","424000","425000","427000","428000","417500","417000","416500","416000","415500","415000","413500","412500","411000","410500","13","2","2","15","2","7","3","56","23","4","1","22","12","4","173","3","4","1","16","24","127","260","0","0","0","0","0","-415500","5","-100.00","121","0","12","0","0","","0","0","0","","",""
"080012","0000","0","418000","418500","419000","420000","422500","423000","424000","425000","427000","428000","417500","417000","416500","416000","415500","415000","413500","412500","411000","410500","11","2","2","15","2","7","3","56","23","4","501","22","12","4","173","3","4","1","16","24","125","760","0","0","0","0","0","-415500","5","-100.00","121","-2","500","0","0","","0","0","0","","",""
"080012","0001","0","418000","418500","419000","420000","422500","423000","424000","425000","427000","428000","417500","417000","416500","416000","415500","415000","413500","412500","411000","410500","11","17","2","15","2","7","3","56","23","4","501","22","12","4","173","3","4","1","16","24","140","760","0","0","0","0","0","-415500","5","-100.00","121","15","0","0","0","","0","0","0","","",""
"080012","0002","0","418000","418500","419000","420000","422500","423000","424000","425000","427000","428000","417500","417000","416500","416000","415500","415000","413500","412500","411000","410500","11","17","2","15","2","7","3","56","23","4","501","22","12","5","173","3","4","1","16","24","140","761","0","0","0","0","0","-415500","5","-100.00","121","0","1","0","0","","0","0","0","","",""
"080013","0000","0","418000","418500","419000","420000","422500","423000","424000","425000","427000","428000","417500","417000","416500","416000","415500","415000","413500","412500","411000","410500","11","17","2","15","2","7","3","56","23","4","501","27","12","5","173","3","4","1","16","24","140","766","0","0","0","0","0","-415500","5","-100.00","121","0","5","0","0","","0","0","0","","",""
"080013","0001","0","418000","418500","419000","420000","422500","423000","424000","425000","425500","427000","417500","417000","416500","416000","415500","415000","413500","412500","411000","410500","9","17","2","15","2","7","3","59","1","23","501","27","12","5","173","3","4","1","16","24","138","766","0","0","0","0","0","-415500","5","-100.00","123","-2","0","0","0","","0","0","0","","",""
"080014","0000","0","418000","418500","419000","420000","422500","423000","424000","425000","425500","427000","417500","417000","416500","416000","415500","415000","413500","412500","411000","410500","1","20","2","15","2","7","3","59","1","23","502","27","12","5","173","3","4","1","16","24","133","767","0","0","0","0","0","-415500","5","-100.00","123","3","0","0","0","","0","0","0","","",""
"080014","0001","0","418000","418500","419000","420000","422500","423000","424000","425000","425500","427000","417500","417000","416500","416000","415500","415000","413500","412500","411000","410500","1","25","2","15","2","7","3","59","1","23","502","27","12","5","173","3","4","1","16","24","138","767","0","0","0","0","0","-415500","5","-100.00","123","5","0","0","0","","0","0","0","","",""
"080014","0002","0","418000","418500","419000","420000","422500","423000","424000","425000","425500","427000","417500","417000","416500","416000","415500","415000","413500","412500","411000","410500","1","25","2","5","2","10","3","59","1","23","492","27","12","5","173","3","4","1","16","24","131","757","0","0","0","0","0","-415500","5","-100.00","133","-7","-10","0","0","","0","0","0","","",""
"080014","0003","0","418500","419000","420000","422500","423000","424000","425000","425500","427000","428000","418000","417500","417000","416500","416000","415500","415000","413500","412500","411000","25","2","5","10","10","3","59","1","23","4","9","492","57","12","5","173","3","4","1","16","142","772","0","0","0","0","0","-415500","5","-100.00","134","11","15","0","0","","0","0","0","","",""
"080015","0000","0","418500","419000","420000","422500","423000","424000","425000","425500","427000","428000","418000","417500","417000","416500","416000","415500","415000","413500","412500","411000","25","2","5","10","10","3","59","1","23","4","10","492","57","12","29","173","3","4","1","16","142","797","0","0","0","0","0","-415500","5","-100.00","134","0","25","0","0","","0","0","0","","",""
"080015","0001","0","418500","419000","420000","422500","423000","424000","425000","425500","427000","428000","418000","417500","417000","416500","416000","415500","415000","413500","412500","411000","25","2","5","10","10","3","59","1","23","4","11","492","57","12","29","173","3","4","1","16","142","798","0","0","0","0","0","-415500","5","-100.00","134","0","1","0","0","","0","0","0","","",""
"080015","0002","0","421500","422000","422500","423000","424000","425000","425500","427000","428000","429000","419000","418000","417500","417000","416500","416000","415500","415000","413500","412500","2","4","10","10","3","59","1","23","4","1","2073","11","492","57","12","29","173","3","4","1","117","2855","0","0","0","0","0","-415500","5","-100.00","166","-25","2057","0","0","","0","0","0","","",""
"080016","0000","0","421500","422000","422500","423000","424000","425000","425500","427000","428000","429000","419000","418000","417500","417000","416500","416000","415500","415000","413500","412500","2","4","10","10","3","59","1","23","4","1","2073","12","492","57","12","29","173","3","4","1","117","2856","0","0","0","0","0","-415500","5","-100.00","166","0","1","0","0","","0","0","0","","",""
"080016","0001","0","421500","422000","422500","423000","424000","425000","425500","427000","428000","429000","419000","418000","417500","417000","416500","416000","415500","415000","413500","412500","2","4","10","10","3","59","1","23","4","1","2073","22","492","57","12","29","173","3","4","1","117","2866","0","0","0","0","0","-415500","5","-100.00","166","0","10","0","0","","0","0","0","","",""
"080016","0002","0","421500","422000","422500","423000","424000","425000","425500","427000","428000","429000","419000","418000","417500","417000","416500","416000","415500","415000","413500","412500","2","4","10","10","3","59","1","23","4","1","2073","22","492","57","12","29","173","4","4","1","117","2867","0","0","0","0","0","-415500","5","-100.00","166","0","1","0","0","","0","0","0","","",""
"080017","0000","0","421500","422000","422500","423000","424000","425000","425500","427000","428000","429000","419000","418500","418000","417500","417000","416500","416000","415500","415000","413500","2","4","10","10","3","59","1","23","4","1","2073","1","22","492","57","12","29","173","4","4","117","2867","0","0","0","0","0","-415500","5","-100.00","166","0","0","0","0","","0","0","0","","",""
"080017","0001","0","421500","422000","422500","423000","424000","425000","425500","427000","428000","429000","419000","418500","418000","417500","417000","416500","416000","415500","415000","413500","2","4","10","10","3","59","1","23","4","1","2073","1","47","492","57","12","29","173","4","4","117","2892","0","0","0","0","0","-415500","5","-100.00","166","0","25","0","0","","0","0","0","","",""
"080017","0002","0","420500","421000","422000","422500","423000","424000","425000","425500","427000","428000","419000","418500","418000","417500","417000","416500","416000","415500","415000","413500","2","5","42","10","10","3","59","1","23","4","2073","1","47","492","57","12","29","173","4","4","159","2892","0","0","0","0","0","-415500","5","-100.00","166","42","0","0","0","","0","0","0","","",""
"080017","0003","0","420500","421000","422000","422500","423000","424000","425000","425500","427000","428000","419000","418500","418000","417500","417000","416500","416000","415500","415000","413500","2","5","42","10","10","3","59","1","23","4","2073","19","47","493","57","12","29","173","4","4","159","2911","0","0","0","0","0","-415500","5","-100.00","166","0","18","0","0","","0","0","0","","",""
"080018","0000","0","420500","421000","422000","422500","423000","424000","425000","425500","427000","428000","419000","418500","418000","417500","417000","416500","416000","415500","415000","413500","2","5","42","10","10","3","59","1","23","4","2091","19","47","493","57","12","29","173","4","4","159","2929","0","0","0","0","0","-415500","5","-100.00","166","0","18","0","0","","0","0","0","","",""
"080018","0001","0","420500","421000","422000","422500","423000","424000","425000","425500","427000","428000","420000","419000","418500","418000","417500","417000","416500","416000","415500","415000","2","5","42","10","10","3","59","1","23","4","9","2091","19","47","493","57","12","29","173","4","159","2934","0","0","0","0","0","-415500","5","-100.00","167","0","5","0","0","","0","0","0","","",""
"080018","0002","0","420500","421000","422000","422500","423000","424000","425000","425500","427000","428000","420000","419000","418500","418000","417500","417000","416500","416000","415500","415000","2","5","42","10","10","3","59","1","23","4","9","2091","19","47","493","57","12","29","174","4","159","2935","0","0","0","0","0","-415500","5","-100.00","167","0","1","0","0","","0","0","0","","",""
"080019","0000","0","420500","421000","422000","422500","423000","424000","425000","425500","427000","428000","420000","419000","418500","418000","417500","417000","416500","416000","415500","415000","2","5","42","10","10","3","59","1","23","4","9","2093","19","49","704","57","12","29","174","4","159","3150","0","0","0","0","0","-415500","5","-100.00","167","0","4","0","0","","0","0","0","","",""
"080019","0001","0","420500","421000","422000","422500","423000","424000","425000","425500","427000","428000","420000","419000","418500","418000","417500","417000","416500","416000","415500","415000","2","5","42","10","10","3","59","1","23","4","9","2095","19","49","704","57","12","29","174","4","159","3152","0","0","0","0","0","-415500","5","-100.00","167","0","2","0","0","","0","0","0","","",""
"080019","0002","0","420500","421000","422000","422500","423000","424000","425000","425500","427000","428000","420000","419500","419000","418500","418000","417500","417000","416500","416000","415500","2","5","42","10","10","3","59","1","23","4","21","2","2095","19","49","704","57","12","29","162","159","3150","0","0","0","0","0","-415500","5","-100.00","167","0","-2","0","0","","0","0","0","","",""
"080020","0000","0","420500","421000","422000","422500","423000","424000","425000","425500","427000","428000","420000","419500","419000","418500","418000","417500","417000","416500","416000","415500","2","5","42","10","10","3","59","1","23","4","23","6","2095","19","49","704","57","12","29","162","159","3156","0","0","0","0","0","-415500","5","-100.00","167","0","2","0","0","","0","0","0","","",""
"080020","0001","0","420500","421000","422000","422500","423000","424000","425000","425500","427000","428000","420000","419500","419000","418500","418000","417500","417000","416500","416000","415500","4","5","42","10","10","3","59","1","23","4","10","8","2095","20","49","704","57","12","29","162","161","3146","0","0","0","0","0","-415500","5","-100.00","180","2","-12","0","0","","0","0","0","","",""
"080020","0002","0","420500","421000","422000","422500","423000","424000","425000","425500","427000","428000","420000","419500","419000","418500","418000","417500","417000","416500","416000","415500","4","5","42","10","10","3","59","1","23","4","10","8","2095","20","50","705","57","12","29","162","161","3148","0","0","0","0","0","-415500","5","-100.00","180","0","2","0","0","","0","0","0","","",""
"080020","0003","0","420500","421000","422000","422500","423000","424000","425000","425500","427000","427500","420000","419500","419000","418500","418000","417500","417000","416500","416000","415500","4","5","42","10","10","3","59","1","23","1","10","8","2095","20","50","705","57","12","29","162","158","3148","0","0","0","0","0","-415500","5","-100.00","180","-3","0","0","0","","0","0","0","","",""
"080021","0000","0","420500","421000","422000","422500","423000","424000","425000","425500","427000","427500","420000","419500","419000","418500","418000","417500","417000","416500","416000","415500","4","5","42","10","10","3","59","1","23","1","10","8","2095","20","57","705","57","12","29","162","158","3155","0","0","0","0","0","-415500","5","-100.00","180","0","7","0","0","","0","0","0","","",""
"080021","0001","0","420500","421000","422000","422500","423000","424000","425000","425500","427000","427500","420000","419500","419000","418500","418000","417500","417000","416500","416000","415500","4","5","42","10","10","3","59","1","23","1","10","8","2091","20","57","705","57","12","29","162","158","3151","0","0","0","0","0","-415500","5","-100.00","180","0","-4","0","0","","0","0","0","","",""
"080022","0000","0","420500","421000","422000","422500","423000","424000","425000","425500","427000","427500","420000","419500","419000","418500","418000","417500","417000","416500","416000","415500","4","5","42","10","10","3","59","1","23","1","11","8","2091","20","57","705","57","15","29","162","158","3155","0","0","0","0","0","-415500","5","-100.00","180","0","3","0","0","","0","0","0","","",""
"080022","0001","0","420500","421000","422000","422500","423000","424000","425000","425500","427000","427500","420000","419500","419000","418500","418000","417500","417000","416500","416000","415500","4","5","42","10","10","3","59","1","23","1","10","2","2091","20","57","705","57","15","29","162","158","3148","0","0","0","0","0","-415500","5","-100.00","181","0","-4","0","0","","0","0","0","","",""
"080022","0002","0","420500","421000","422000","422500","423000","424000","425000","425500","427000","427500","420000","419000","418500","418000","417500","417000","416500","416000","415500","415000","4","5","42","10","10","3","59","1","23","1","10","2091","20","57","705","57","15","29","162","4","158","3150","0","0","0","0","0","-415500","5","-100.00","181","0","2","0","0","","0","0","0","","",""
"080023","0000","0","420500","421000","422000","422500","423000","424000","425000","425500","427000","427500","420000","419000","418500","418000","417500","417000","416500","416000","415500","415000","4","5","42","10","10","3","59","1","23","1","10","2092","20","57","705","57","15","29","162","4","158","3151","0","0","0","0","0","-415500","5","-100.00","181","0","1","0","0","","0","0","0","","",""
"080023","0001","0","420500","421000","422000","422500","423000","424000","425000","425500","427000","427500","419000","418500","418000","417500","417000","416500","416000","415500","415000","414000","2","5","42","10","10","3","59","1","23","1","2092","20","67","705","57","15","29","162","4","45","156","3196","0","0","0","0","0","-415500","5","-100.00","191","0","10","0","0","","0","0","0","","",""
"080023","0002","0","420000","421000","422000","422500","423000","424000","425000","425500","427000","427500","419500","419000","418500","418000","417500","417000","416500","416000","415500","415000","5","3","42","10","10","3","59","1","23","1","5","2092","20","67","705","57","15","29","162","4","157","3156","0","0","0","0","0","-415500","5","-100.00","191","1","-40","0","0","","0","0","0","","",""
"080024","0000","0","420000","421000","422000","422500","423000","424000","425000","425500","427000","427500","419500","419000","418500","418000","417500","417000","416500","416000","415500","415000","4","3","42","10","10","3","59","1","23","1","5","2092","20","67","705","57","15","29","162","4","156","3156","0","0","0","0","0","-415500","5","-100.00","192","-1","0","0","0","","0","0","0","","",""
"080024","0001","0","420000","421000","422000","422500","423000","424000","425000","425500","427000","427500","419500","419000","418500","418000","417500","417000","416500","416000","415500","415000","4","3","42","10","10","3","59","1","23","1","5","2092","20","67","705","27","15","29","162","4","156","3126","0","0","0","0","0","-415500","5","-100.00","192","0","-30","0","0","","0","0","0","","",""
"080024","0002","0","420000","420500","421500","422000","422500","423000","424000","425000","425500","427000","419500","419000","418500","418000","417500","417000","416500","416000","415500","415000","7","8","7","42","10","10","3","59","1","23","15","2092","20","67","705","27","15","29","162","4","170","3136","0","0","0","0","0","-415500","5","-100.00","228","4","0","0","0","","0","0","0","","",""
"080025","0000","0","420000","420500","421500","422000","422500","423000","424000","425000","425500","427000","419500","419000","418500","418000","417500","417000","416500","416000","415500","415000","7","8","7","42","10","10","3","74","1","23","15","2092","20","67","705","27","15","29","162","4","185","3136","0","0","0","0","0","-415500","5","-100.00","228","15","0","0","0","","0","0","0","","",""
"080026","0000","0","420000","420500","421500","422000","422500","423000","424000","425000","425500","427000","419500","419000","418500","418000","417500","417000","416500","416000","415500","415000","6","8","7","42","10","10","3","74","1","23","15","2092","20","67","705","27","15","29","162","4","184","3136","0","0","0","0","0","-415500","5","-100.00","229","-1","0","0","0","","0","0","0","","",""
"080026","0001","0","420000","420500","421500","422000","422500","423000","424000","425000","425500","427000","419500","419000","418500","418000","417500","417000","416500","416000","415500","415000","5","8","7","42","10","10","3","74","1","23","15","2092","20","67","705","27","15","29","162","4","183","3136","0","0","0","0","0","-415500","5","-100.00","230","-1","0","0","0","","0","0","0","","",""
"080026","0002","0","421000","421500","422000","422500","423000","424000","425000","425500","427000","427500","420500","419500","419000","418500","418000","417500","417000","416500","416000","415500","3","10","42","10","10","3","74","1","23","1","7","15","2092","20","67","705","27","15","29","162","177","3139","0","0","0","0","0","-415500","5","-100.00","243","-6","3","0","0","","0","0","0","","",""
"080026","0003","0","421000","421500","422000","422500","423000","424000","425000","425500","427000","427500","419500","419000","418500","418000","417500","417000","416500","416000","415500","415000","3","10","42","10","10","3","74","1","23","1","12","2092","20","57","705","27","15","29","162","4","177","3123","0","0","0","0","0","-415500","5","-100.00","253","0","-16","0","0","","0","0","0","","",""
"080027","0000","0","421000","421500","422000","422500","423000","424000","425000","425500","427000","427500","420000","419500","419000","418500","418000","417500","417000","416500","416000","415500","3","10","42","11","10","3","74","1","23","1","2","12","2092","20","57","705","27","15","29","162","178","3121","0","0","0","0","0","-415500","5","-100.00","253","1","0","0","0","","0","0","0","","",""
"080027","0001","0","421000","421500","422000","422500","423000","424000","425000","425500","427000","427500","420000","419500","419000","418500","418000","417500","417000","416500","416000","415500","3","10","42","11","10","3","74","1","23","1","4","32","2092","20","57","705","27","15","29","162","178","3143","0","0","0","0","0","-415500","5","-100.00","254","0","2","0","0","","0","0","0","","",""
"080027","0002","0","421000","421500","422000","422500","423000","424000","425000","425500","427000","427500","420000","419500","419000","418500","418000","417500","417000","416500","416000","415500","3","10","42","11","10","4","74","1","23","1","59","32","2092","2","52","705","27","15","29","162","179","3175","0","0","0","0","0","-415500","5","-100.00","254","0","48","0","0","","0","0","0","","",""
"080028","0000","0","421000","421500","422000","422500","423000","424000","425000","425500","427000","427500","420000","419500","419000","418500","418000","417500","417000","416500","416000","415500","3","10","42","11","10","4","74","1","23","1","59","32","2092","2","27","705","27","15","29","162","179","3150","0","0","0","0","0","-415500","5","-100.00","254","0","-25","0","0","","0","0","0","","",""
"080028","0001","0","421000","421500","422000","422500","423000","424000","425000","425500","427000","427500","420000","419500","419000","418500","418000","417500","417000","416500","416000","415500","3","10","42","11","10","4","74","1","23","1","59","32","2092","2","27","705","29","15","29","162","179","3152","0","0","0","0","0","-415500","5","-100.00","254","0","2","0","0","","0","0","0","","",""
"080029","0000","0","421000","421500","422000","422500","423000","423500","424000","424500","425000","425500","420000","419500","419000","418500","418000","417500","417000","416500","416000","415500","4","10","42","11","10","3","4","2","74","1","60","32","2092","2","27","705","29","15","29","162","161","3153","0","0","0","0","0","-415500","5","-100.00","254","1","0","0","0","","0","0","0","","",""
"080029","0001","0","421000","421500","422000","422500","423000","423500","424000","424500","425000","425500","420000","419500","419000","418500","418000","417500","417000","416500","416000","415500","1","10","42","11","10","3","4","2","74","1","110","32","2092","2","27","705","29","15","29","162","158","3203","0","0","0","0","0","-415500","5","-100.00","254","-3","50","0","0","","0","0","0","","",""
"080029","0002","0","421000","421500","422000","422500","423000","423500","424000","424500","425000","425500","420000","419500","419000","418500","418000","417500","417000","416500","416000","415500","1","10","42","11","26","3","4","2","74","1","110","32","2092","2","27","705","29","15","29","162","174","3203","0","0","0","0","0","-415500","5","-100.00","254","16","0","0","0","","0","0","0","","",""
"080029","0003","0","420500","421000","421500","422000","422500","423000","423500","424000","424500","425000","420000","419500","419000","418500","418000","417500","417000","416500","416000","415500","22","4","7","42","11","26","3","4","2","74","102","32","2092","2","27","705","29","15","29","162","195","3195","0","0","0","0","0","-415500","5","-100.00","262","21","-8","0","0","","0","0","0","","",""
"080030","0000","0","420500","421000","421500","422000","422500","423000","423500","424000","424500","425000","420000","419500","419000","418500","418000","417500","417000","416500","416000","415500","22","4","12","42","11","26","3","4","2","74","110","32","2092","2","27","705","29","15","29","162","200","3203","0","0","0","0","0","-415500","5","-100.00","262","5","0","0","0","","0","0","0","","",""
"080030","0001","0","420500","421000","421500","422000","422500","423000","423500","424000","424500","425000","420000","419500","419000","418500","418000","417500","417000","416500","416000","415500","22","9","12","42","11","26","3","4","2","74","110","32","2092","2","27","705","29","15","29","162","205","3203","0","0","0","0","0","-415500","5","-100.00","262","5","0","0","0","","0","0","0","","",""
"080030","0002","0","420500","421000","421500","422000","422500","423000","423500","424000","424500","425000","420000","419500","419000","418500","418000","417500","417000","416500","416000","415500","22","9","13","42","11","26","3","4","2","74","110","332","2092","2","27","705","29","15","29","162","206","3503","0","0","0","0","0","-415500","5","-100.00","262","1","300","0","0","","0","0","0","","",""
"080030","0003","0","420500","421000","421500","422000","422500","423000","423500","424000","424500","425000","420000","419500","419000","418500","418000","417500","417000","416500","416000","415500","21","6","13","42","11","26","3","4","2","74","110","334","2092","2","27","710","29","15","29","162","202","3510","0","0","0","0","0","-415500","5","-100.00","263","-4","7","0","0","","0","0","0","","",""
"080030","0004","0","420500","421000","421500","422000","422500","423000","423500","424000","424500","425000","420000","419500","419000","418500","418000","417500","417000","416500","416000","415500","20","6","13","42","11","26","3","4","2","74","110","334","2092","2","27","710","29","15","29","162","201","3510","0","0","0","0","0","-415500","5","-100.00","264","-1","0","0","0","","0","0","0","","",""
"080031","0000","0","420500","421000","421500","422000","422500","423000","423500","424000","424500","425000","420000","419500","419000","418500","418000","417500","417000","416500","416000","415500","10","6","13","42","11","26","3","4","2","74","110","334","2092","2","27","710","29","15","29","162","191","3510","0","0","0","0","0","-415500","5","-100.00","274","-10","0","0","0","","0","0","0","","",""
"080031","0001","0","420500","421000","421500","422000","422500","423000","423500","424000","424500","425000","420000","419500","419000","418500","418000","417500","417000","416500","416000","415500","10","6","13","42","11","26","3","4","2","74","110","334","2092","2","74","710","29","15","29","115","191","3510","0","0","0","0","0","-415500","5","-100.00","274","0","0","0","0","","0","0","0","","",""
"080031","0002","0","420500","421000","421500","422000","422500","423000","423500","424000","424500","425000","420000","419500","419000","418500","418000","417500","417000","416500","416000","415500","6","6","13","42","11","26","3","4","2","74","110","334","2093","2","74","710","29","15","29","115","187","3511","0","0","0","0","0","-415500","5","-100.00","278","-4","0","0","0","","0","0","0","","",""
"080032","0000","0","420500","421000","421500","422000","422500","423000","423500","424000","424500","425000","419500","419000","418500","418000","417500","417000","416500","416000","415500","415000","6","6","13","42","11","26","3","6","2","74","244","2093","2","74","710","29","15","29","125","14","189","3335","0","0","0","0","0","-415500","5","-100.00","478","2","-176","0","0","","0","0","0","","",""
"080032","0001","0","420500","421000","421500","422000","422500","423000","423500","424000","424500","425000","420000","419500","419000","418500","418000","417500","417000","416500","416000","415500","6","6","13","42","11","26","3","6","2","74","1","246","2093","2","74","710","29","15","29","125","189","3324","0","0","0","0","0","-415500","5","-100.00","478","0","2","0","0","","0","0","0","","",""
"080033","0000","0","420500","421000","421500","422000","422500","423000","423500","424000","424500","425000","420000","419500","419000","418500","418000","417500","417000","416500","416000","415500","6","6","13","42","11","26","3","6","2","74","8","246","2093","2","74","709","29","15","29","125","189","3330","0","0","0","0","0","-415500","5","-100.00","478","0","-1","0","0","","0","0","0","","",""
"080033","0001","0","420000","420500","421000","421500","422000","422500","423000","423500","424000","424500","419500","419000","418500","418000","417500","417000","416500","416000","415500","415000","12","6","6","13","42","11","26","3","7","2","246","2093","2","74","709","29","15","29","125","14","128","3336","0","0","0","0","0","-415500","5","-100.00","487","2","0","0","0","","0","0","0","","",""
"080033","0002","0","420500","421000","421500","422000","422500","423000","423500","424000","424500","425000","420000","419500","419000","418500","418000","417500","417000","416500","416000","415500","7","6","13","42","11","26","3","7","2","74","8","250","2093","2","74","709","29","15","29","125","191","3334","0","0","0","0","0","-415500","5","-100.00","499","63","-2","0","0","","0","0","0","","",""
"080034","0000","0","420500","421000","421500","422000","422500","423000","423500","424000","424500","425000","420000","419500","419000","418500","418000","417500","417000","416500","416000","415500","7","6","13","42","11","26","3","7","2","74","10","250","2093","2","74","709","29","15","29","125","191","3336","0","0","0","0","0","-415500","5","-100.00","499","0","2","0","0","","0","0","0","","",""
"080034","0001","0","421000","421500","422000","422500","423000","423500","424000","424500","425000","425500","420500","420000","419500","419000","418500","418000","417500","417000","416500","416000","6","13","42","11","26","3","7","7","74","1","43","10","250","2093","2","74","709","29","15","29","190","3254","0","0","0","0","0","-415500","5","-100.00","506","5","0","0","0","","0","0","0","","",""
"080034","0002","0","421000","421500","422000","422500","423000","423500","424000","424500","425000","425500","420500","420000","419500","419000","418500","418000","417500","417000","416500","416000","6","13","42","11","26","3","7","7","74","1","41","10","250","2093","2","74","709","29","15","29","190","3252","0","0","0","0","0","-415500","5","-100.00","508","0","-2","0","0","","0","0","0","","",""
"080034","0003","0","421000","421500","422000","422500","423000","423500","424000","424500","425000","425500","420500","420000","419500","419000","418500","418000","417500","417000","416500","416000","4","13","42","11","26","3","7","7","74","1","41","10","250","2093","2","74","709","29","15","29","188","3252","0","0","0","0","0","-415500","5","-100.00","510","-2","0","0","0","","0","0","0","","",""
"080035","0000","0","421000","421500","422000","422500","423000","423500","424000","424500","425000","425500","420500","420000","419500","419000","418500","418000","417500","417000","416500","416000","4","13","42","11","27","3","7","7","74","1","41","10","250","2093","2","74","709","29","15","29","189","3252","0","0","0","0","0","-415500","5","-100.00","510","1","0","0","0","","0","0","0","","",""
"080036","0000","0","421000","421500","422000","422500","423000","423500","424000","424500","425000","425500","420500","420000","419500","419000","418500","418000","417500","417000","416500","416000","4","13","42","11","27","3","7","7","74","31","35","10","250","2093","2","74","709","29","15","29","219","3246","0","0","0","0","0","-415500","5","-100.00","516","30","-5","0","0","","0","0","0","","",""
"080036","0001","0","421000","421500","422000","422500","423000","423500","424000","424500","425000","425500","420500","420000","419500","419000","418500","418000","417500","417000","416500","416000","4","13","42","11","27","3","7","7","74","31","35","10","251","2093","2","74","709","29","15","29","219","3247","0","0","0","0","0","-415500","5","-100.00","516","0","1","0","0","","0","0","0","","",""
"080036","0002","0","421000","421500","422000","422500","423000","423500","424000","424500","425000","425500","420500","420000","419500","419000","418500","418000","417500","417000","416500","416000","4","14","42","11","27","3","7","7","74","31","35","10","251","2093","2","74","709","29","15","29","220","3247","0","0","0","0","0","-415500","5","-100.00","516","1","0","0","0","","0","0","0","","",""
"080036","0003","0","421500","422000","422500","423000","423500","424000","424500","425000","425500","426000","421000","420500","420000","419500","419000","418500","418000","417500","417000","416500","14","42","11","27","3","7","7","74","31","2","6","35","10","251","2094","2","73","709","29","15","218","3224","0","0","0","0","0","-415500","5","-100.00","520","-2","-24","0","0","","0","0","0","","",""
"080037","0000","0","421500","422000","422500","423000","423500","424000","424500","425000","425500","426000","421000","420500","420000","419500","419000","418500","418000","417500","417000","416500","17","42","11","27","3","7","7","74","31","2","5","35","10","267","2094","2","73","709","29","15","221","3239","0","0","0","0","0","-415500","5","-100.00","521","3","-1","0","0","","0","0","0","","",""
"080037","0001","0","421500","422000","422500","423000","423500","424000","424500","425000","425500","426000","421000","420500","420000","419500","419000","418500","418000","417500","417000","416500","18","42","11","27","3","7","7","74","31","2","5","35","10","267","2094","2","72","709","29","15","222","3238","0","0","0","0","0","-415500","5","-100.00","521","1","-1","0","0","","0","0","0","","",""
"080037","0002","0","421500","422000","422500","423000","423500","424000","424500","425000","425500","426000","421000","420500","420000","419500","419000","418500","418000","417500","417000","416500","18","42","11","27","3","7","7","74","31","2","3","35","11","267","2093","2","72","709","29","15","222","3236","0","0","0","0","0","-415500","5","-100.00","523","0","-1","0","0","","0","0","0","","",""
"080037","0003","0","421500","422000","422500","423000","423500","424000","424500","425000","425500","426000","421000","420500","420000","419500","419000","418500","418000","417500","417000","416500","18","42","11","27","3","7","7","74","31","2","3","35","11","758","2093","2","72","218","29","15","222","3236","0","0","0","0","0","-415500","5","-100.00","523","0","0","0","0","","0","0","0","","",""
"080038","0000","0","421500","422000","422500","423000","423500","424000","424500","425000","425500","426000","421000","420500","420000","419500","419000","418500","418000","417500","417000","416500","18","42","11","27","3","7","7","74","31","2","3","35","11","758","2093","2","72","218","29","15","222","3236","0","0","0","0","0","-415500","5","-100.00","525","0","-2","0","0","","0","0","0","","",""
"080038","0001","0","421500","422000","422500","423000","423500","424000","424500","425000","425500","426000","421000","420500","420000","419500","419000","418500","418000","417500","417000","416500","18","42","11","27","3","7","8","74","31","2","3","35","11","758","2093","2","72","218","29","15","223","3236","0","0","0","0","0","-415500","5","-100.00","525","3","0","0","0","","0","0","0","","",""
"080039","0000","0","421500","422000","422500","423000","423500","424000","424500","425000","425500","426000","421000","420500","420000","419500","419000","418500","418000","417500","417000","416500","21","42","11","27","3","7","8","74","31","2","2","246","11","758","2093","2","72","7","29","15","226","3235","0","0","0","0","0","-415500","5","-100.00","526","3","-1","0","0","","0","0","0","","",""
"080039","0001","0","421500","422000","422500","423000","423500","424000","424500","425000","425500","426000","420500","420000","419500","419000","418500","418000","417500","417000","416500","416000","18","42","11","27","3","7","8","74","31","2","246","11","758","2093","2","72","7","29","15","30","223","3263","0","0","0","0","0","-415500","5","-100.00","529","0","27","0","0","","0","0","0","","",""
"080039","0002","0","421500","422000","422500","423000","423500","424000","424500","425000","425500","426000","420500","420000","419500","419000","418500","418000","417500","417000","416500","416000","22","42","11","27","3","7","8","74","31","2","246","11","758","2093","2","72","7","29","15","30","227","3263","0","0","0","0","0","-415500","5","-100.00","529","4","0","0","0","","0","0","0","","",""
"080040","0000","0","421500","422000","422500","423000","424000","424500","425000","425500","426000","427000","420500","420000","419500","419000","418500","418000","417500","417000","416500","416000","22","42","11","30","7","40","74","31","2","24","246","11","758","2093","2","72","7","49","15","30","283","3283","0","0","0","0","0","-415500","5","-100.00","529","0","20","0","0","","0","0","0","","",""
"080040","0001","0","421500","422000","422500","423000","424000","424500","425000","425500","426000","427000","421000","420500","420000","419500","419000","418500","418000","417500","417000","416500","22","42","11","30","7","40","74","31","2","24","1","246","11","758","2093","2","72","7","49","15","283","3254","0","0","0","0","0","-415500","5","-100.00","529","0","-29","0","0","","0","0","0","","",""
"080040","0002","0","421000","421500","422000","422500","423000","424000","424500","425000","425500","426000","420500","420000","419500","419000","418500","418000","417500","417000","416500","416000","2","42","42","11","30","7","40","74","31","2","246","11","758","2093","2","73","7","49","15","30","281","3284","0","0","0","0","0","-415500","5","-100.00","530","20","0","0","0","","0","0","0","","",""
"080040","0003","0","421000","421500","422000","422500","423000","424000","424500","425000","425500","426000","420500","420000","419500","419000","418500","418000","417500","417000","416500","416000","2","42","42","11","30","7","40","74","31","2","236","11","758","2093","2","73","7","49","15","30","281","3274","0","0","0","0","0","-415500","5","-100.00","540","0","-10","0","0","","0","0","0","","",""
"080041","0000","0","421500","422000","422500","423000","424000","424500","425000","425500","426000","427000","420500","420000","419500","419000","418500","418000","417500","417000","416500","416000","42","42","11","30","7","40","74","31","2","24","236","11","758","2093","2","73","7","49","15","30","303","3274","0","0","0","0","0","-415500","5","-100.00","543","21","0","0","0","","0","0","0","","",""
"080041","0001","0","421500","422000","422500","423000","424000","424500","425000","425500","426000","427000","421000","420500","420000","419500","419000","418500","418000","417500","417000","416500","42","42","11","30","7","40","74","31","2","24","6","236","11","788","2093","2","73","7","49","15","303","3280","0","0","0","0","0","-415500","5","-100.00","543","0","-24","0","0","","0","0","0","","",""
"080041","0002","0","421500","422000","422500","423000","424000","424500","425000","425500","426000","427000","421000","420500","420000","419500","419000","418500","418000","417500","417000","416500","42","42","11","30","7","40","74","31","2","24","5","236","11","788","2093","2","73","7","49","15","303","3279","0","0","0","0","0","-415500","5","-100.00","544","0","-1","0","0","","0","0","0","","",""
"080041","0003","0","422000","422500","423000","424000","424500","425000","425500","426000","427000","427500","421500","421000","420500","420000","419500","419000","418500","418000","417500","417000","42","11","30","7","40","84","31","2","24","1","643","5","236","11","788","2093","2","73","7","49","272","3907","0","0","0","0","0","-415500","5","-100.00","586","-41","628","0","0","","0","0","0","","",""
"080041","0004","0","422000","422500","423000","424000","424500","425000","425500","426000","427000","427500","421500","421000","420500","420000","419500","419000","418500","418000","417500","417000","42","11","30","12","40","84","31","2","24","1","659","6","236","11","788","2093","2","73","7","49","277","3924","0","0","0","0","0","-415500","5","-100.00","588","5","17","0","0","","0","0","0","","",""
"080042","0000","0","422000","422500","423000","424000","424500","425000","425500","426000","427000","427500","421500","421000","420500","420000","419500","419000","418500","418000","417500","417000","42","11","30","12","40","84","31","2","24","1","659","6","236","11","788","2093","2","73","7","49","277","3924","0","0","0","0","0","-415500","5","-100.00","588","0","0","0","0","","0","0","0","","",""
"080042","0001","0","422000","422500","423000","424000","424500","425000","425500","426000","427000","427500","421500","421000","420500","420000","419500","419000","418500","418000","417500","417000","42","11","30","12","40","84","31","2","24","1","658","6","236","11","788","2093","2","73","7","49","277","3923","0","0","0","0","0","-415500","5","-100.00","589","0","-1","0","0","","0","0","0","","",""
"080042","0002","0","422000","422500","423000","424000","424500","425000","425500","426000","427000","427500","421500","421000","420500","420000","419500","419000","418500","418000","417500","417000","42","11","30","12","40","84","31","2","24","1","658","6","236","3","788","2093","2","73","7","49","277","3915","0","0","0","0","0","-415500","5","-100.00","589","0","-8","0","0","","0","0","0","","",""
"080042","0003","0","422000","422500","423000","424000","424500","425000","425500","426000","426500","427000","421500","421000","420500","420000","419500","419000","418500","418000","417500","417000","42","11","30","12","40","84","31","2","10","24","658","6","236","3","788","2093","2","73","7","49","286","3915","0","0","0","0","0","-415500","5","-100.00","589","9","0","0","0","","0","0","0","","",""
"080042","0004","0","422000","422500","423000","424000","424500","425000","425500","426000","426500","427000","421500","421000","420500","420000","419500","419000","418500","418000","417500","417000","52","11","30","12","40","84","31","2","10","24","653","6","236","3","788","2093","2","73","7","49","296","3910","0","0","0","0","0","-415500","5","-100.00","594","10","-5","0","0","","0","0","0","","",""
"080043","0000","0","422000","422500","423000","424000","424500","425000","425500","426000","426500","427000","421500","421000","420500","420000","419500","419000","418500","418000","417500","417000","52","11","30","12","40","84","31","2","10","24","653","6","236","13","788","2093","2","73","7","49","296","3920","0","0","0","0","0","-415500","5","-100.00","594","0","10","0","0","","0","0","0","","",""
"080043","0001","0","422000","422500","423000","424000","424500","425000","425500","426000","426500","427000","421500","421000","420500","420000","419500","419000","418500","418000","417500","417000","52","11","30","12","40","84","31","2","10","24","650","8","236","13","788","2093","2","73","7","49","296","3919","0","0","0","0","0","-415500","5","-100.00","597","0","-1","0","0","","0","0","0","","",""
"080043","0002","0","422000","422500","423000","424000","424500","425000","425500","426000","426500","427000","421500","421000","420500","420000","419500","419000","418500","418000","417500","417000","52","11","30","12","40","84","31","2","10","24","650","8","236","13","789","2093","2","66","7","49","296","3913","0","0","0","0","0","-415500","5","-100.00","597","0","1","0","0","","0","0","0","","",""
"080044","0000","0","422000","422500","423000","424000","424500","425000","425500","426000","426500","427000","421500","421000","420500","420000","419500","419000","418500","418000","417500","417000","52","11","30","12","40","84","31","2","10","24","489","8","236","13","789","2093","2","66","7","49","296","3752","0","0","0","0","0","-415500","5","-100.00","758","0","-161","0","0","","0","0","0","","",""
"080044","0001","0","422000","422500","423000","424000","424500","425000","425500","426000","426500","427000","421500","421000","420500","420000","419500","419000","418500","418000","417500","417000","52","11","30","12","40","84","31","2","10","24","489","9","236","25","789","2093","2","66","7","49","296","3765","0","0","0","0","0","-415500","5","-100.00","758","0","13","0","0","","0","0","0","","",""
"080044","0002","0","422000","422500","423000","424000","424500","425000","425500","426000","426500","427000","421500","421000","420500","420000","419500","419000","418500","418000","417500","417000","52","11","30","12","40","84","31","2","10","19","493","9","236","25","789","2093","2","66","7","49","291","3769","0","0","0","0","0","-415500","5","-100.00","759","0","5","0","0","","0","0","0","","",""
"080045","0000","0","422000","422500","423000","424000","424500","425000","425500","426000","426500","427000","421500","421000","420500","420000","419500","419000","418500","418000","417500","417000","15","11","30","12","40","84","31","2","10","19","493","9","236","25","789","2093","2","66","7","49","254","3769","0","0","0","0","0","-415500","5","-100.00","796","-37","0","0","0","","0","0","0","","",""
"080045","0001","0","423500","424000","424500","425000","425500","426000","426500","427000","427500","428000","423000","421500","421000","420500","420000","419500","419000","418500","418000","417500","5","18","40","84","31","2","10","19","1","5","3","493","9","236","25","789","2093","2","19","7","215","3676","0","0","0","0","0","-415500","5","-100.00","852","-40","-93","0","0","","0","0","0","","",""
"080045","0002","0","423500","424000","424500","425000","425500","426000","426500","427000","427500","428000","422000","421500","421000","420500","420000","419500","419000","418500","418000","417500","5","18","40","84","31","2","10","19","1","5","9","486","9","236","25","789","2093","2","19","7","215","3675","0","0","0","0","0","-415500","5","-100.00","863","0","-40","0","0","","0","0","0","","",""
"080046","0000","0","423500","424000","424500","425000","425500","426000","426500","427000","427500","428000","422000","421500","421000","420500","420000","419500","419000","418500","418000","417500","5","18","40","84","31","2","10","19","1","5","9","486","9","236","25","789","2093","2","19","8","215","3676","0","0","0","0","0","-415500","5","-100.00","863","0","1","0","0","","0","0","0","","",""
"080046","0001","0","423500","424000","424500","425000","425500","426000","426500","427000","427500","428000","422000","421500","421000","420500","420000","419500","419000","418500","418000","417500","5","18","40","84","31","2","10","19","1","5","7","486","10","236","25","791","2093","2","19","7","215","3676","0","0","0","0","0","-415500","5","-100.00","865","0","0","0","0","","0","0","0","","",""
"080046","0002","0","423500","424000","424500","425000","425500","426000","426500","427000","427500","428000","422000","421500","421000","420500","420000","419500","419000","418500","418000","417500","5","18","40","84","31","2","10","19","2","5","2","496","10","236","25","791","2093","2","19","7","216","3681","0","0","0","0","0","-415500","5","-100.00","870","1","5","0","0","","0","0","0","","",""
"080046","0003","0","423500","424000","424500","425000","425500","426000","426500","427000","427500","428000","422000","421500","421000","420500","420000","419500","419000","418500","418000","417500","5","18","40","84","31","2","10","19","2","5","2","707","10","25","25","791","2093","2","19","7","216","3681","0","0","0","0","0","-415500","5","-100.00","870","0","0","0","0","","0","0","0","","",""
"080046","0004","0","423000","423500","424000","424500","425000","425500","426000","426500","427000","427500","422000","421500","421000","420500","420000","419500","419000","418500","418000","417500","5","19","13","40","84","31","2","10","19","2","2","707","10","25","25","791","2093","2","19","7","225","3681","0","0","0","0","0","-415500","5","-100.00","870","9","0","0","0","","0","0","0","","",""
"080047","0000","0","423000","423500","424000","424500","425000","425500","426000","426500","427000","427500","421500","421000","420500","420000","419500","419000","418500","418000","417500","417000","5","19","13","40","84","31","2","10","19","2","707","10","25","25","791","2093","2","19","7","49","225","3728","0","0","0","0","0","-415500","5","-100.00","872","0","47","0","0","","0","0","0","","",""
"080047","0001","0","423000","423500","424000","424500","425000","425500","426000","426500","427000","427500","421500","421000","420500","420000","419500","419000","418500","418000","417500","417000","5","19","13","40","84","31","2","10","19","2","707","10","25","25","791","2093","2","19","7","49","225","3728","0","0","0","0","0","-415500","5","-100.00","872","0","0","0","0","","0","0","0","","",""
"080047","0002","0","423000","423500","424000","424500","425000","425500","426000","426500","427000","427500","421500","421000","420500","420000","419500","419000","418500","418000","417500","417000","5","19","13","40","84","31","2","10","19","2","707","10","25","26","791","2093","2","19","7","49","225","3729","0","0","0","0","0","-415500","5","-100.00","872","0","1","0","0","","0","0","0","","",""
"080047","0003","0","423000","423500","424000","424500","425000","425500","426000","426500","427000","427500","421500","421000","420500","420000","419500","419000","418500","418000","417500","417000","5","19","13","40","84","31","2","10","19","2","680","10","25","26","791","2093","2","19","7","49","225","3702","0","0","0","0","0","-415500","5","-100.00","899","0","-27","0","0","","0","0","0","","",""
"080048","0000","0","423000","423500","424000","424500","425000","425500","426000","426500","427000","427500","421500","421000","420500","420000","419500","419000","418500","418000","417500","417000","6","19","14","40","84","31","2","10","19","2","681","9","25","26","791","2093","2","19","7","49","227","3702","0","0","0","0","0","-415500","5","-100.00","899","2","0","0","0","","0","0","0","","",""
"080048","0001","0","423000","423500","424000","424500","425000","425500","426000","426500","427000","427500","421500","421000","420500","420000","419500","419000","418500","418000","417500","417000","6","19","15","40","84","31","2","10","19","2","681","9","25","26","791","2093","2","19","7","49","228","3702","0","0","0","0","0","-415500","5","-100.00","899","1","0","0","0","","0","0","0","","",""
"080048","0002","0","423000","423500","424000","424500","425000","425500","426000","426500","427000","427500","421500","421000","420500","420000","419500","419000","418500","418000","417500","417000","6","19","15","44","84","31","2","10","19","2","681","9","25","26","791","2093","2","19","7","49","232","3702","0","0","0","0","0","-415500","5","-100.00","899","4","0","0","0","","0","0","0","","",""
"080049","0000","0","423000","423500","424000","424500","425000","425500","426000","426500","427000","427500","421500","421000","420500","420000","419500","419000","418500","418000","417500","417000","6","19","15","44","84","31","2","10","19","4","681","9","25","26","791","2093","2","19","7","49","234","3702","0","0","0","0","0","-415500","5","-100.00","899","2","0","0","0","","0","0","0","","",""
"080049","0001","0","423000","423500","424000","424500","425000","425500","426000","426500","427000","427500","421500","421000","420500","420000","419500","419000","418500","418000","417500","417000","6","19","15","44","84","31","2","10","19","4","601","9","25","26","791","2093","2","19","7","52","234","3625","0","0","0","0","0","-415500","5","-100.00","979","0","-80","0","0","","0","0","0","","",""
"080049","0002","0","422000","422500","423000","423500","424000","424500","425000","425500","426000","426500","421500","421000","420500","420000","419500","419000","418500","418000","417500","417000","6","10","1","14","15","44","84","31","2","10","601","14","25","26","791","2093","2","19","7","52","217","3630","0","0","0","0","0","-415500","5","-100.00","979","-9","5","0","0","","0","0","0","","",""
"080049","0003","0","422000","422500","423000","423500","424000","424500","425000","425500","426000","426500","421500","421000","420500","420000","419500","419000","418500","418000","417500","417000","6","10","1","14","15","44","84","31","2","10","601","29","25","26","791","2093","2","19","7","52","217","3645","0","0","0","0","0","-415500","5","-100.00","979","0","15","0","0","","0","0","0","","",""
"080050","0000","0","422000","422500","423000","423500","424000","424500","425000","425500","426000","426500","421500","421000","420500","420000","419500","419000","418500","418000","417500","417000","2","10","1","14","15","44","84","31","2","10","601","29","25","26","787","2093","2","19","7","52","213","3641","0","0","0","0","0","-415500","5","-100.00","983","-4","-4","0","0","","0","0","0","","",""
"080050","0001","0","422000","422500","423000","423500","424000","424500","425000","425500","426000","426500","421500","421000","420500","420000","419500","419000","418500","418000","417500","417000","2","10","1","14","15","44","84","31","2","10","611","39","25","26","787","2093","2","19","7","52","213","3661","0","0","0","0","0","-415500","5","-100.00","983","0","10","0","0","","0","0","0","","",""
"080050","0002","0","422000","422500","423000","423500","424000","424500","425000","425500","426000","426500","421500","421000","420500","420000","419500","419000","418500","418000","417500","417000","2","10","3","14","15","44","84","31","2","10","610","39","25","26","787","2093","2","19","7","52","215","3660","0","0","0","0","0","-415500","5","-100.00","984","2","-1","0","0","","0","0","0","","",""
"080050","0003","0","422000","422500","423000","423500","424000","424500","425000","425500","426000","426500","421500","421000","420500","420000","419500","419000","418500","418000","417500","417000","1","12","3","14","15","44","84","31","2","10","610","39","25","26","787","2093","2","19","7","52","216","3660","0","0","0","0","0","-415500","5","-100.00","985","1","0","0","0","","0","0","0","","",""
"080051","0000","0","422000","422500","423000","423500","424000","424500","425000","425500","426000","426500","421500","421000","420500","420000","419500","419000","418500","418000","417500","417000","1","12","3","14","15","44","84","31","2","10","610","39","30","26","787","2093","2","19","7","52","216","3665","0","0","0","0","0","-415500","5","-100.00","986","0","5","0","0","","0","0","0","","",""
"080051","0001","0","422500","423000","423500","424000","424500","425000","425500","426000","426500","427000","421500","421000","420500","420000","419500","419000","418500","418000","417500","417000","17","3","14","15","44","84","31","2","10","19","609","39","30","26","787","2093","2","19","7","52","239","3664","0","0","0","0","0","-415500","5","-100.00","988","5","-1","0","0","","0","0","0","","",""
"080052","0000","0","422500","423000","423500","424000","424500","425000","425500","426000","426500","427000","421500","421000","420500","420000","419500","419000","418500","418000","417500","417000","17","3","14","15","44","84","31","2","10","19","609","40","30","26","789","2093","2","19","7","52","239","3667","0","0","0","0","0","-415500","5","-100.00","988","0","1","0","0","","0","0","0","","",""
"080052","0001","0","422500","423000","423500","424000","424500","425000","425500","426000","426500","427000","421500","421000","420500","420000","419500","419000","418500","418000","417500","417000","17","3","14","15","44","89","31","2","10","19","609","40","30","26","789","2093","2","19","7","52","244","3667","0","0","0","0","0","-415500","5","-100.00","988","5","0","0","0","","0","0","0","","",""
"080052","0002","0","422000","422500","423000","423500","424000","424500","425000","425500","426000","426500","421500","421000","420500","420000","419500","419000","418500","418000","417500","417000","1","17","3","14","15","44","89","31","2","10","604","40","30","26","789","2093","2","19","7","52","226","3662","0","0","0","0","0","-415500","5","-100.00","988","0","-5","0","0","","0","0","0","","",""
"080052","0003","0","422000","422500","423000","423500","424000","424500","425000","425500","426000","426500","421500","421000","420500","420000","419500","419000","418500","418000","417500","417000","1","17","3","14","15","44","89","31","2","10","604","41","30","16","790","2093","2","19","7","52","226","3654","0","0","0","0","0","-415500","5","-100.00","988","0","-9","0","0","","0","0","0","","",""
"080052","0004","0","422000","422500","423000","423500","424000","424500","425000","425500","426000","426500","421500","421000","420500","420000","419500","419000","418500","418000","417500","417000","11","17","3","14","15","44","89","41","2","10","624","41","30","16","790","2093","2","19","7","52","246","3674","0","0","0","0","0","-415500","5","-100.00","988","20","20","0","0","","0","0","0","","",""
"080053","0000","0","422500","423000","423500","424000","424500","425000","425500","426000","426500","427000","421500","421000","420500","420000","419500","419000","418500","418000","417500","417000","3","3","14","15","44","89","41","2","10","19","624","41","30","16","790","2093","2","19","7","52","240","3674","0","0","0","0","0","-415500","5","-100.00","1013","-6","0","0","0","","0","0","0","","",""
"080053","0001","0","423000","423500","424000","424500","425000","425500","426000","426500","427000","427500","421500","421000","420500","420000","419500","419000","418500","418000","417500","417000","8","14","15","44","89","41","2","10","19","4","624","41","30","16","790","2093","2","19","7","52","246","3674","0","0","0","0","0","-415500","5","-100.00","1014","6","0","0","0","","0","0","0","","",""
"080053","0002","0","423500","424000","424500","425000","425500","426000","426500","427000","427500","428000","421500","421000","420500","420000","419500","419000","418500","418000","417500","417000","10","15","44","89","41","2","10","19","4","5","624","41","30","16","790","2093","2","19","7","52","239","3674","0","0","0","0","0","-415500","5","-100.00","1031","-7","0","0","0","","0","0","0","","",""
"080054","0000","0","422500","423500","424000","424500","425000","425500","426000","426500","427000","427500","421500","421000","420500","420000","419500","419000","418500","418000","417500","417000","2","5","15","44","89","41","2","10","19","4","624","41","30","16","790","2093","2","19","7","52","231","3674","0","0","0","0","0","-415500","5","-100.00","1031","-8","0","0","0","","0","0","0","","",""
"080054","0001","0","422500","423500","424000","424500","425000","425500","426000","426500","427000","427500","421500","421000","420500","420000","419500","419000","418500","418000","417500","417000","2","5","15","44","89","41","2","10","19","4","619","41","30","16","791","2093","2","19","7","52","231","3670","0","0","0","0","0","-415500","5","-100.00","1036","0","-4","0","0","","0","0","0","","",""
"080054","0002","0","422000","422500","423500","424000","424500","425000","425500","426000","426500","427000","421500","421000","420500","420000","419500","419000","418500","418000","417500","417000","15","2","5","15","44","89","41","2","10","19","620","41","30","16","791","2093","2","19","7","52","242","3671","0","0","0","0","0","-415500","5","-100.00","1036","11","1","0","0","","0","0","0","","",""
"080055","0000","0","422000","422500","423500","424000","424500","425000","425500","426000","426500","427000","421500","421000","420500","420000","419500","419000","418500","418000","417500","417000","13","2","5","15","44","89","41","2","10","19","620","41","30","16","792","2093","2","19","7","52","240","3672","0","0","0","0","0","-415500","5","-100.00","1038","0","1","0","0","","0","0","0","","",""
"080055","0001","0","422000","422500","423500","424000","424500","425000","425500","426000","426500","427000","421500","421000","420500","420000","419500","419000","418500","418000","417500","417000","13","2","5","29","44","89","41","2","10","19","620","41","30","36","792","2093","2","19","7","52","254","3692","0","0","0","0","0","-415500","5","-100.00","1038","14","20","0","0","","0","0","0","","",""
"080055","0002","0","422000","422500","423500","424000","424500","425000","425500","426000","426500","427000","421500","421000","420500","420000","419500","419000","418500","418000","417500","417000","13","2","5","29","44","89","41","2","10","19","620","41","30","36","792","2093","2","19","9","52","254","3694","0","0","0","0","0","-415500","5","-100.00","1038","0","2","0","0","","0","0","0","","",""
"080056","0000","0","422000","422500","423500","424000","424500","425000","425500","426000","426500","427000","421500","421000","420500","420000","419500","419000","418500","418000","417500","417000","14","2","5","29","44","89","41","92","10","19","620","41","30","36","792","2093","2","19","9","52","345","3694","0","0","0","0","0","-415500","5","-100.00","1039","1","0","0","0","","0","0","0","","",""
"080056","0001","0","422000","422500","423500","424000","424500","425000","425500","426000","426500","427000","421500","421000","420500","420000","419500","419000","418500","418000","417500","417000","14","2","5","29","44","89","41","92","10","19","617","41","30","36","792","2093","2","19","9","52","345","3691","0","0","0","0","0","-415500","5","-100.00","1042","0","-3","0","0","","0","0","0","","",""
"080056","0002","0","422000","422500","423500","424000","424500","425000","425500","426000","426500","427000","421500","421000","420500","420000","419500","419000","418500","418000","417500","417000","14","3","5","29","44","89","41","92","10","19","617","41","30","36","792","2093","2","19","9","52","346","3691","0","0","0","0","0","-415500","5","-100.00","1042","1","0","0","0","","0","0","0","","",""
"080056","0003","0","422000","422500","423500","424000","424500","425000","425500","426000","426500","427000","421500","421000","420500","420000","419500","419000","418500","418000","417500","417000","12","3","5","29","44","89","41","92","10","19","617","41","30","36","792","2093","2","17","9","52","344","3689","0","0","0","0","0","-415500","5","-100.00","1044","-2","-2","0","0","","0","0","0","","",""
"080057","0000","0","422500","423500","424000","424500","425000","425500","426000","426500","427000","427500","422000","421500","421000","420500","420000","419500","419000","418500","418000","417500","3","5","29","44","89","41","92","10","19","4","199","406","41","30","36","795","2093","2","17","9","336","3628","0","0","0","0","0","-415500","5","-100.00","1056","0","2","0","0","","0","0","0","","",""
"080057","0001","0","422500","423500","424000","424500","425000","425500","426000","426500","427000","427500","422000","421500","421000","420500","420000","419500","419000","418500","418000","417500","3","5","29","44","89","41","92","10","19","4","211","407","41","30","36","795","2093","2","17","9","336","3641","0","0","0","0","0","-415500","5","-100.00","1056","0","5","0","0","","0","0","0","","",""
"080057","0002","0","422500","423500","424000","424500","425000","425500","426000","426500","427000","427500","422000","421500","421000","420500","420000","419500","419000","418500","418000","417500","3","5","29","44","89","41","92","10","19","4","211","408","41","30","36","795","2093","2","18","9","336","3643","0","0","0","0","0","-415500","5","-100.00","1056","0","1","0","0","","0","0","0","","",""
"080057","0003","0","422500","423500","424000","424500","425000","425500","426000","426500","427000","427500","422000","421500","421000","420500","420000","419500","419000","418500","418000","417500","3","5","29","44","90","41","92","10","19","4","211","408","41","30","36","795","2093","2","18","9","337","3643","0","0","0","0","0","-415500","5","-100.00","1056","1","0","0","0","","0","0","0","","",""
"080058","0000","0","422500","423000","423500","424000","424500","425000","425500","426000","426500","427000","422000","421500","421000","420500","420000","419500","419000","418500","418000","417500","3","2","5","29","44","90","41","92","10","19","211","408","41","30","2110","795","20","2","18","9","335","3644","0","0","0","0","0","-415500","5","-100.00","1056","-2","0","0","0","","0","0","0","","",""
"080058","0001","0","422500","423000","423500","424000","424500","425000","425500","426000","426500","427000","422000","421500","421000","420500","420000","419500","419000","418500","418000","417500","3","2","5","29","44","90","41","92","10","19","211","409","41","30","2110","795","20","2","18","9","335","3645","0","0","0","0","0","-415500","5","-100.00","1056","0","1","0","0","","0","0","0","","",""
"080058","0002","0","422500","423000","423500","424000","424500","425000","425500","426000","426500","427000","422000","421500","421000","420500","420000","419500","419000","418500","418000","417500","3","2","5","29","44","90","41","92","10","19","211","409","41","30","2110","795","20","2","18","11","335","3647","0","0","0","0","0","-415500","5","-100.00","1056","0","2","0","0","","0","0","0","","",""
"080058","0003","0","423500","424000","424500","425000","425500","426000","426500","427000","427500","428000","422000","421500","421000","420500","420000","419500","419000","418500","418000","417500","9","29","44","90","41","92","10","19","4","11","111","409","40","30","2110","795","20","2","18","11","349","3546","0","0","0","0","0","-415500","5","-100.00","1162","14","-101","0","0","","0","0","0","","",""
"080059","0000","0","423000","423500","424000","424500","425000","425500","426000","426500","427000","427500","422000","421500","421000","420500","420000","419500","419000","418500","418000","417500","5","10","33","44","90","41","92","10","19","4","111","409","40","30","2110","795","20","2","18","11","348","3546","0","0","0","0","0","-415500","5","-100.00","1163","-1","0","0","0","","0","0","0","","",""
"080059","0001","0","423000","423500","424000","424500","425000","425500","426000","426500","427000","427500","422000","421500","421000","420500","420000","419500","419000","418500","418000","417500","5","10","34","44","90","41","92","10","19","4","111","409","40","30","2110","795","20","2","18","11","349","3546","0","0","0","0","0","-415500","5","-100.00","1163","1","0","0","0","","0","0","0","","",""
"080059","0002","0","423000","423500","424000","424500","425000","425500","426000","426500","427000","427500","422000","421500","421000","420500","420000","419500","419000","418500","418000","417500","5","10","34","44","90","41","92","10","19","4","121","409","40","30","2110","795","20","2","18","11","349","3556","0","0","0","0","0","-415500","5","-100.00","1163","0","10","0","0","","0","0","0","","",""
"080100","0000","0","423500","424000","424500","425000","425500","426000","426500","427000","427500","428000","422000","421500","421000","420500","420000","419500","419000","418500","418000","417500","10","34","44","90","41","92","10","19","4","11","325","409","40","30","2110","795","20","2","18","11","355","3760","0","0","0","0","0","-415500","5","-100.00","1163","6","1","0","0","","0","0","0","","",""
"080100","0001","0","423500","424000","424500","425000","425500","426000","426500","427000","427500","428000","422000","421500","421000","420500","420000","419500","419000","418500","418000","417500","10","34","44","91","41","92","10","19","4","11","325","409","40","30","2110","795","20","2","18","11","356","3760","0","0","0","0","0","-415500","5","-100.00","1163","1","0","0","0","","0","0","0","","",""
"080100","0002","0","422500","423500","424000","424500","425000","425500","426000","426500","427000","427500","422000","421500","421000","420500","420000","419500","419000","418500","418000","417500","5","5","34","44","91","41","92","10","19","4","326","408","40","30","2110","795","20","2","18","11","345","3760","0","0","0","0","0","-415500","5","-100.00","1163","0","0","0","0","","0","0","0","","",""
"080101","0000","0","422500","423500","424000","424500","425000","425500","426000","426500","427000","427500","422000","421500","421000","420500","420000","419500","419000","418500","418000","417500","10","5","34","44","91","41","92","10","19","4","332","408","40","30","2110","795","20","2","31","11","350","3779","0","0","0","0","0","-415500","5","-100.00","1163","5","6","0","0","","0","0","0","","",""
"080101","0001","0","422500","423000","423500","424000","424500","425000","425500","426000","426500","427000","422000","421500","421000","420500","420000","419500","419000","418500","418000","417500","10","1","5","34","47","91","41","92","10","19","332","408","40","30","2110","795","20","2","31","11","350","3779","0","0","0","0","0","-415500","5","-100.00","1163","-4","0","0","0","","0","0","0","","",""
"080101","0002","0","422500","423000","423500","424000","424500","425000","425500","426000","426500","427000","422000","421500","421000","420500","420000","419500","419000","418500","418000","417500","5","1","5","34","47","91","41","92","10","19","332","410","40","30","2110","795","20","2","31","11","345","3781","0","0","0","0","0","-415500","5","-100.00","1168","-5","2","0","0","","0","0","0","","",""
"080101","0003","0","422500","423000","423500","424000","424500","425000","425500","426000","426500","427000","422000","421500","421000","420500","420000","419500","419000","418500","418000","417500","5","1","5","34","48","91","41","92","10","19","331","410","40","30","2110","795","20","2","31","11","346","3780","0","0","0","0","0","-415500","5","-100.00","1170","0","1","0","0","","0","0","0","","",""
"080102","0000","0","423000","423500","424000","424500","425000","425500","426000","426500","427000","427500","422000","421500","421000","420500","420000","419500","419000","418500","418000","417500","1","5","34","48","91","41","92","10","19","5","331","410","40","30","2110","795","20","2","31","11","346","3780","0","0","0","0","0","-415500","5","-100.00","1175","0","0","0","0","","0","0","0","","",""
"080102","0001","0","423000","423500","424000","424500","425000","425500","426000","426500","427000","427500","422000","421500","421000","420500","420000","419500","419000","418500","418000","417500","13","5","34","48","91","41","92","10","91","5","330","410","40","30","2110","795","20","2","31","11","430","3779","0","0","0","0","0","-415500","5","-100.00","1176","10","-1","0","0","","0","0","0","","",""
"080102","0002","0","423000","423500","424000","424500","425000","425500","426000","426500","427000","427500","422500","422000","421500","421000","420500","420000","419500","419000","418500","418000","8","5","34","48","91","41","92","10","91","5","35","330","410","40","30","2110","795","20","2","31","425","3803","0","0","0","0","0","-415500","5","-100.00","1181","-5","24","0","0","","0","0","0","","",""
"080102","0003","0","423000","423500","424000","424500","425000","425500","426000","426500","427000","427500","422500","422000","421500","421000","420500","420000","419500","419000","418500","418000","8","5","34","48","91","41","92","10","91","5","34","331","410","40","30","2110","795","20","2","31","425","3803","0","0","0","0","0","-415500","5","-100.00","1182","0","-1","0","0","","0","0","0","","",""
"080102","0004","0","423000","423500","424000","424500","425000","425500","426000","426500","427000","427500","422500","422000","421500","421000","420500","420000","419500","419000","418500","418000","8","5","34","48","91","41","92","10","91","5","34","336","410","40","30","2110","795","20","2","31","425","3808","0","0","0","0","0","-415500","5","-100.00","1182","0","5","0","0","","0","0","0","","",""
"080103","0000","0","423000","423500","424000","424500","425000","425500","426000","426500","427000","427500","422500","422000","421500","421000","420500","420000","419500","419000","418500","418000","8","30","34","48","91","41","92","10","91","5","32","337","420","40","30","2110","795","20","2","31","450","3817","0","0","0","0","0","-415500","5","-100.00","1184","25","11","0","0","","0","0","0","","",""
"080103","0001","0","423500","424000","424500","425000","425500","426000","426500","427000","427500","428000","423000","422500","422000","421500","421000","420500","420000","419500","419000","418500","30","34","48","92","41","92","10","91","5","11","92","32","337","419","40","30","2110","795","20","2","454","3877","0","0","0","0","0","-415500","5","-100.00","1192","3","60","0","0","","0","0","0","","",""
"080103","0002","0","423500","424000","424500","425000","425500","426000","426500","427000","427500","428000","423000","422500","422000","421500","421000","420500","420000","419500","419000","418500","33","34","48","92","41","92","10","91","5","11","92","32","337","419","40","30","2110","795","20","2","457","3877","0","0","0","0","0","-415500","5","-100.00","1202","3","0","0","0","","0","0","0","","",""
"080104","0000","0","423500","424000","424500","425000","425500","426000","426500","427000","427500","428000","423000","422500","422000","421500","421000","420500","420000","419500","419000","418500","33","34","48","92","41","92","10","91","5","11","93","32","337","419","40","30","2110","795","20","2","457","3878","0","0","0","0","0","-415500","5","-100.00","1202","0","1","0","0","","0","0","0","","",""
"080104","0001","0","423500","424000","424500","425000","425500","426000","426500","427000","427500","428000","423000","422500","422000","421500","421000","420500","420000","419500","419000","418500","38","34","48","92","41","92","10","91","5","11","5","32","337","419","40","30","2110","795","20","2","462","3790","0","0","0","0","0","-415500","5","-100.00","1290","5","-88","0","0","","0","0","0","","",""
"080104","0002","0","423500","424000","424500","425000","425500","426000","426500","427000","427500","428000","423000","422500","422000","421500","421000","420500","420000","419500","419000","418500","40","34","48","92","41","92","10","91","5","11","5","32","337","419","40","30","2110","795","20","2","464","3790","0","0","0","0","0","-415500","5","-100.00","1290","2","0","0","0","","0","0","0","","",""
"080104","0003","0","423500","424000","424500","425000","425500","426000","426500","427000","427500","428000","423000","422500","422000","421500","421000","420500","420000","419500","419000","418500","40","34","48","92","41","92","10","91","5","11","1","32","341","419","41","30","2110","795","20","2","464","3791","0","0","0","0","0","-415500","5","-100.00","1294","0","2","0","0","","0","0","0","","",""
"080105","0000","0","423500","424000","424500","425000","425500","426000","426500","427000","427500","428000","423000","422500","422000","421500","421000","420500","420000","419500","419000","418500","40","34","48","92","49","92","10","91","5","11","1","32","341","419","41","30","2110","795","20","2","472","3791","0","0","0","0","0","-415500","5","-100.00","1294","8","0","0","0","","0","0","0","","",""
"080105","0001","0","423500","424000","424500","425000","425500","426000","426500","427000","427500","428000","423000","422500","422000","421500","421000","420500","420000","419500","419000","418500","41","34","48","92","49","92","10","91","5","11","1","32","341","419","41","5","2110","795","20","2","473","3766","0","0","0","0","0","-415500","5","-100.00","1294","1","-25","0","0","","0","0","0","","",""
"080105","0002","0","423000","423500","424000","424500","425000","425500","426000","426500","427000","427500","422500","422000","421500","421000","420500","420000","419500","419000","418500","418000","5","41","34","48","92","49","92","10","91","5","32","341","419","41","5","2110","795","20","2","31","467","3796","0","0","0","0","0","-415500","5","-100.00","1295","-6","30","0","0","","0","0","0","","",""
"080105","0003","0","423000","423500","424000","424500","425000","425500","426000","426500","427000","427500","422500","422000","421500","421000","420500","420000","419500","419000","418500","418000","5","43","34","48","92","49","92","10","91","5","32","341","419","41","5","2110","795","20","2","31","469","3796","0","0","0","0","0","-415500","5","-100.00","1295","2","0","0","0","","0","0","0","","",""
"080106","0000","0","423000","423500","424000","424500","425000","425500","426000","426500","427000","427500","422500","422000","421500","421000","420500","420000","419500","419000","418500","418000","5","43","34","48","92","49","92","10","91","5","32","341","399","41","5","2110","796","20","2","31","469","3777","0","0","0","0","0","-415500","5","-100.00","1295","0","1","0","0","","0","0","0","","",""
"080106","0001","0","423000","423500","424000","424500","425000","425500","426000","426500","427000","427500","422500","422000","421500","421000","420500","420000","419500","419000","418500","418000","5","43","34","48","92","49","92","10","91","5","33","340","399","41","5","2110","796","20","2","31","469","3777","0","0","0","0","0","-415500","5","-100.00","1295","0","0","0","0","","0","0","0","","",""
"080106","0002","0","423000","423500","424000","424500","425000","425500","426000","426500","427000","427500","422500","422000","421500","421000","420500","420000","419500","419000","418500","418000","7","43","34","48","92","49","92","10","91","5","33","340","399","41","15","2110","796","20","2","31","471","3787","0","0","0","0","0","-415500","5","-100.00","1295","2","10","0","0","","0","0","0","","",""
"080107","0000","0","423000","423500","424000","424500","425000","425500","426000","426500","427000","427500","422500","422000","421500","421000","420500","420000","419500","419000","418500","418000","7","43","34","48","92","49","92","10","91","5","31","339","399","41","15","2110","796","20","2","31","471","3784","0","0","0","0","0","-415500","5","-100.00","1298","0","0","0","0","","0","0","0","","",""
"080107","0001","0","423000","423500","424000","424500","425000","425500","426000","426500","427000","427500","422500","422000","421500","421000","420500","420000","419500","419000","418500","418000","17","43","34","48","92","49","92","10","91","5","31","339","399","41","15","2110","796","20","2","31","481","3784","0","0","0","0","0","-415500","5","-100.00","1298","10","0","0","0","","0","0","0","","",""
"080107","0002","0","423000","423500","424000","424500","425000","425500","426000","426500","427000","427500","422500","422000","421500","421000","420500","420000","419500","419000","418500","418000","18","43","34","48","92","49","94","10","91","5","31","339","399","41","15","2110","796","20","2","31","484","3784","0","0","0","0","0","-415500","5","-100.00","1298","3","0","0","0","","0","0","0","","",""
"080107","0003","0","423000","423500","424000","424500","425000","425500","426000","426500","427000","427500","422500","422000","421500","421000","420500","420000","419500","419000","418500","418000","18","43","34","48","92","49","94","10","91","5","34","339","399","41","15","2110","796","20","3","31","484","3788","0","0","0","0","0","-415500","5","-100.00","1298","0","4","0","0","","0","0","0","","",""
"080107","0004","0","423000","423500","424000","424500","425000","425500","426000","426500","427000","427500","422500","422000","421500","421000","420500","420000","419500","419000","418500","418000","26","43","34","48","92","49","94","10","91","5","33","339","399","41","15","2110","796","20","3","31","492","3787","0","0","0","0","0","-415500","5","-100.00","1299","8","-1","0","0","","0","0","0","","",""
"080107","0005","0","423000","423500","424000","424500","425000","425500","426000","426500","427000","427500","422500","422000","421500","421000","420500","420000","419500","419000","418500","418000","40","43","34","48","92","49","94","10","91","5","33","339","399","41","15","2110","796","20","3","31","506","3787","0","0","0","0","0","-415500","5","-100.00","1299","14","0","0","0","","0","0","0","","",""
"080108","0000","0","423000","423500","424000","424500","425000","425500","426000","426500","427000","427500","422500","422000","421500","421000","420500","420000","419500","419000","418500","418000","42","43","34","48","92","49","94","10","91","25","33","344","399","41","15","2111","796","20","3","31","528","3793","0","0","0","0","0","-415500","5","-100.00","1299","22","1","0","0","","0","0","0","","",""
"080108","0001","0","423000","423500","424000","424500","425000","425500","426000","426500","427000","427500","422500","422000","421500","421000","420500","420000","419500","419000","418500","418000","42","43","36","48","92","49","94","10","91","25","33","344","399","41","15","2111","796","20","3","31","530","3793","0","0","0","0","0","-415500","5","-100.00","1299","2","0","0","0","","0","0","0","","",""
"080108","0002","0","423000","423500","424000","424500","425000","425500","426000","426500","427000","427500","422500","422000","421500","421000","420500","420000","419500","419000","418500","418000","43","43","36","48","92","49","94","10","91","25","33","344","399","41","15","2111","796","20","3","31","531","3793","0","0","0","0","0","-415500","5","-100.00","1300","1","0","0","0","","0","0","0","","",""
"080109","0000","0","423000","423500","424000","424500","425000","425500","426000","426500","427000","427500","422500","422000","421500","421000","420500","420000","419500","419000","418500","418000","45","43","36","48","92","49","94","10","91","25","33","344","399","41","15","2111","796","20","3","31","533","3793","0","0","0","0","0","-415500","5","-100.00","1300","2","0","0","0","","0","0","0","","",""
"080109","0001","0","423000","423500","424000","424500","425000","425500","426000","426500","427000","427500","422500","422000","421500","421000","420500","420000","419500","419000","418500","418000","46","43","36","48","92","49","94","10","91","25","33","344","399","41","15","2111","796","20","3","31","534","3793","0","0","0","0","0","-415500","5","-100.00","1300","1","0","0","0","","0","0","0","","",""
"080109","0002","0","423000","423500","424000","424500","425000","425500","426000","426500","427000","427500","422500","422000","421500","421000","420500","420000","419500","419000","418500","418000","46","43","38","48","92","50","94","10","91","25","33","344","399","41","15","2111","796","20","3","31","537","3793","0","0","0","0","0","-415500","5","-100.00","1300","3","0","0","0","","0","0","0","","",""
"080109","0003","0","423000","423500","424000","424500","425000","425500","426000","426500","427000","427500","422500","422000","421500","421000","420500","420000","419500","419000","418500","418000","46","39","38","48","92","50","94","10","91","25","10","344","399","41","15","2111","796","20","3","31","533","3770","0","0","0","0","0","-415500","5","-100.00","1323","-4","-23","0","0","","0","0","0","","",""
"080110","0000","0","423000","423500","424000","424500","425000","425500","426000","426500","427000","427500","422500","422000","421500","421000","420500","420000","419500","419000","418500","418000","46","39","38","48","92","50","94","10","91","25","10","344","400","41","15","2111","796","20","3","31","533","3771","0","0","0","0","0","-415500","5","-100.00","1323","0","1","0","0","","0","0","0","","",""
"080110","0001","0","423000","423500","424000","424500","425000","425500","426000","426500","427000","427500","422500","422000","421500","421000","420500","420000","419500","419000","418500","418000","46","39","38","48","92","51","94","10","91","25","10","341","400","41","15","2111","796","20","3","31","534","3768","0","0","0","0","0","-415500","5","-100.00","1326","0","-3","0","0","","0","0","0","","",""
"080111","0000","0","423000","423500","424000","424500","425000","425500","426000","426500","427000","427500","422500","422000","421500","421000","420500","420000","419500","419000","418500","418000","46","39","38","48","92","51","94","10","91","25","10","331","400","41","15","2111","796","20","3","31","534","3758","0","0","0","0","0","-415500","5","-100.00","1326","0","-10","0","0","","0","0","0","","",""
"080111","0001","0","423000","423500","424000","424500","425000","425500","426000","426500","427000","427500","422500","422000","421500","421000","420500","420000","419500","419000","418500","418000","47","39","38","48","92","50","94","10","91","25","7","331","400","41","15","2111","796","20","3","31","534","3755","0","0","0","0","0","-415500","5","-100.00","1329","0","-2","0","0","","0","0","0","","",""
"080111","0002","0","423000","423500","424000","424500","425000","425500","426000","426500","427000","427500","422500","422000","421500","421000","420500","420000","419500","419000","418500","418000","54","39","38","48","92","50","94","10","91","25","8","326","400","41","15","2111","796","20","3","31","541","3751","0","0","0","0","0","-415500","5","-100.00","1334","7","-4","0","0","","0","0","0","","",""
"080111","0003","0","423000","423500","424000","424500","425000","425500","426000","426500","427000","427500","422500","422000","421500","421000","420500","420000","419500","419000","418500","418000","54","39","38","48","92","50","94","10","91","25","8","326","400","41","15","2111","796","30","3","31","541","3761","0","0","0","0","0","-415500","5","-100.00","1334","0","10","0","0","","0","0","0","","",""
"080112","0000","0","423000","423500","424000","424500","425000","425500","426000","426500","427000","427500","422500","422000","421500","421000","420500","420000","419500","419000","418500","418000","54","39","38","48","92","50","94","10","91","25","7","326","400","41","15","2110","796","30","3","31","541","3759","0","0","0","0","0","-415500","5","-100.00","1335","0","-2","0","0","","0","0","0","","",""
"080112","0001","0","423000","423500","424000","424500","425000","425500","426000","426500","427000","427500","422500","422000","421500","421000","420500","420000","419500","419000","418500","418000","52","39","38","48","92","50","94","10","91","25","7","326","400","41","15","2110","796","30","3","31","539","3759","0","0","0","0","0","-415500","5","-100.00","1335","-2","0","0","0","","0","0","0","","",""
"080112","0002","0","423000","423500","424000","424500","425000","425500","426000","426500","427000","427500","422500","422000","421500","421000","420500","420000","419500","419000","418500","418000","52","39","38","48","92","50","94","10","91","25","7","326","400","41","15","2110","796","30","3","31","539","3759","0","0","0","0","0","-415500","5","-100.00","1335","0","0","0","0","","0","0","0","","",""
"080112","0003","0","423500","424000","424500","425000","425500","426000","426500","427000","427500","428000","423000","422500","422000","421500","421000","420500","420000","419500","419000","418500","39","38","48","92","50","94","10","91","25","12","1","37","326","400","41","15","2110","796","30","3","499","3759","0","0","0","0","0","-415500","5","-100.00","1392","0","20","0","0","","0","0","0","","",""
"080112","0004","0","423500","424000","424500","425000","425500","426000","426500","427000","427500","428000","423000","422500","422000","421500","421000","420500","420000","419500","419000","418500","39","38","48","92","50","94","10","91","25","12","1","42","321","400","41","15","2110","796","30","3","499","3759","0","0","0","0","0","-415500","5","-100.00","1392","0","0","0","0","","0","0","0","","",""
"080113","0000","0","423500","424000","424500","425000","425500","426000","426500","427000","427500","428000","422500","422000","421500","421000","420500","420000","419500","419000","418500","418000","39","38","48","92","50","94","10","91","25","12","42","321","400","41","15","2110","796","30","3","31","499","3789","0","0","0","0","0","-415500","5","-100.00","1393","0","30","0","0","","0","0","0","","",""
"080113","0001","0","423500","424000","424500","425000","425500","426000","426500","427000","427500","428000","422500","422000","421500","421000","420500","420000","419500","419000","418500","418000","39","38","48","92","50","94","10","91","25","12","21","371","400","41","15","2110","796","30","3","31","499","3818","0","0","0","0","0","-415500","5","-100.00","1416","0","8","0","0","","0","0","0","","",""
