"time","millisec","HOUR_CLS_CODE","ASKP1","ASKP2","ASKP3","ASKP4","ASKP5","ASKP6","ASKP7","ASKP8","ASKP9","ASKP10","BIDP1","BIDP2","BIDP3","BIDP4","BIDP5","BIDP6","BIDP7","BIDP8","BIDP9","BIDP10","ASKP_RSQN1","ASKP_RSQN2","ASKP_RSQN3","ASKP_RSQN4","ASKP_RSQN5","ASKP_RSQN6","ASKP_RSQN7","ASKP_RSQN8","ASKP_RSQN9","ASKP_RSQN10","BIDP_RSQN1","BIDP_RSQN2","BIDP_RSQN3","BIDP_RSQN4","BIDP_RSQN5","BIDP_RSQN6","BIDP_RSQN7","BIDP_RSQN8","BIDP_RSQN9","BIDP_RSQN10","TOTAL_ASKP_RSQN","TOTAL_BIDP_RSQN","OVTM_TOTAL_ASKP_RSQN","OVTM_TOTAL_BIDP_RSQN","ANTC_CNPR","ANTC_CNQN","ANTC_VOL","ANTC_CNTG_VRSS","ANTC_CNTG_VRSS_SIGN","ANTC_CNTG_PRDY_CTRT","ACML_VOL","TOTAL_ASKP_RSQN_ICDC","TOTAL_BIDP_RSQN_ICDC","OVTM_TOTAL_ASKP_ICDC","OVTM_TOTAL_BIDP_ICDC","STCK_DEAL_CLS_CODE","KMID_PRC","KMID_TOTAL_RSQN","KMID_CLS_CODE","NMID_PRC","NMID_TOTAL_RSQN","NMID_CLS_CODE"
"080000","0000","0","1489000","1713000","0","0","0","0","0","0","0","0","0","0","0","0","0","0","0","0","0","0","1","1","0","0","0","0","0","0","0","0","0","0","0","0","0","0","0","0","0","0","2","0","0","0","0","0","0","-1417000","5","-100.00","0","0","0","0","0","","0","0","0","","",""
"080000","0001","0","1480000","1483000","1486000","1489000","1493000","1500000","1516000","1600000","1650000","1713000","1350000","1001000","999000","996000","0","0","0","0","0","0","1","1","1","1","2","7","4","1","12","1","10","200","16","216","0","0","0","0","0","0","31","442","0","0","0","0","0","-1417000","5","-100.00","0","29","442","0","0","","0","0","0","","",""
"080001","0000","0","1452000","1459000","1466000","1469000","1477000","1480000","1483000","1486000","1489000","1490000","1432000","1421000","1417000","1382000","1350000","1001000","999000","996000","0","0","19","3","13","1","1","1","1","1","1","1","139","2","7","2","10","200","16","216","0","0","42","592","0","0","0","0","0","-1417000","5","-100.00","11","11","150","0","0","","0","0","0","","",""
"080001","0001","0","1435000","1445000","1450000","1452000","1459000","1466000","1469000","1477000","1480000","1483000","1432000","1421000","1417000","1382000","1370000","1360000","1350000","1340000","1330000","1320000","3","1","150","19","3","13","1","1","21","1","15","2","7","2","1","1","11","1","1","1","213","42","0","0","0","0","0","-1417000","5","-100.00","135","171","-550","0","0","","0","0","0","","",""
"080002","0000","0","1435000","1440000","1445000","1450000","1452000","1456000","1459000","1466000","1469000","1475000","1432000","1421000","1417000","1400000","1390000","1382000","1381000","1380000","1377000","1370000","3","1","1","150","19","2","3","13","1","20","15","2","7","1","1","2","5","1","5","1","213","40","0","0","0","0","0","-1417000","5","-100.00","135","0","-2","0","0","","0","0","0","","",""
"080003","0000","0","1435000","1440000","1445000","1450000","1451000","1452000","1456000","1459000","1466000","1469000","1432000","1421000","1417000","1400000","1398000","1390000","1382000","1381000","1380000","1377000","3","1","1","150","1","19","2","3","13","1","15","2","7","1","5","1","2","5","1","5","194","44","0","0","0","0","0","-1417000","5","-100.00","135","-19","4","0","0","","0","0","0","","",""
"080003","0001","0","1435000","1440000","1445000","1450000","1451000","1452000","1455000","1456000","1459000","1466000","1432000","1421000","1417000","1400000","1398000","1390000","1382000","1381000","1380000","1377000","3","1","1","150","1","19","5","2","3","13","15","2","8","1","5","1","2","5","1","5","198","45","0","0","0","0","0","-1417000","5","-100.00","135","4","1","0","0","","0","0","0","","",""
"080003","0002","0","1435000","1440000","1445000","1450000","1451000","1452000","1455000","1456000","1459000","1466000","1432000","1421000","1417000","1409000","1400000","1398000","1390000","1382000","1381000","1380000","3","1","1","150","1","19","5","2","3","13","15","2","8","3","1","5","1","2","5","1","198","43","0","0","0","0","0","-1417000","5","-100.00","135","0","-2","0","0","","0","0","0","","",""
"080004","0000","0","1435000","1440000","1445000","1450000","1451000","1452000","1455000","1456000","1459000","1466000","1432000","1421000","1417000","1409000","1400000","1398000","1390000","1382000","1381000","1380000","15","1","1","150","1","19","5","2","3","13","16","2","8","3","1","5","1","2","5","1","210","44","0","0","0","0","0","-1417000","5","-100.00","135","12","1","0","0","","0","0","0","","",""
"080004","0001","0","1435000","1440000","1445000","1450000","1451000","1452000","1455000","1456000","1459000","1466000","1432000","1421000","1419000","1417000","1409000","1400000","1398000","1390000","1382000","1381000","15","1","1","150","1","19","5","2","3","13","16","2","9","9","3","1","5","1","2","5","210","53","0","0","0","0","0","-1417000","5","-100.00","135","0","9","0","0","","0","0","0","","",""
"080005","0000","0","1435000","1440000","1445000","1450000","1451000","1452000","1455000","1456000","1459000","1466000","1432000","1421000","1419000","1417000","1409000","1400000","1398000","1390000","1382000","1381000","15","1","1","150","1","19","5","2","3","13","16","2","9","13","3","1","5","1","2","5","210","57","0","0","0","0","0","-1417000","5","-100.00","135","0","4","0","0","","0","0","0","","",""
"080005","0001","0","1435000","1440000","1445000","1450000","1451000","1452000","1455000","1456000","1458000","1459000","1432000","1421000","1419000","1417000","1409000","1400000","1398000","1390000","1382000","1381000","15","1","1","150","1","19","5","2","6","3","16","2","9","13","3","1","5","1","2","5","203","57","0","0","0","0","0","-1417000","5","-100.00","135","-7","0","0","0","","0","0","0","","",""
"080006","0000","0","1434000","1435000","1440000","1445000","1450000","1451000","1452000","1455000","1456000","1458000","1432000","1421000","1419000","1417000","1409000","1400000","1398000","1390000","1382000","1381000","1","15","1","1","150","1","19","5","2","6","16","2","9","13","3","1","5","1","2","5","201","57","0","0","0","0","0","-1417000","5","-100.00","135","-2","0","0","0","","0","0","0","","",""
"080006","0001","0","1434000","1435000","1440000","1445000","1450000","1451000","1452000","1455000","1456000","1458000","1432000","1421000","1419000","1417000","1409000","1400000","1398000","1397000","1390000","1383000","1","15","1","1","150","1","19","5","2","6","16","2","9","13","3","1","5","3","1","3","201","56","0","0","0","0","0","-1417000","5","-100.00","135","0","-1","0","0","","0","0","0","","",""
"080006","0002","0","1434000","1435000","1440000","1445000","1450000","1451000","1452000","1455000","1456000","1458000","1432000","1421000","1419000","1417000","1409000","1407000","1400000","1398000","1397000","1393000","1","15","1","1","150","1","19","5","2","6","16","2","9","13","3","1","1","5","3","1","201","54","0","0","0","0","0","-1417000","5","-100.00","135","0","-2","0","0","","0","0","0","","",""
"080008","0000","0","1434000","1435000","1440000","1445000","1450000","1451000","1452000","1455000","1456000","1458000","1432000","1421000","1419000","1417000","1409000","1407000","1400000","1398000","1397000","1393000","1","15","1","1","150","1","19","5","2","6","16","2","13","13","3","1","1","5","3","1","201","58","0","0","0","0","0","-1417000","5","-100.00","135","0","4","0","0","","0","0","0","","",""
"080008","0001","0","1434000","1435000","1440000","1445000","1450000","1451000","1452000","1455000","1456000","1458000","1432000","1421000","1419000","1417000","1409000","1407000","1400000","1398000","1397000","1393000","1","15","6","1","150","1","19","5","2","6","16","1","13","13","3","1","1","5","3","1","206","57","0","0","0","0","0","-1417000","5","-100.00","135","5","-1","0","0","","0","0","0","","",""
"080009","0000","0","1434000","1435000","1440000","1445000","1450000","1451000","1452000","1455000","1456000","1458000","1433000","1432000","1421000","1419000","1417000","1409000","1407000","1400000","1398000","1397000","1","12","6","1","150","1","19","5","2","6","1","12","1","13","13","3","1","1","5","3","203","53","0","0","0","0","0","-1417000","5","-100.00","139","-3","-4","0","0","","0","0","0","","",""
"080009","0001","0","1434000","1435000","1440000","1445000","1450000","1451000","1452000","1455000","1456000","1458000","1432000","1419000","1417000","1409000","1407000","1400000","1398000","1397000","1393000","1391000","1","12","6","1","150","1","19","5","2","6","12","13","13","3","1","1","5","3","1","1","203","53","0","0","0","0","0","-1417000","5","-100.00","140","0","0","0","0","","0","0","0","","",""
"080009","0002","0","1424000","1434000","1435000","1440000","1445000","1450000","1451000","1452000","1455000","1456000","1419000","1417000","1409000","1407000","1400000","1398000","1397000","1393000","1391000","1390000","5","1","15","6","1","150","1","19","5","2","13","13","3","1","1","5","3","1","1","1","205","42","0","0","0","0","0","-1417000","5","-100.00","152","2","-11","0","0","","0","0","0","","",""
"080010","0000","0","1434000","1435000","1440000","1445000","1450000","1451000","1452000","1455000","1456000","1458000","1424000","1419000","1417000","1409000","1407000","1400000","1398000","1397000","1393000","1391000","1","15","6","1","150","1","19","5","2","6","2","15","13","3","1","1","5","3","1","1","206","45","0","0","0","0","0","-1417000","5","-100.00","157","1","3","0","0","","0","0","0","","",""
"080011","0000","0","1434000","1435000","1440000","1445000","1450000","1451000","1452000","1455000","1456000","1458000","1424000","1419000","1417000","1409000","1407000","1400000","1398000","1397000","1393000","1391000","1","15","6","1","150","1","19","5","2","126","2","15","13","3","1","1","5","3","1","1","326","45","0","0","0","0","0","-1417000","5","-100.00","157","120","0","0","0","","0","0","0","","",""
"080011","0001","0","1430000","1433000","1434000","1435000","1440000","1445000","1450000","1451000","1452000","1455000","1424000","1419000","1417000","1409000","1407000","1400000","1398000","1397000","1393000","1391000","1","1","1","15","6","1","150","1","19","5","2","15","13","3","1","1","5","3","1","1","200","45","0","0","0","0","0","-1417000","5","-100.00","157","-126","0","0","0","","0","0","0","","",""
"080011","0002","0","1433000","1434000","1435000","1440000","1445000","1446000","1450000","1451000","1452000","1455000","1432000","1424000","1419000","1417000","1409000","1407000","1400000","1398000","1397000","1393000","1","1","15","6","1","1","150","2","19","5","2","2","15","13","3","1","1","5","3","1","201","46","0","0","0","0","0","-1417000","5","-100.00","158","1","1","0","0","","0","0","0","","",""
"080012","0000","0","1433000","1434000","1435000","1440000","1445000","1446000","1450000","1451000","1452000","1455000","1432000","1424000","1419000","1417000","1409000","1407000","1400000","1398000","1397000","1393000","1","1","15","6","1","1","150","2","19","5","5","2","15","13","3","1","1","5","3","1","201","49","0","0","0","0","0","-1417000","5","-100.00","158","0","3","0","0","","0","0","0","","",""
"080012","0001","0","1433000","1434000","1435000","1440000","1445000","1446000","1450000","1451000","1452000","1455000","1432000","1424000","1419000","1417000","1409000","1407000","1400000","1398000","1397000","1393000","1","1","15","6","26","1","150","2","19","5","5","2","15","13","3","1","1","5","3","1","226","49","0","0","0","0","0","-1417000","5","-100.00","158","25","0","0","0","","0","0","0","","",""
"080012","0002","0","1433000","1434000","1435000","1440000","1445000","1446000","1450000","1451000","1452000","1455000","1432000","1419000","1417000","1409000","1407000","1400000","1398000","1397000","1393000","1391000","2","1","15","6","26","1","150","2","19","5","5","15","13","3","1","1","5","3","1","1","227","48","0","0","0","0","0","-1417000","5","-100.00","158","1","-1","0","0","","0","0","0","","",""
"080013","0000","0","1433000","1434000","1435000","1440000","1445000","1446000","1450000","1451000","1452000","1455000","1432000","1419000","1417000","1409000","1407000","1400000","1398000","1397000","1393000","1391000","2","1","15","6","26","1","150","2","19","5","4","15","13","3","1","1","5","3","1","1","227","47","0","0","0","0","0","-1417000","5","-100.00","159","0","-1","0","0","","0","0","0","","",""
"080013","0001","0","1433000","1434000","1435000","1440000","1445000","1446000","1450000","1451000","1452000","1455000","1432000","1419000","1417000","1409000","1407000","1400000","1398000","1397000","1393000","1391000","2","1","15","6","27","1","150","2","19","5","4","15","13","3","1","1","5","3","1","1","228","47","0","0","0","0","0","-1417000","5","-100.00","159","1","0","0","0","","0","0","0","","",""
"080014","0000","0","1433000","1434000","1435000","1440000","1445000","1446000","1450000","1451000","1452000","1455000","1432000","1419000","1417000","1409000","1407000","1400000","1398000","1397000","1393000","1391000","2","1","15","6","27","1","150","2","19","5","1","15","13","3","1","1","5","3","1","1","228","44","0","0","0","0","0","-1417000","5","-100.00","162","0","-3","0","0","","0","0","0","","",""
"080014","0001","0","1433000","1434000","1435000","1440000","1445000","1446000","1450000","1451000","1452000","1455000","1432000","1419000","1417000","1409000","1407000","1400000","1398000","1397000","1393000","1391000","1","1","15","6","27","1","150","2","19","5","1","15","13","3","1","3","5","3","1","1","227","46","0","0","0","0","0","-1417000","5","-100.00","163","-1","2","0","0","","0","0","0","","",""
"080015","0000","0","1433000","1434000","1435000","1440000","1445000","1446000","1450000","1451000","1452000","1455000","1432000","1419000","1417000","1409000","1407000","1400000","1398000","1397000","1395000","1393000","1","1","15","6","27","1","150","2","19","5","1","15","13","3","1","3","5","3","8","1","227","53","0","0","0","0","0","-1417000","5","-100.00","163","0","7","0","0","","0","0","0","","",""
"080015","0001","0","1433000","1434000","1435000","1440000","1445000","1446000","1450000","1451000","1452000","1455000","1432000","1419000","1417000","1409000","1407000","1400000","1398000","1397000","1395000","1393000","1","1","15","6","27","1","150","2","19","5","4","15","13","3","1","3","5","3","8","1","227","56","0","0","0","0","0","-1417000","5","-100.00","163","0","3","0","0","","0","0","0","","",""
"080015","0002","0","1433000","1434000","1435000","1440000","1445000","1446000","1450000","1451000","1452000","1455000","1432000","1424000","1419000","1417000","1409000","1407000","1400000","1398000","1397000","1395000","1","1","15","8","27","1","152","2","19","5","4","34","15","13","3","1","3","5","3","8","231","89","0","0","0","0","0","-1417000","5","-100.00","163","4","33","0","0","","0","0","0","","",""
"080016","0000","0","1433000","1434000","1435000","1440000","1445000","1446000","1450000","1451000","1452000","1455000","1432000","1424000","1419000","1417000","1409000","1407000","1400000","1398000","1397000","1395000","1","1","15","8","27","1","152","2","19","5","3","34","15","13","3","1","3","5","3","8","231","88","0","0","0","0","0","-1417000","5","-100.00","164","0","-1","0","0","","0","0","0","","",""
"080016","0001","0","1433000","1434000","1435000","1440000","1443000","1445000","1446000","1450000","1451000","1452000","1432000","1424000","1419000","1417000","1409000","1407000","1400000","1398000","1397000","1395000","1","1","15","8","1","27","1","152","2","19","3","35","15","13","3","1","3","5","3","8","227","89","0","0","0","0","0","-1417000","5","-100.00","164","-4","1","0","0","","0","0","0","","",""
"080016","0002","0","1433000","1434000","1435000","1440000","1443000","1445000","1446000","1450000","1451000","1452000","1432000","1424000","1419000","1417000","1409000","1407000","1400000","1398000","1397000","1395000","1","1","15","8","6","27","1","152","2","19","3","35","15","13","3","1","3","5","3","8","232","89","0","0","0","0","0","-1417000","5","-100.00","164","5","0","0","0","","0","0","0","","",""
"080017","0000","0","1433000","1434000","1435000","1440000","1443000","1445000","1446000","1450000","1451000","1452000","1432000","1424000","1419000","1417000","1409000","1407000","1400000","1398000","1397000","1395000","51","1","15","8","6","27","1","153","2","19","3","35","15","13","3","1","3","5","3","8","283","89","0","0","0","0","0","-1417000","5","-100.00","164","51","0","0","0","","0","0","0","","",""
"080017","0001","0","1433000","1434000","1435000","1440000","1443000","1445000","1446000","1449000","1450000","1451000","1432000","1424000","1419000","1417000","1409000","1407000","1400000","1398000","1397000","1395000","51","1","15","8","6","27","1","1","153","2","3","35","15","13","3","1","3","5","3","8","265","89","0","0","0","0","0","-1417000","5","-100.00","164","-18","0","0","0","","0","0","0","","",""
"080017","0002","0","1433000","1434000","1435000","1440000","1443000","1445000","1446000","1449000","1450000","1451000","1432000","1424000","1419000","1417000","1409000","1407000","1400000","1398000","1397000","1395000","59","1","16","8","6","27","1","1","153","2","3","35","15","13","3","1","3","5","3","8","274","89","0","0","0","0","0","-1417000","5","-100.00","164","9","0","0","0","","0","0","0","","",""
"080018","0000","0","1433000","1434000","1435000","1440000","1443000","1445000","1446000","1449000","1450000","1451000","1432000","1424000","1419000","1417000","1410000","1409000","1407000","1400000","1398000","1397000","59","1","16","8","6","27","1","1","153","2","3","35","15","13","3","3","1","6","5","3","274","87","0","0","0","0","0","-1417000","5","-100.00","164","0","-2","0","0","","0","0","0","","",""
"080018","0001","0","1432000","1433000","1434000","1435000","1440000","1443000","1445000","1446000","1449000","1450000","1424000","1419000","1417000","1410000","1409000","1407000","1400000","1398000","1397000","1395000","47","59","1","16","8","6","27","1","1","153","35","15","13","3","3","1","6","5","3","8","319","92","0","0","0","0","0","-1417000","5","-100.00","167","45","5","0","0","","0","0","0","","",""
"080019","0000","0","1432000","1433000","1434000","1435000","1440000","1443000","1445000","1446000","1449000","1450000","1424000","1419000","1417000","1410000","1409000","1407000","1400000","1398000","1397000","1395000","48","59","1","16","8","6","27","1","1","153","35","15","13","3","3","1","6","5","3","8","320","92","0","0","0","0","0","-1417000","5","-100.00","167","1","0","0","0","","0","0","0","","",""
"080019","0001","0","1432000","1433000","1434000","1435000","1440000","1443000","1445000","1446000","1449000","1450000","1424000","1419000","1417000","1410000","1409000","1407000","1400000","1398000","1397000","1395000","47","59","1","16","8","6","27","1","1","153","35","15","13","3","3","1","6","5","3","8","319","92","0","0","0","0","0","-1417000","5","-100.00","168","-1","0","0","0","","0","0","0","","",""
"080019","0002","0","1432000","1433000","1434000","1435000","1440000","1443000","1445000","1446000","1449000","1450000","1424000","1419000","1417000","1410000","1409000","1407000","1400000","1398000","1397000","1395000","67","67","1","17","8","6","27","1","1","153","35","15","13","3","3","1","6","5","3","8","348","92","0","0","0","0","0","-1417000","5","-100.00","168","29","0","0","0","","0","0","0","","",""
"080020","0000","0","1432000","1433000","1434000","1435000","1440000","1443000","1445000","1446000","1449000","1450000","1424000","1419000","1417000","1410000","1409000","1407000","1400000","1398000","1397000","1395000","68","67","1","17","8","6","27","1","1","153","35","15","13","3","3","1","6","5","3","8","349","92","0","0","0","0","0","-1417000","5","-100.00","168","1","0","0","0","","0","0","0","","",""
"080021","0000","0","1432000","1433000","1434000","1435000","1440000","1443000","1445000","1446000","1449000","1450000","1424000","1419000","1417000","1410000","1409000","1407000","1400000","1398000","1397000","1395000","77","66","1","17","8","6","27","1","2","153","15","15","13","3","3","1","6","5","3","8","358","72","0","0","0","0","0","-1417000","5","-100.00","188","9","-20","0","0","","0","0","0","","",""
"080021","0001","0","1432000","1433000","1434000","1435000","1440000","1443000","1445000","1446000","1449000","1450000","1424000","1419000","1417000","1410000","1409000","1407000","1400000","1398000","1397000","1395000","77","66","1","17","8","6","27","1","2","153","15","16","13","3","3","1","6","5","3","8","358","73","0","0","0","0","0","-1417000","5","-100.00","188","0","1","0","0","","0","0","0","","",""
"080021","0002","0","1432000","1433000","1434000","1435000","1440000","1443000","1445000","1446000","1449000","1450000","1425000","1424000","1419000","1417000","1410000","1409000","1407000","1400000","1398000","1397000","80","66","1","17","8","6","27","1","2","153","2","15","16","13","3","3","1","6","5","3","361","67","0","0","0","0","0","-1417000","5","-100.00","188","3","-6","0","0","","0","0","0","","",""
"080021","0003","0","1430000","1432000","1433000","1434000","1435000","1440000","1443000","1445000","1446000","1449000","1425000","1424000","1419000","1417000","1410000","1409000","1407000","1400000","1398000","1397000","1","80","66","3","17","8","6","27","1","2","1","15","16","13","3","3","1","6","5","3","211","66","0","0","0","0","0","-1417000","5","-100.00","189","-150","-1","0","0","","0","0","0","","",""
"080022","0000","0","1432000","1433000","1434000","1435000","1440000","1443000","1445000","1446000","1449000","1450000","1425000","1424000","1419000","1417000","1410000","1409000","1407000","1400000","1398000","1397000","69","66","4","18","8","6","27","1","2","153","1","15","16","13","3","3","1","6","5","3","354","66","0","0","0","0","0","-1417000","5","-100.00","201","143","0","0","0","","0","0","0","","",""
"080022","0001","0","1432000","1433000","1434000","1435000","1440000","1443000","1445000","1446000","1449000","1450000","1424000","1419000","1417000","1410000","1409000","1407000","1400000","1398000","1397000","1395000","70","66","4","18","8","6","27","1","2","153","13","16","13","3","3","1","6","5","3","8","355","71","0","0","0","0","0","-1417000","5","-100.00","204","1","5","0","0","","0","0","0","","",""
"080022","0002","0","1432000","1433000","1434000","1435000","1440000","1443000","1445000","1446000","1449000","1450000","1424000","1419000","1417000","1410000","1409000","1407000","1400000","1398000","1397000","1395000","75","66","6","18","8","6","27","1","2","153","13","16","13","3","3","1","6","5","3","8","362","71","0","0","0","0","0","-1417000","5","-100.00","204","7","0","0","0","","0","0","0","","",""
"080023","0000","0","1432000","1433000","1434000","1435000","1440000","1443000","1445000","1446000","1449000","1450000","1424000","1419000","1417000","1410000","1409000","1407000","1400000","1398000","1397000","1395000","75","66","6","18","8","6","27","1","2","153","13","16","13","3","3","1","6","5","7","8","362","75","0","0","0","0","0","-1417000","5","-100.00","204","0","4","0","0","","0","0","0","","",""
"080023","0001","0","1432000","1433000","1434000","1435000","1440000","1443000","1445000","1446000","1449000","1450000","1424000","1419000","1417000","1410000","1409000","1407000","1400000","1398000","1397000","1395000","75","66","7","18","8","6","27","1","2","153","13","16","13","3","3","1","6","5","7","8","363","75","0","0","0","0","0","-1417000","5","-100.00","204","1","0","0","0","","0","0","0","","",""
"080023","0002","0","1432000","1433000","1434000","1435000","1437000","1440000","1441000","1443000","1445000","1446000","1424000","1419000","1417000","1410000","1409000","1407000","1400000","1398000","1397000","1395000","75","66","7","18","1","9","1","6","27","1","13","16","13","3","3","1","6","5","7","8","211","75","0","0","0","0","0","-1417000","5","-100.00","204","-152","0","0","0","","0","0","0","","",""
"080024","0000","0","1432000","1433000","1434000","1435000","1437000","1438000","1440000","1441000","1443000","1445000","1424000","1419000","1417000","1410000","1409000","1407000","1400000","1398000","1397000","1395000","75","66","7","18","1","1","9","1","6","27","13","16","13","3","3","1","6","5","7","8","211","75","0","0","0","0","0","-1417000","5","-100.00","204","0","0","0","0","","0","0","0","","",""
"080024","0001","0","1432000","1433000","1434000","1435000","1437000","1438000","1440000","1441000","1443000","1445000","1424000","1419000","1417000","1410000","1409000","1407000","1400000","1398000","1397000","1395000","76","66","7","18","1","1","9","1","6","27","8","16","13","3","3","1","6","5","7","8","212","70","0","0","0","0","0","-1417000","5","-100.00","219","1","-5","0","0","","0","0","0","","",""
"080024","0002","0","1432000","1433000","1434000","1435000","1437000","1438000","1440000","1441000","1443000","1445000","1424000","1419000","1417000","1410000","1409000","1407000","1400000","1398000","1397000","1395000","75","66","7","18","1","1","9","1","6","27","8","16","13","3","3","1","6","5","7","8","211","70","0","0","0","0","0","-1417000","5","-100.00","220","-1","0","0","0","","0","0","0","","",""
"080025","0000","0","1432000","1433000","1434000","1435000","1436000","1437000","1438000","1440000","1441000","1443000","1424000","1419000","1417000","1410000","1409000","1407000","1400000","1398000","1397000","1395000","75","66","7","18","1","2","2","9","1","6","8","16","13","3","3","1","6","5","7","8","187","70","0","0","0","0","0","-1417000","5","-100.00","220","-24","0","0","0","","0","0","0","","",""
"080026","0000","0","1432000","1433000","1434000","1435000","1436000","1437000","1438000","1440000","1441000","1443000","1424000","1419000","1417000","1410000","1409000","1407000","1400000","1398000","1397000","1395000","75","66","7","18","1","2","2","9","1","6","8","16","13","3","3","1","6","5","7","8","187","70","0","0","0","0","0","-1417000","5","-100.00","220","0","0","0","0","","0","0","0","","",""
"080027","0000","0","1432000","1433000","1434000","1435000","1436000","1437000","1438000","1440000","1441000","1443000","1424000","1419000","1417000","1410000","1409000","1407000","1400000","1398000","1397000","1395000","75","66","7","18","1","2","2","9","1","6","8","17","13","3","3","1","6","5","7","8","187","71","0","0","0","0","0","-1417000","5","-100.00","220","0","1","0","0","","0","0","0","","",""
"080027","0001","0","1432000","1433000","1434000","1435000","1436000","1437000","1438000","1440000","1441000","1443000","1424000","1419000","1417000","1410000","1409000","1407000","1403000","1400000","1398000","1397000","75","66","7","18","1","2","2","9","1","6","8","17","13","3","3","1","100","7","5","7","187","164","0","0","0","0","0","-1417000","5","-100.00","220","0","93","0","0","","0","0","0","","",""
"080027","0002","0","1432000","1433000","1434000","1435000","1436000","1437000","1438000","1440000","1441000","1443000","1424000","1419000","1417000","1410000","1409000","1407000","1403000","1400000","1398000","1397000","70","66","9","18","1","2","1","9","1","6","8","17","13","3","3","1","100","7","5","7","183","164","0","0","0","0","0","-1417000","5","-100.00","225","-4","0","0","0","","0","0","0","","",""
"080027","0003","0","1431000","1432000","1433000","1434000","1435000","1436000","1437000","1438000","1440000","1441000","1424000","1419000","1417000","1410000","1409000","1407000","1403000","1400000","1398000","1397000","4","85","66","9","18","1","2","1","9","1","8","17","13","3","3","1","100","7","5","7","196","164","0","0","0","0","0","-1417000","5","-100.00","225","13","0","0","0","","0","0","0","","",""
"080028","0000","0","1431000","1432000","1433000","1434000","1435000","1436000","1437000","1438000","1440000","1441000","1424000","1419000","1417000","1410000","1409000","1407000","1403000","1400000","1398000","1397000","3","90","66","9","18","1","2","3","9","1","8","17","13","3","3","1","100","7","5","7","202","164","0","0","0","0","0","-1417000","5","-100.00","226","6","0","0","0","","0","0","0","","",""
"080028","0001","0","1431000","1432000","1433000","1434000","1435000","1436000","1437000","1438000","1440000","1441000","1424000","1419000","1417000","1410000","1409000","1407000","1403000","1400000","1398000","1397000","4","95","66","8","18","1","2","3","9","1","8","17","13","3","3","1","100","14","5","7","207","171","0","0","0","0","0","-1417000","5","-100.00","226","5","7","0","0","","0","0","0","","",""
"080028","0002","0","1431000","1432000","1433000","1434000","1435000","1436000","1437000","1438000","1440000","1441000","1424000","1419000","1417000","1410000","1409000","1407000","1403000","1400000","1398000","1397000","4","95","66","8","18","1","2","3","9","1","8","18","13","4","3","1","100","14","5","7","207","173","0","0","0","0","0","-1417000","5","-100.00","226","0","2","0","0","","0","0","0","","",""
"080029","0000","0","1431000","1432000","1433000","1434000","1435000","1436000","1437000","1438000","1440000","1441000","1424000","1419000","1417000","1410000","1409000","1407000","1403000","1400000","1398000","1397000","4","95","66","8","18","1","2","3","9","1","8","18","13","4","3","6","100","14","5","7","207","178","0","0","0","0","0","-1417000","5","-100.00","226","0","5","0","0","","0","0","0","","",""
"080029","0001","0","1431000","1432000","1433000","1434000","1435000","1436000","1437000","1438000","1440000","1441000","1424000","1421000","1419000","1417000","1413000","1411000","1410000","1409000","1407000","1403000","4","95","66","8","18","1","2","3","9","1","8","1","19","14","1","1","4","4","6","100","207","158","0","0","0","0","0","-1417000","5","-100.00","226","0","-20","0","0","","0","0","0","","",""
"080029","0002","0","1431000","1432000","1433000","1434000","1435000","1436000","1437000","1438000","1440000","1441000","1424000","1421000","1419000","1417000","1413000","1411000","1410000","1409000","1407000","1403000","4","96","66","8","18","1","2","3","9","1","8","1","19","15","1","1","4","4","6","100","208","159","0","0","0","0","0","-1417000","5","-100.00","226","1","1","0","0","","0","0","0","","",""
"080030","0000","0","1431000","1432000","1433000","1434000","1435000","1436000","1437000","1438000","1440000","1441000","1424000","1421000","1419000","1417000","1413000","1411000","1410000","1409000","1407000","1403000","4","95","66","8","18","1","2","4","9","1","8","1","19","15","1","1","4","4","6","100","208","159","0","0","0","0","0","-1417000","5","-100.00","226","0","0","0","0","","0","0","0","","",""
"080031","0000","0","1431000","1432000","1433000","1434000","1435000","1436000","1437000","1438000","1440000","1441000","1427000","1424000","1421000","1419000","1417000","1413000","1411000","1410000","1409000","1407000","4","95","67","8","18","1","2","4","9","1","5","8","1","19","15","1","1","4","4","6","209","64","0","0","0","0","0","-1417000","5","-100.00","226","1","-95","0","0","","0","0","0","","",""
"080032","0000","0","1431000","1432000","1433000","1434000","1435000","1436000","1437000","1438000","1440000","1441000","1427000","1424000","1421000","1419000","1417000","1413000","1411000","1410000","1409000","1407000","6","95","67","8","18","1","2","4","13","1","5","8","1","19","15","1","1","4","4","6","215","64","0","0","0","0","0","-1417000","5","-100.00","226","6","0","0","0","","0","0","0","","",""
"080032","0001","0","1430000","1431000","1432000","1433000","1434000","1435000","1437000","1438000","1440000","1441000","1427000","1424000","1421000","1419000","1417000","1413000","1411000","1410000","1409000","1407000","1","6","95","67","8","20","2","4","13","1","5","8","1","19","15","1","1","4","4","6","217","64","0","0","0","0","0","-1417000","5","-100.00","226","2","0","0","0","","0","0","0","","",""
"080033","0000","0","1430000","1431000","1432000","1433000","1434000","1435000","1437000","1438000","1440000","1441000","1427000","1424000","1421000","1419000","1417000","1413000","1411000","1410000","1409000","1407000","1","26","75","67","8","20","2","4","13","1","5","11","1","19","15","1","1","4","4","6","217","67","0","0","0","0","0","-1417000","5","-100.00","226","0","3","0","0","","0","0","0","","",""
"080033","0001","0","1430000","1431000","1432000","1433000","1434000","1435000","1437000","1438000","1440000","1441000","1427000","1424000","1421000","1419000","1417000","1413000","1411000","1410000","1409000","1407000","1","29","75","67","8","20","2","4","13","1","5","11","1","19","15","1","1","4","4","6","220","67","0","0","0","0","0","-1417000","5","-100.00","226","3","0","0","0","","0","0","0","","",""
"080034","0000","0","1430000","1431000","1432000","1433000","1434000","1435000","1437000","1438000","1439000","1440000","1427000","1424000","1421000","1419000","1417000","1413000","1411000","1410000","1409000","1407000","1","29","75","67","8","20","2","4","4","13","4","11","1","19","15","1","1","4","4","6","223","66","0","0","0","0","0","-1417000","5","-100.00","227","3","-1","0","0","","0","0","0","","",""
"080034","0001","0","1431000","1432000","1433000","1434000","1435000","1437000","1438000","1439000","1440000","1441000","1427000","1424000","1421000","1419000","1417000","1413000","1411000","1410000","1409000","1407000","51","76","67","8","20","2","4","4","13","1","4","11","1","19","15","1","1","4","4","6","246","66","0","0","0","0","0","-1417000","5","-100.00","228","23","0","0","0","","0","0","0","","",""
"080035","0000","0","1431000","1432000","1433000","1434000","1435000","1437000","1438000","1439000","1440000","1441000","1427000","1424000","1421000","1419000","1417000","1413000","1411000","1410000","1409000","1407000","51","85","67","8","20","2","4","4","13","1","4","11","1","19","15","1","1","4","4","6","255","66","0","0","0","0","0","-1417000","5","-100.00","228","9","0","0","0","","0","0","0","","",""
"080035","0001","0","1430000","1431000","1432000","1433000","1434000","1435000","1437000","1438000","1439000","1440000","1427000","1425000","1424000","1421000","1419000","1417000","1413000","1411000","1410000","1409000","1","51","85","67","8","20","2","4","4","13","4","7","11","1","19","15","1","1","4","4","255","67","0","0","0","0","0","-1417000","5","-100.00","228","0","1","0","0","","0","0","0","","",""
"080035","0002","0","1431000","1432000","1433000","1434000","1435000","1437000","1438000","1439000","1440000","1441000","1427000","1425000","1424000","1421000","1419000","1417000","1413000","1411000","1410000","1409000","51","85","67","8","20","2","4","4","13","1","4","7","11","1","19","15","1","1","4","4","255","67","0","0","0","0","0","-1417000","5","-100.00","229","0","0","0","0","","0","0","0","","",""
"080036","0000","0","1431000","1432000","1433000","1434000","1435000","1437000","1438000","1439000","1440000","1441000","1427000","1425000","1424000","1421000","1419000","1417000","1413000","1411000","1410000","1409000","51","85","67","8","20","2","4","14","13","1","4","7","11","1","19","15","1","1","4","4","265","67","0","0","0","0","0","-1417000","5","-100.00","229","10","0","0","0","","0","0","0","","",""
"080036","0001","0","1430000","1431000","1432000","1433000","1434000","1435000","1437000","1438000","1439000","1440000","1427000","1425000","1424000","1421000","1419000","1417000","1413000","1411000","1410000","1409000","1","51","85","67","8","20","2","4","14","13","4","7","12","1","19","15","1","1","4","4","265","68","0","0","0","0","0","-1417000","5","-100.00","229","0","1","0","0","","0","0","0","","",""
"080036","0002","0","1430000","1431000","1432000","1433000","1434000","1435000","1437000","1438000","1439000","1440000","1427000","1425000","1424000","1421000","1419000","1417000","1413000","1411000","1410000","1409000","1","51","85","67","8","20","2","4","14","13","14","7","12","1","19","15","1","1","4","4","265","78","0","0","0","0","0","-1417000","5","-100.00","229","0","10","0","0","","0","0","0","","",""
"080037","0000","0","1430000","1431000","1432000","1433000","1434000","1435000","1437000","1438000","1439000","1440000","1427000","1425000","1424000","1421000","1419000","1417000","1413000","1411000","1410000","1409000","2","51","85","67","8","19","2","4","14","13","14","7","12","1","19","15","1","1","4","4","265","78","0","0","0","0","0","-1417000","5","-100.00","229","0","0","0","0","","0","0","0","","",""
"080037","0001","0","1430000","1431000","1432000","1433000","1434000","1435000","1437000","1438000","1439000","1440000","1427000","1425000","1424000","1421000","1419000","1417000","1413000","1411000","1410000","1409000","2","51","85","67","8","19","2","4","14","14","14","7","12","1","19","15","1","1","4","4","266","78","0","0","0","0","0","-1417000","5","-100.00","229","1","0","0","0","","0","0","0","","",""
"080037","0002","0","1430000","1431000","1432000","1433000","1434000","1435000","1437000","1438000","1439000","1440000","1427000","1425000","1424000","1421000","1419000","1417000","1413000","1411000","1410000","1409000","1","51","85","67","8","19","2","4","14","14","14","7","12","1","19","15","1","1","4","4","265","78","0","0","0","0","0","-1417000","5","-100.00","230","-1","0","0","0","","0","0","0","","",""
"080038","0000","0","1430000","1431000","1432000","1433000","1434000","1435000","1437000","1438000","1439000","1440000","1427000","1425000","1424000","1421000","1419000","1417000","1413000","1411000","1410000","1409000","1","51","85","67","8","19","2","4","14","14","14","7","12","1","19","15","2","1","4","4","265","79","0","0","0","0","0","-1417000","5","-100.00","230","0","1","0","0","","0","0","0","","",""
"080038","0001","0","1430000","1431000","1432000","1433000","1434000","1435000","1437000","1438000","1439000","1440000","1427000","1425000","1424000","1421000","1419000","1417000","1413000","1411000","1410000","1409000","1","51","85","67","8","19","2","4","14","14","13","7","12","1","19","15","2","1","4","4","265","78","0","0","0","0","0","-1417000","5","-100.00","231","0","-1","0","0","","0","0","0","","",""
"080039","0000","0","1430000","1431000","1432000","1433000","1434000","1435000","1437000","1438000","1439000","1440000","1427000","1425000","1424000","1421000","1419000","1417000","1413000","1411000","1410000","1409000","1","51","85","74","8","19","2","4","14","14","13","7","12","1","19","15","2","1","4","4","272","78","0","0","0","0","0","-1417000","5","-100.00","231","7","0","0","0","","0","0","0","","",""
"080039","0001","0","1430000","1431000","1432000","1433000","1434000","1435000","1437000","1438000","1439000","1440000","1427000","1425000","1424000","1421000","1419000","1417000","1413000","1411000","1410000","1409000","2","51","85","74","8","19","2","4","14","14","13","7","12","1","19","15","2","1","4","4","273","78","0","0","0","0","0","-1417000","5","-100.00","231","1","0","0","0","","0","0","0","","",""
"080039","0002","0","1430000","1431000","1432000","1433000","1434000","1435000","1437000","1438000","1439000","1440000","1427000","1425000","1424000","1421000","1419000","1417000","1413000","1411000","1410000","1409000","21","34","85","74","8","16","2","4","14","14","13","7","12","1","19","15","2","1","4","4","272","78","0","0","0","0","0","-1417000","5","-100.00","232","-1","0","0","0","","0","0","0","","",""
"080040","0000","0","1430000","1431000","1432000","1433000","1434000","1435000","1437000","1438000","1439000","1440000","1427000","1425000","1424000","1421000","1419000","1417000","1413000","1411000","1410000","1409000","21","35","85","74","8","16","2","4","14","14","13","7","12","1","19","15","2","1","4","4","273","78","0","0","0","0","0","-1417000","5","-100.00","232","1","0","0","0","","0","0","0","","",""
"080040","0001","0","1430000","1431000","1432000","1433000","1434000","1435000","1437000","1438000","1439000","1440000","1427000","1425000","1424000","1421000","1419000","1417000","1413000","1411000","1410000","1409000","22","35","85","74","8","16","2","4","14","14","13","7","12","1","19","15","2","1","4","4","274","78","0","0","0","0","0","-1417000","5","-100.00","232","1","0","0","0","","0","0","0","","",""
"080040","0002","0","1427000","1430000","1431000","1432000","1433000","1434000","1435000","1437000","1438000","1439000","1425000","1424000","1421000","1419000","1417000","1413000","1411000","1410000","1409000","1407000","17","39","35","85","74","8","16","2","4","14","7","12","1","19","15","2","1","4","4","6","294","71","0","0","0","0","0","-1417000","5","-100.00","245","20","-7","0","0","","0","0","0","","",""
"080040","0003","0","1427000","1430000","1431000","1432000","1433000","1434000","1435000","1437000","1438000","1439000","1425000","1424000","1421000","1419000","1417000","1413000","1411000","1410000","1409000","1407000","17","40","35","85","74","8","16","2","4","14","7","12","1","19","15","2","1","4","4","6","295","71","0","0","0","0","0","-1417000","5","-100.00","245","1","0","0","0","","0","0","0","","",""
"080041","0000","0","1427000","1430000","1431000","1432000","1433000","1434000","1435000","1437000","1438000","1439000","1425000","1424000","1421000","1419000","1417000","1413000","1411000","1410000","1409000","1407000","17","41","35","85","74","7","16","2","4","14","7","12","1","19","15","2","1","4","4","6","295","71","0","0","0","0","0","-1417000","5","-100.00","245","0","0","0","0","","0","0","0","","",""
"080042","0000","0","1427000","1430000","1431000","1432000","1433000","1434000","1435000","1437000","1438000","1439000","1425000","1424000","1421000","1419000","1417000","1413000","1411000","1410000","1409000","1407000","17","49","35","85","74","7","16","2","4","14","7","12","1","19","15","2","1","4","4","6","303","71","0","0","0","0","0","-1417000","5","-100.00","245","8","0","0","0","","0","0","0","","",""
"080042","0001","0","1427000","1430000","1431000","1432000","1433000","1434000","1435000","1437000","1438000","1439000","1425000","1424000","1421000","1419000","1417000","1413000","1411000","1410000","1409000","1407000","17","49","35","88","74","7","16","2","4","14","7","12","1","19","15","2","1","4","4","6","306","71","0","0","0","0","0","-1417000","5","-100.00","245","3","0","0","0","","0","0","0","","",""
"080043","0000","0","1427000","1430000","1431000","1432000","1433000","1434000","1435000","1437000","1438000","1439000","1425000","1424000","1421000","1419000","1417000","1413000","1411000","1410000","1409000","1407000","16","49","35","88","76","7","16","2","4","14","7","12","1","19","15","2","1","4","4","6","307","71","0","0","0","0","0","-1417000","5","-100.00","246","1","0","0","0","","0","0","0","","",""
"080044","0000","0","1427000","1430000","1431000","1432000","1433000","1434000","1435000","1437000","1438000","1439000","1425000","1424000","1421000","1419000","1417000","1413000","1411000","1410000","1409000","1407000","16","49","35","88","76","7","16","2","5","14","7","12","1","19","15","2","1","4","4","6","308","71","0","0","0","0","0","-1417000","5","-100.00","246","1","0","0","0","","0","0","0","","",""
"080044","0001","0","1427000","1430000","1431000","1432000","1433000","1434000","1435000","1437000","1438000","1439000","1425000","1424000","1421000","1419000","1417000","1413000","1411000","1410000","1409000","1407000","16","50","35","90","76","7","16","2","5","14","7","12","1","19","15","2","1","4","4","6","311","71","0","0","0","0","0","-1417000","5","-100.00","246","3","0","0","0","","0","0","0","","",""
"080044","0002","0","1427000","1430000","1431000","1432000","1433000","1434000","1435000","1437000","1438000","1439000","1425000","1424000","1421000","1419000","1417000","1413000","1411000","1410000","1409000","1407000","12","50","35","90","76","7","16","2","5","14","7","12","1","19","15","2","1","4","4","6","307","71","0","0","0","0","0","-1417000","5","-100.00","250","-4","0","0","0","","0","0","0","","",""
"080044","0003","0","1427000","1430000","1431000","1432000","1433000","1434000","1435000","1437000","1438000","1439000","1425000","1424000","1421000","1419000","1417000","1413000","1411000","1410000","1409000","1407000","12","50","35","90","76","7","16","2","5","14","7","19","1","19","15","2","1","4","4","6","307","78","0","0","0","0","0","-1417000","5","-100.00","250","0","7","0","0","","0","0","0","","",""
"080045","0000","0","1427000","1430000","1431000","1432000","1433000","1434000","1435000","1437000","1438000","1439000","1425000","1424000","1421000","1419000","1417000","1413000","1411000","1410000","1409000","1407000","12","51","35","90","76","7","16","2","5","14","7","19","1","19","15","2","1","4","4","6","308","78","0","0","0","0","0","-1417000","5","-100.00","250","1","0","0","0","","0","0","0","","",""
"080046","0000","0","1427000","1430000","1431000","1432000","1433000","1434000","1435000","1437000","1438000","1439000","1425000","1424000","1421000","1419000","1417000","1413000","1411000","1410000","1409000","1407000","12","52","35","90","76","7","16","2","5","14","6","19","1","19","15","2","1","4","4","6","309","77","0","0","0","0","0","-1417000","5","-100.00","251","1","-1","0","0","","0","0","0","","",""
"080046","0001","0","1427000","1430000","1431000","1432000","1433000","1434000","1435000","1437000","1438000","1439000","1425000","1424000","1421000","1419000","1417000","1413000","1411000","1410000","1409000","1407000","11","52","35","90","76","7","16","2","5","14","6","19","1","19","15","2","1","4","4","6","308","77","0","0","0","0","0","-1417000","5","-100.00","252","-1","0","0","0","","0","0","0","","",""
"080047","0000","0","1427000","1429000","1430000","1431000","1432000","1433000","1434000","1435000","1437000","1438000","1425000","1424000","1421000","1419000","1417000","1413000","1411000","1410000","1409000","1407000","11","1","51","35","90","78","7","16","2","5","6","19","1","19","15","2","1","4","4","6","296","77","0","0","0","0","0","-1417000","5","-100.00","252","-12","0","0","0","","0","0","0","","",""
"080047","0001","0","1427000","1429000","1430000","1431000","1432000","1433000","1434000","1435000","1437000","1438000","1425000","1424000","1421000","1419000","1417000","1413000","1411000","1410000","1409000","1407000","11","1","52","35","90","78","7","16","2","5","6","19","1","19","15","2","1","4","4","6","297","77","0","0","0","0","0","-1417000","5","-100.00","252","1","0","0","0","","0","0","0","","",""
"080047","0002","0","1427000","1429000","1430000","1431000","1432000","1433000","1434000","1435000","1437000","1438000","1425000","1424000","1421000","1419000","1417000","1413000","1411000","1410000","1409000","1407000","11","1","52","35","92","78","7","16","2","5","6","19","1","19","15","2","1","4","4","6","299","77","0","0","0","0","0","-1417000","5","-100.00","252","2","0","0","0","","0","0","0","","",""
"080048","0000","0","1427000","1429000","1430000","1431000","1432000","1433000","1434000","1435000","1437000","1438000","1425000","1424000","1421000","1419000","1417000","1413000","1411000","1410000","1409000","1407000","11","1","52","35","92","78","7","16","2","5","6","29","1","19","15","2","1","4","4","6","299","87","0","0","0","0","0","-1417000","5","-100.00","252","0","10","0","0","","0","0","0","","",""
"080048","0001","0","1427000","1429000","1430000","1431000","1432000","1433000","1434000","1435000","1437000","1438000","1425000","1424000","1421000","1419000","1417000","1413000","1411000","1410000","1409000","1407000","11","1","52","35","92","78","7","16","2","5","6","29","4","19","15","2","1","4","4","6","299","90","0","0","0","0","0","-1417000","5","-100.00","252","0","3","0","0","","0","0","0","","",""
"080049","0000","0","1427000","1429000","1430000","1431000","1432000","1433000","1434000","1435000","1437000","1438000","1425000","1424000","1421000","1420000","1419000","1417000","1413000","1411000","1410000","1409000","1","2","52","35","92","78","7","16","2","5","6","29","4","1","19","15","2","1","4","4","290","85","0","0","0","0","0","-1417000","5","-100.00","262","-9","-5","0","0","","0","0","0","","",""
"080049","0001","0","1427000","1429000","1430000","1431000","1432000","1433000","1434000","1435000","1437000","1438000","1425000","1424000","1421000","1420000","1419000","1417000","1413000","1411000","1410000","1409000","1","2","52","35","92","78","7","16","2","5","6","29","4","1","29","15","2","1","4","4","290","95","0","0","0","0","0","-1417000","5","-100.00","262","0","10","0","0","","0","0","0","","",""
"080050","0000","0","1427000","1428000","1429000","1430000","1431000","1432000","1433000","1434000","1435000","1437000","1425000","1424000","1421000","1420000","1419000","1417000","1413000","1411000","1410000","1409000","1","5","2","52","35","92","78","7","16","2","6","29","4","1","29","15","2","1","4","4","290","95","0","0","0","0","0","-1417000","5","-100.00","262","0","0","0","0","","0","0","0","","",""
"080050","0001","0","1427000","1428000","1429000","1430000","1431000","1432000","1433000","1434000","1435000","1437000","1425000","1424000","1421000","1420000","1419000","1417000","1413000","1411000","1410000","1409000","2","5","2","52","35","92","78","7","16","2","6","29","4","1","29","15","2","1","4","4","291","95","0","0","0","0","0","-1417000","5","-100.00","262","1","0","0","0","","0","0","0","","",""
"080051","0000","0","1426000","1428000","1429000","1430000","1431000","1432000","1433000","1434000","1435000","1437000","1425000","1424000","1421000","1420000","1419000","1417000","1413000","1411000","1410000","1409000","1","5","1","52","35","92","78","7","16","2","8","29","4","1","29","15","2","1","4","4","289","97","0","0","0","0","0","-1417000","5","-100.00","264","-2","2","0","0","","0","0","0","","",""
"080051","0001","0","1426000","1428000","1429000","1430000","1431000","1432000","1433000","1434000","1435000","1437000","1425000","1424000","1421000","1420000","1419000","1417000","1413000","1411000","1410000","1409000","1","5","1","53","35","92","78","9","16","5","8","29","4","1","29","15","2","1","4","4","295","97","0","0","0","0","0","-1417000","5","-100.00","264","6","0","0","0","","0","0","0","","",""
"080052","0000","0","1428000","1429000","1430000","1431000","1432000","1433000","1434000","1435000","1437000","1438000","1425000","1424000","1421000","1420000","1419000","1417000","1413000","1411000","1410000","1409000","5","1","53","35","92","78","7","16","5","5","8","29","4","1","29","15","2","1","4","4","297","97","0","0","0","0","0","-1417000","5","-100.00","265","2","0","0","0","","0","0","0","","",""
"080052","0001","0","1427000","1428000","1429000","1430000","1431000","1432000","1433000","1434000","1435000","1437000","1425000","1424000","1421000","1420000","1419000","1417000","1413000","1411000","1410000","1409000","1","5","1","53","35","92","78","7","16","5","8","29","4","1","29","15","2","1","4","4","293","97","0","0","0","0","0","-1417000","5","-100.00","265","-4","0","0","0","","0","0","0","","",""
"080052","0002","0","1427000","1428000","1429000","1430000","1431000","1432000","1433000","1434000","1435000","1437000","1425000","1424000","1421000","1420000","1419000","1417000","1413000","1411000","1410000","1409000","1","5","1","53","35","92","78","7","16","5","8","29","4","1","31","15","2","1","4","4","293","99","0","0","0","0","0","-1417000","5","-100.00","265","0","2","0","0","","0","0","0","","",""
"080052","0003","0","1425000","1427000","1428000","1429000","1430000","1431000","1432000","1433000","1434000","1435000","1424000","1421000","1420000","1419000","1417000","1413000","1411000","1410000","1409000","1407000","12","2","5","1","33","35","92","78","7","16","28","4","1","31","15","2","1","4","4","6","281","96","0","0","0","0","0","-1417000","5","-100.00","274","-12","-3","0","0","","0","0","0","","",""
"080053","0000","0","1425000","1427000","1428000","1429000","1430000","1431000","1432000","1433000","1434000","1435000","1424000","1421000","1420000","1419000","1417000","1413000","1411000","1410000","1409000","1407000","12","3","5","1","33","35","92","78","7","16","28","4","1","31","15","2","1","4","4","6","282","96","0","0","0","0","0","-1417000","5","-100.00","274","1","0","0","0","","0","0","0","","",""
"080053","0001","0","1425000","1427000","1428000","1429000","1430000","1431000","1432000","1433000","1434000","1435000","1424000","1421000","1420000","1419000","1417000","1413000","1411000","1410000","1409000","1407000","12","3","5","1","33","35","92","78","7","17","28","4","1","31","15","2","1","4","4","6","283","96","0","0","0","0","0","-1417000","5","-100.00","274","1","0","0","0","","0","0","0","","",""
"080054","0000","0","1425000","1427000","1428000","1429000","1430000","1431000","1432000","1433000","1434000","1435000","1424000","1421000","1420000","1419000","1417000","1413000","1411000","1410000","1409000","1407000","12","4","5","1","33","35","92","78","7","17","28","4","1","31","15","2","1","4","4","6","284","96","0","0","0","0","0","-1417000","5","-100.00","274","1","0","0","0","","0","0","0","","",""
"080054","0001","0","1425000","1427000","1428000","1429000","1430000","1431000","1432000","1433000","1434000","1435000","1424000","1421000","1420000","1419000","1417000","1413000","1411000","1410000","1409000","1407000","12","4","8","1","33","35","92","78","7","17","28","4","1","31","15","2","1","4","4","6","287","96","0","0","0","0","0","-1417000","5","-100.00","274","3","0","0","0","","0","0","0","","",""
"080054","0002","0","1425000","1427000","1428000","1429000","1430000","1431000","1432000","1433000","1434000","1435000","1424000","1421000","1420000","1419000","1417000","1413000","1411000","1410000","1409000","1407000","11","4","8","1","33","35","92","78","7","17","28","4","1","31","15","2","1","4","4","6","286","96","0","0","0","0","0","-1417000","5","-100.00","275","-1","0","0","0","","0","0","0","","",""
"080055","0000","0","1425000","1427000","1428000","1429000","1430000","1431000","1432000","1433000","1434000","1435000","1424000","1421000","1420000","1419000","1417000","1413000","1411000","1410000","1409000","1407000","11","4","8","2","33","35","92","78","7","17","26","4","1","31","15","2","1","4","4","6","287","94","0","0","0","0","0","-1417000","5","-100.00","277","1","-2","0","0","","0","0","0","","",""
"080055","0001","0","1425000","1427000","1428000","1429000","1430000","1431000","1432000","1433000","1434000","1435000","1424000","1421000","1420000","1419000","1417000","1413000","1411000","1410000","1409000","1407000","11","4","8","2","33","35","92","79","7","17","29","4","1","31","15","2","1","4","4","6","288","97","0","0","0","0","0","-1417000","5","-100.00","277","1","3","0","0","","0","0","0","","",""
"080056","0000","0","1425000","1427000","1428000","1429000","1430000","1431000","1432000","1433000","1434000","1435000","1424000","1421000","1420000","1419000","1417000","1413000","1411000","1410000","1409000","1407000","10","4","9","2","33","35","92","79","7","17","29","4","1","31","15","2","1","4","4","6","288","97","0","0","0","0","0","-1417000","5","-100.00","278","0","0","0","0","","0","0","0","","",""
"080056","0001","0","1425000","1427000","1428000","1429000","1430000","1431000","1432000","1433000","1434000","1435000","1424000","1421000","1420000","1419000","1417000","1413000","1411000","1410000","1409000","1407000","8","4","9","2","33","35","92","79","7","17","35","4","1","31","15","2","1","4","4","6","286","103","0","0","0","0","0","-1417000","5","-100.00","280","-2","6","0","0","","0","0","0","","",""
"080057","0000","0","1425000","1427000","1428000","1429000","1430000","1431000","1432000","1433000","1434000","1435000","1424000","1421000","1420000","1419000","1417000","1413000","1411000","1410000","1409000","1407000","8","4","9","2","33","35","92","79","7","17","35","4","1","31","15","2","1","4","4","6","286","103","0","0","0","0","0","-1417000","5","-100.00","280","0","0","0","0","","0","0","0","","",""
"080057","0001","0","1425000","1427000","1428000","1429000","1430000","1431000","1432000","1433000","1434000","1435000","1424000","1421000","1420000","1419000","1417000","1413000","1411000","1410000","1409000","1407000","7","4","9","2","33","35","92","79","7","17","36","4","1","31","15","2","1","4","4","6","285","104","0","0","0","0","0","-1417000","5","-100.00","281","-1","1","0","0","","0","0","0","","",""
"080058","0000","0","1425000","1427000","1428000","1429000","1430000","1431000","1432000","1433000","1434000","1435000","1424000","1421000","1420000","1419000","1417000","1413000","1411000","1410000","1409000","1407000","7","4","9","2","33","35","92","79","7","17","36","5","1","31","15","2","1","4","4","6","285","105","0","0","0","0","0","-1417000","5","-100.00","281","0","1","0","0","","0","0","0","","",""
"080058","0001","0","1425000","1427000","1428000","1429000","1430000","1431000","1432000","1433000","1434000","1435000","1424000","1421000","1420000","1419000","1417000","1413000","1411000","1410000","1409000","1407000","7","4","9","2","33","35","92","79","7","17","36","5","1","31","15","2","1","4","4","6","285","105","0","0","0","0","0","-1417000","5","-100.00","281","0","0","0","0","","0","0","0","","",""
"080058","0002","0","1425000","1427000","1428000","1429000","1430000","1431000","1432000","1433000","1434000","1435000","1424000","1421000","1420000","1419000","1417000","1413000","1411000","1410000","1409000","1407000","7","4","9","2","33","35","92","79","7","17","36","5","1","33","15","2","1","4","4","6","285","107","0","0","0","0","0","-1417000","5","-100.00","281","0","2","0","0","","0","0","0","","",""
"080059","0000","0","1425000","1427000","1428000","1429000","1430000","1431000","1432000","1433000","1434000","1435000","1424000","1421000","1420000","1419000","1417000","1413000","1411000","1410000","1409000","1407000","7","8","9","2","33","34","92","79","7","17","36","5","1","33","15","2","1","4","4","6","288","107","0","0","0","0","0","-1417000","5","-100.00","281","3","0","0","0","","0","0","0","","",""
"080059","0001","0","1425000","1427000","1428000","1429000","1430000","1431000","1432000","1433000","1434000","1435000","1424000","1421000","1420000","1419000","1417000","1413000","1411000","1410000","1409000","1407000","7","7","10","2","33","34","92","79","7","17","35","5","1","33","15","2","1","4","4","6","288","106","0","0","0","0","0","-1417000","5","-100.00","282","0","-1","0","0","","0","0","0","","",""
"080059","0002","0","1425000","1427000","1428000","1429000","1430000","1431000","1432000","1433000","1434000","1435000","1424000","1421000","1420000","1419000","1417000","1413000","1411000","1410000","1409000","1407000","7","10","10","2","33","34","92","79","7","17","35","5","1","33","15","2","1","4","4","6","291","106","0","0","0","0","0","-1417000","5","-100.00","282","3","0","0","0","","0","0","0","","",""
"080059","0003","0","1425000","1427000","1428000","1429000","1430000","1431000","1432000","1433000","1434000","1435000","1424000","1421000","1420000","1419000","1417000","1413000","1411000","1410000","1409000","1408000","7","10","10","2","33","34","92","79","7","17","35","5","1","33","15","2","1","4","4","1","291","101","0","0","0","0","0","-1417000","5","-100.00","282","0","-5","0","0","","0","0","0","","",""
"080100","0000","0","1425000","1427000","1428000","1429000","1430000","1431000","1432000","1433000","1434000","1435000","1424000","1421000","1420000","1419000","1417000","1413000","1411000","1410000","1409000","1408000","7","12","10","2","33","34","92","79","7","17","35","5","1","33","15","2","1","4","4","1","293","101","0","0","0","0","0","-1417000","5","-100.00","282","2","0","0","0","","0","0","0","","",""
"080100","0001","0","1425000","1427000","1428000","1429000","1430000","1431000","1432000","1433000","1434000","1435000","1424000","1421000","1420000","1419000","1417000","1413000","1411000","1410000","1409000","1408000","9","12","10","2","25","34","91","79","7","17","35","5","1","33","15","2","1","4","4","1","286","101","0","0","0","0","0","-1417000","5","-100.00","282","-7","0","0","0","","0","0","0","","",""
"080100","0002","0","1425000","1427000","1428000","1429000","1430000","1431000","1432000","1433000","1434000","1435000","1424000","1421000","1420000","1419000","1417000","1413000","1411000","1410000","1409000","1408000","6","12","10","2","26","34","91","79","7","17","35","5","1","33","15","2","1","4","4","1","284","101","0","0","0","0","0","-1417000","5","-100.00","285","-2","0","0","0","","0","0","0","","",""
"080101","0000","0","1425000","1427000","1428000","1429000","1430000","1431000","1432000","1433000","1434000","1435000","1424000","1421000","1420000","1419000","1417000","1413000","1411000","1410000","1409000","1408000","6","12","10","2","26","34","91","79","7","17","34","5","1","33","15","2","1","4","4","1","284","100","0","0","0","0","0","-1417000","5","-100.00","286","0","-1","0","0","","0","0","0","","",""
"080102","0000","0","1425000","1427000","1428000","1429000","1430000","1431000","1432000","1433000","1434000","1435000","1424000","1421000","1420000","1419000","1417000","1413000","1411000","1410000","1409000","1408000","6","12","10","2","26","34","92","79","7","17","35","5","1","33","15","2","1","4","4","1","285","101","0","0","0","0","0","-1417000","5","-100.00","286","1","1","0","0","","0","0","0","","",""
"080103","0000","0","1425000","1427000","1428000","1429000","1430000","1431000","1432000","1433000","1434000","1435000","1424000","1421000","1420000","1419000","1417000","1413000","1411000","1410000","1409000","1408000","5","12","10","2","26","34","92","79","7","17","39","5","1","33","15","2","1","4","4","1","284","105","0","0","0","0","0","-1417000","5","-100.00","288","-1","4","0","0","","0","0","0","","",""
"080104","0000","0","1425000","1427000","1428000","1429000","1430000","1431000","1432000","1433000","1434000","1435000","1424000","1421000","1420000","1419000","1417000","1413000","1411000","1410000","1409000","1408000","5","12","10","2","26","34","92","79","7","17","38","5","1","33","15","2","1","4","4","1","284","104","0","0","0","0","0","-1417000","5","-100.00","289","0","-1","0","0","","0","0","0","","",""
"080104","0001","0","1425000","1427000","1428000","1429000","1430000","1431000","1432000","1433000","1434000","1435000","1424000","1421000","1420000","1419000","1417000","1413000","1411000","1410000","1409000","1408000","6","15","10","2","26","34","92","79","7","17","38","5","1","33","15","2","1","4","4","1","288","104","0","0","0","0","0","-1417000","5","-100.00","289","4","0","0","0","","0","0","0","","",""
"080105","0000","0","1425000","1427000","1428000","1429000","1430000","1431000","1432000","1433000","1434000","1435000","1424000","1421000","1420000","1419000","1417000","1413000","1411000","1410000","1409000","1408000","6","15","10","2","26","34","92","79","7","17","39","5","1","33","15","2","1","24","4","1","288","125","0","0","0","0","0","-1417000","5","-100.00","289","0","21","0","0","","0","0","0","","",""
"080105","0001","0","1425000","1427000","1428000","1429000","1430000","1431000","1432000","1433000","1434000","1435000","1424000","1421000","1420000","1419000","1417000","1413000","1411000","1410000","1409000","1408000","6","15","10","2","26","34","87","79","7","17","39","5","1","33","15","2","1","24","4","3","283","127","0","0","0","0","0","-1417000","5","-100.00","289","-5","2","0","0","","0","0","0","","",""
"080105","0002","0","1425000","1427000","1428000","1429000","1430000","1431000","1432000","1433000","1434000","1435000","1424000","1421000","1420000","1419000","1417000","1413000","1411000","1410000","1409000","1408000","21","15","10","2","26","31","87","79","7","17","36","5","1","33","15","2","1","24","4","3","295","124","0","0","0","0","0","-1417000","5","-100.00","292","12","-3","0","0","","0","0","0","","",""
"080105","0003","0","1425000","1426000","1427000","1428000","1429000","1430000","1431000","1432000","1433000","1434000","1424000","1421000","1420000","1419000","1417000","1413000","1411000","1410000","1409000","1408000","21","8","15","10","2","26","31","87","79","7","36","5","1","33","15","2","1","24","4","3","286","124","0","0","0","0","0","-1417000","5","-100.00","292","-9","0","0","0","","0","0","0","","",""
"080107","0000","0","1425000","1426000","1427000","1428000","1429000","1430000","1431000","1432000","1433000","1434000","1424000","1421000","1420000","1419000","1417000","1413000","1411000","1410000","1409000","1408000","22","8","15","10","2","26","31","87","80","7","36","5","1","34","15","2","1","24","4","3","288","125","0","0","0","0","0","-1417000","5","-100.00","292","2","1","0","0","","0","0","0","","",""
"080107","0001","0","1425000","1426000","1427000","1428000","1429000","1430000","1431000","1432000","1433000","1434000","1424000","1421000","1420000","1419000","1417000","1413000","1411000","1410000","1409000","1408000","23","8","15","10","2","26","31","87","80","7","36","5","1","34","15","2","1","24","4","3","289","125","0","0","0","0","0","-1417000","5","-100.00","292","1","0","0","0","","0","0","0","","",""
"080107","0002","0","1425000","1426000","1427000","1428000","1429000","1430000","1431000","1432000","1433000","1434000","1424000","1421000","1420000","1419000","1417000","1413000","1411000","1410000","1409000","1408000","23","8","14","10","2","26","31","87","80","7","46","5","1","34","15","2","1","24","4","3","288","135","0","0","0","0","0","-1417000","5","-100.00","292","-1","10","0","0","","0","0","0","","",""
"080108","0000","0","1425000","1426000","1427000","1428000","1429000","1430000","1431000","1432000","1433000","1434000","1424000","1421000","1420000","1419000","1417000","1413000","1411000","1410000","1409000","1408000","23","9","14","10","2","26","31","87","80","7","46","5","1","35","15","2","1","24","4","3","289","136","0","0","0","0","0","-1417000","5","-100.00","292","1","1","0","0","","0","0","0","","",""
"080108","0001","0","1425000","1426000","1427000","1428000","1429000","1430000","1431000","1432000","1433000","1434000","1424000","1421000","1420000","1419000","1417000","1413000","1411000","1410000","1409000","1408000","23","9","14","10","2","26","31","87","80","7","47","5","1","35","15","2","1","24","4","3","289","137","0","0","0","0","0","-1417000","5","-100.00","292","0","1","0","0","","0","0","0","","",""
"080108","0002","0","1425000","1426000","1427000","1428000","1429000","1430000","1431000","1432000","1433000","1434000","1424000","1421000","1420000","1419000","1417000","1413000","1411000","1410000","1409000","1408000","24","9","14","10","2","26","31","97","80","7","48","5","1","35","15","2","1","24","4","3","300","138","0","0","0","0","0","-1417000","5","-100.00","292","11","1","0","0","","0","0","0","","",""
"080109","0000","0","1425000","1426000","1427000","1428000","1429000","1430000","1431000","1432000","1433000","1434000","1424000","1421000","1420000","1419000","1417000","1413000","1411000","1410000","1409000","1408000","24","9","14","10","2","26","31","97","80","7","38","5","1","35","15","2","1","24","4","3","300","128","0","0","0","0","0","-1417000","5","-100.00","302","0","-10","0","0","","0","0","0","","",""
"080109","0001","0","1425000","1426000","1427000","1428000","1429000","1430000","1431000","1432000","1433000","1434000","1424000","1421000","1420000","1419000","1417000","1413000","1411000","1410000","1409000","1408000","24","1","14","10","2","26","31","97","80","7","38","5","1","35","15","2","1","24","4","3","292","128","0","0","0","0","0","-1417000","5","-100.00","302","-8","0","0","0","","0","0","0","","",""
"080111","0000","0","1425000","1426000","1427000","1428000","1429000","1430000","1431000","1432000","1433000","1434000","1424000","1421000","1420000","1419000","1417000","1413000","1411000","1410000","1409000","1408000","24","1","14","10","2","26","33","97","80","7","2","5","1","35","15","2","1","24","4","3","294","92","0","0","0","0","0","-1417000","5","-100.00","338","2","-36","0","0","","0","0","0","","",""
"080111","0001","0","1425000","1426000","1427000","1428000","1429000","1430000","1431000","1432000","1433000","1434000","1424000","1421000","1420000","1419000","1417000","1413000","1411000","1410000","1409000","1408000","24","1","14","10","2","26","33","97","80","7","2","5","1","35","16","2","1","24","4","3","294","93","0","0","0","0","0","-1417000","5","-100.00","338","0","1","0","0","","0","0","0","","",""
"080111","0002","0","1425000","1426000","1427000","1428000","1429000","1430000","1431000","1432000","1433000","1434000","1424000","1421000","1420000","1419000","1417000","1413000","1411000","1410000","1409000","1408000","23","1","14","10","2","26","33","97","80","7","2","5","1","35","16","2","1","24","4","3","293","93","0","0","0","0","0","-1417000","5","-100.00","339","-1","0","0","0","","0","0","0","","",""
"080111","0003","0","1425000","1426000","1427000","1428000","1429000","1430000","1431000","1432000","1433000","1434000","1424000","1421000","1420000","1419000","1417000","1413000","1411000","1410000","1409000","1408000","23","1","14","10","2","26","33","97","80","7","12","5","1","35","16","2","1","24","4","3","293","103","0","0","0","0","0","-1417000","5","-100.00","339","0","10","0","0","","0","0","0","","",""
"080112","0000","0","1425000","1426000","1427000","1428000","1429000","1430000","1431000","1432000","1433000","1434000","1424000","1421000","1420000","1419000","1417000","1413000","1411000","1410000","1409000","1408000","21","1","14","10","2","26","33","97","80","7","10","5","1","35","16","2","1","24","4","3","291","101","0","0","0","0","0","-1417000","5","-100.00","341","-2","-2","0","0","","0","0","0","","",""
"080112","0001","0","1425000","1426000","1427000","1428000","1429000","1430000","1431000","1432000","1433000","1434000","1424000","1421000","1420000","1419000","1417000","1413000","1411000","1410000","1409000","1408000","21","1","14","10","2","26","32","97","80","7","9","5","1","35","16","2","1","24","4","3","290","100","0","0","0","0","0","-1417000","5","-100.00","342","-1","-1","0","0","","0","0","0","","",""
"080113","0000","0","1425000","1426000","1427000","1428000","1429000","1430000","1431000","1432000","1433000","1434000","1424000","1421000","1420000","1419000","1417000","1413000","1411000","1410000","1409000","1408000","20","1","14","10","2","26","32","97","80","7","9","5","1","35","16","2","1","24","4","3","289","100","0","0","0","0","0","-1417000","5","-100.00","342","-1","0","0","0","","0","0","0","","",""
"080114","0000","0","1425000","1426000","1427000","1428000","1429000","1430000","1431000","1432000","1433000","1434000","1424000","1421000","1420000","1419000","1417000","1413000","1411000","1410000","1409000","1408000","20","1","14","10","2","26","32","97","80","7","8","5","1","35","16","2","1","24","4","3","289","99","0","0","0","0","0","-1417000","5","-100.00","343","0","-1","0","0","","0","0","0","","",""
"080115","0000","0","1425000","1426000","1427000","1428000","1429000","1430000","1431000","1432000","1433000","1434000","1424000","1421000","1420000","1419000","1417000","1413000","1411000","1410000","1409000","1408000","20","1","14","10","2","26","32","97","80","7","4","5","1","35","16","2","1","24","4","3","289","95","0","0","0","0","0","-1417000","5","-100.00","347","0","-4","0","0","","0","0","0","","",""
"080115","0001","0","1425000","1426000","1427000","1428000","1429000","1430000","1431000","1432000","1433000","1434000","1424000","1421000","1420000","1419000","1417000","1413000","1411000","1410000","1409000","1408000","20","1","14","10","2","26","32","97","80","7","5","5","1","35","16","2","1","24","4","3","289","96","0","0","0","0","0","-1417000","5","-100.00","347","0","1","0","0","","0","0","0","","",""
"080116","0000","0","1425000","1426000","1427000","1428000","1429000","1430000","1431000","1432000","1433000","1434000","1424000","1421000","1420000","1419000","1417000","1413000","1411000","1410000","1409000","1408000","20","1","14","10","2","26","32","97","80","7","5","5","1","36","16","2","1","24","4","3","289","97","0","0","0","0","0","-1417000","5","-100.00","347","0","1","0","0","","0","0","0","","",""
"080116","0001","0","1425000","1426000","1427000","1428000","1429000","1430000","1431000","1432000","1433000","1434000","1424000","1421000","1420000","1419000","1417000","1413000","1411000","1410000","1409000","1408000","21","1","14","10","2","27","32","97","80","7","5","5","1","36","16","2","1","24","4","3","291","97","0","0","0","0","0","-1417000","5","-100.00","347","2","0","0","0","","0","0","0","","",""
"080116","0002","0","1423000","1425000","1426000","1427000","1428000","1429000","1430000","1431000","1432000","1433000","1421000","1420000","1419000","1417000","1413000","1411000","1410000","1409000","1408000","1407000","5","21","1","14","10","2","27","32","97","80","5","1","36","16","2","1","24","4","3","6","289","98","0","0","0","0","0","-1417000","5","-100.00","352","-2","1","0","0","","0","0","0","","",""
"080117","0000","0","1423000","1425000","1426000","1427000","1428000","1429000","1430000","1431000","1432000","1433000","1421000","1420000","1419000","1417000","1413000","1411000","1410000","1409000","1408000","1407000","4","21","1","14","10","2","27","32","97","30","5","1","36","16","2","1","24","4","3","6","238","98","0","0","0","0","0","-1417000","5","-100.00","353","-51","0","0","0","","0","0","0","","",""
"080117","0001","0","1423000","1425000","1426000","1427000","1428000","1429000","1430000","1431000","1432000","1433000","1421000","1420000","1419000","1417000","1413000","1411000","1410000","1409000","1408000","1407000","4","21","1","14","10","2","27","32","83","30","5","1","36","16","2","1","24","4","3","6","224","98","0","0","0","0","0","-1417000","5","-100.00","353","-14","0","0","0","","0","0","0","","",""
"080118","0000","0","1423000","1425000","1426000","1427000","1428000","1429000","1430000","1431000","1432000","1433000","1421000","1420000","1419000","1417000","1413000","1411000","1410000","1409000","1408000","1407000","6","21","1","14","10","2","27","32","83","30","5","1","36","16","2","1","24","4","3","6","226","98","0","0","0","0","0","-1417000","5","-100.00","353","2","0","0","0","","0","0","0","","",""
"080118","0001","0","1423000","1425000","1426000","1427000","1428000","1429000","1430000","1431000","1432000","1433000","1421000","1420000","1419000","1417000","1413000","1411000","1410000","1409000","1408000","1407000","6","21","1","14","10","2","28","32","83","30","5","11","36","16","2","1","24","4","3","6","227","108","0","0","0","0","0","-1417000","5","-100.00","353","1","10","0","0","","0","0","0","","",""
"080119","0000","0","1421000","1423000","1425000","1426000","1427000","1428000","1429000","1430000","1431000","1432000","1420000","1419000","1417000","1413000","1411000","1410000","1409000","1408000","1407000","1405000","13","6","21","1","14","10","2","28","32","83","11","36","16","2","1","24","4","3","6","3","210","106","0","0","0","0","0","-1417000","5","-100.00","358","-17","-2","0","0","","0","0","0","","",""
"080119","0001","0","1421000","1423000","1424000","1425000","1426000","1427000","1428000","1429000","1430000","1431000","1420000","1419000","1417000","1413000","1411000","1410000","1409000","1408000","1407000","1405000","13","6","3","21","1","14","10","2","28","32","11","36","16","2","1","24","4","3","6","3","130","106","0","0","0","0","0","-1417000","5","-100.00","358","-80","0","0","0","","0","0","0","","",""
"080120","0000","0","1421000","1423000","1424000","1425000","1426000","1427000","1428000","1429000","1430000","1431000","1420000","1419000","1417000","1413000","1411000","1410000","1409000","1408000","1407000","1405000","11","6","3","21","1","14","10","2","28","32","11","36","16","2","1","24","4","3","6","3","128","106","0","0","0","0","0","-1417000","5","-100.00","360","-2","0","0","0","","0","0","0","","",""
"080120","0001","0","1421000","1423000","1424000","1425000","1426000","1427000","1428000","1429000","1430000","1431000","1420000","1419000","1417000","1413000","1411000","1410000","1409000","1408000","1407000","1405000","11","7","3","21","1","14","10","2","28","32","11","36","16","2","1","24","4","3","6","3","129","106","0","0","0","0","0","-1417000","5","-100.00","360","1","0","0","0","","0","0","0","","",""
"080120","0002","0","1421000","1423000","1424000","1425000","1426000","1427000","1428000","1429000","1430000","1431000","1420000","1419000","1417000","1413000","1411000","1410000","1409000","1408000","1407000","1405000","11","7","3","21","1","14","10","2","28","32","11","36","16","2","1","24","4","103","6","3","129","206","0","0","0","0","0","-1417000","5","-100.00","360","0","100","0","0","","0","0","0","","",""
"080121","0000","0","1421000","1423000","1424000","1425000","1426000","1427000","1428000","1429000","1430000","1431000","1420000","1419000","1417000","1413000","1411000","1410000","1409000","1408000","1407000","1405000","10","7","3","21","1","14","10","2","28","32","11","36","16","2","1","24","4","103","6","3","128","206","0","0","0","0","0","-1417000","5","-100.00","361","-1","0","0","0","","0","0","0","","",""
"080121","0001","0","1421000","1423000","1424000","1425000","1426000","1427000","1428000","1429000","1430000","1431000","1420000","1419000","1417000","1413000","1411000","1410000","1409000","1408000","1407000","1405000","9","7","3","21","1","14","10","2","28","32","11","36","16","2","1","24","4","103","6","3","127","206","0","0","0","0","0","-1417000","5","-100.00","362","-1","0","0","0","","0","0","0","","",""
"080121","0002","0","1423000","1424000","1425000","1426000","1427000","1428000","1429000","1430000","1431000","1432000","1420000","1419000","1417000","1413000","1411000","1410000","1409000","1408000","1407000","1405000","7","3","21","1","14","10","2","28","32","83","11","36","16","2","1","24","4","103","6","3","201","206","0","0","0","0","0","-1417000","5","-100.00","371","74","0","0","0","","0","0","0","","",""
"080123","0000","0","1422000","1423000","1424000","1425000","1426000","1427000","1428000","1429000","1430000","1431000","1420000","1419000","1417000","1413000","1411000","1410000","1409000","1408000","1407000","1405000","10","7","3","21","1","14","10","2","28","32","11","36","16","2","1","24","4","103","6","3","128","206","0","0","0","0","0","-1417000","5","-100.00","371","-73","0","0","0","","0","0","0","","",""
"080123","0001","0","1422000","1423000","1424000","1425000","1426000","1427000","1428000","1429000","1430000","1431000","1420000","1419000","1417000","1413000","1411000","1410000","1409000","1408000","1407000","1405000","10","7","3","21","1","14","10","7","28","32","11","37","16","2","1","24","4","103","6","3","133","207","0","0","0","0","0","-1417000","5","-100.00","371","5","1","0","0","","0","0","0","","",""
"080123","0002","0","1422000","1423000","1424000","1425000","1426000","1427000","1428000","1429000","1430000","1431000","1420000","1419000","1417000","1413000","1411000","1410000","1409000","1408000","1407000","1405000","1","7","6","21","1","14","10","7","28","32","11","37","16","2","1","24","4","103","6","3","127","207","0","0","0","0","0","-1417000","5","-100.00","380","-6","0","0","0","","0","0","0","","",""
"080124","0000","0","1422000","1423000","1424000","1425000","1426000","1427000","1428000","1429000","1430000","1431000","1420000","1419000","1417000","1413000","1411000","1410000","1409000","1408000","1407000","1405000","1","7","7","21","1","14","10","7","28","32","11","37","16","2","1","24","4","103","6","3","128","207","0","0","0","0","0","-1417000","5","-100.00","380","1","0","0","0","","0","0","0","","",""
"080124","0001","0","1422000","1423000","1424000","1425000","1426000","1427000","1428000","1429000","1430000","1431000","1420000","1419000","1417000","1413000","1411000","1410000","1409000","1408000","1407000","1405000","1","7","7","21","1","14","10","7","28","32","11","37","16","2","1","25","4","103","6","3","128","208","0","0","0","0","0","-1417000","5","-100.00","380","0","1","0","0","","0","0","0","","",""
"080125","0000","0","1422000","1423000","1424000","1425000","1426000","1427000","1428000","1429000","1430000","1431000","1420000","1419000","1417000","1416000","1413000","1411000","1410000","1409000","1408000","1407000","1","7","7","21","1","14","10","7","28","32","11","37","16","1","2","1","25","4","103","6","128","206","0","0","0","0","0","-1417000","5","-100.00","380","0","-2","0","0","","0","0","0","","",""
"080125","0001","0","1422000","1423000","1424000","1425000","1426000","1427000","1428000","1429000","1430000","1431000","1420000","1419000","1417000","1416000","1413000","1411000","1410000","1409000","1408000","1407000","1","7","7","21","1","14","10","7","28","32","11","37","16","1","2","1","25","4","103","6","128","206","0","0","0","0","0","-1417000","5","-100.00","380","0","0","0","0","","0","0","0","","",""
"080126","0000","0","1422000","1423000","1424000","1425000","1426000","1427000","1428000","1429000","1430000","1431000","1421000","1420000","1419000","1417000","1416000","1413000","1411000","1410000","1409000","1408000","1","7","7","21","1","14","10","7","28","32","4","11","38","16","1","2","1","25","4","103","128","205","0","0","0","0","0","-1417000","5","-100.00","380","0","-1","0","0","","0","0","0","","",""
"080126","0001","0","1422000","1423000","1424000","1425000","1426000","1427000","1428000","1429000","1430000","1431000","1421000","1420000","1419000","1417000","1416000","1413000","1411000","1410000","1409000","1408000","1","7","8","21","1","14","10","7","28","32","4","11","38","16","1","2","1","25","4","103","129","205","0","0","0","0","0","-1417000","5","-100.00","380","1","0","0","0","","0","0","0","","",""
"080128","0000","0","1422000","1423000","1424000","1425000","1426000","1427000","1428000","1429000","1430000","1431000","1421000","1420000","1419000","1417000","1416000","1413000","1411000","1410000","1409000","1408000","1","7","8","20","1","14","10","7","28","32","4","11","38","16","1","2","1","25","4","103","128","205","0","0","0","0","0","-1417000","5","-100.00","380","-1","0","0","0","","0","0","0","","",""
"080129","0000","0","1423000","1424000","1425000","1426000","1427000","1428000","1429000","1430000","1431000","1432000","1421000","1420000","1419000","1417000","1416000","1413000","1411000","1410000","1409000","1408000","2","5","20","1","14","10","7","28","32","74","4","11","38","16","1","2","1","25","4","103","193","205","0","0","0","0","0","-1417000","5","-100.00","389","65","0","0","0","","0","0","0","","",""
"080129","0001","0","1423000","1424000","1425000","1426000","1427000","1428000","1429000","1430000","1431000","1432000","1421000","1420000","1419000","1417000","1416000","1413000","1411000","1410000","1409000","1408000","2","5","20","1","14","10","7","27","32","74","7","11","38","16","1","2","1","25","4","103","192","208","0","0","0","0","0","-1417000","5","-100.00","389","-1","3","0","0","","0","0","0","","",""
"080130","0000","0","1422000","1423000","1424000","1425000","1426000","1427000","1428000","1429000","1430000","1431000","1421000","1420000","1419000","1417000","1416000","1413000","1411000","1410000","1409000","1408000","1","2","5","20","1","14","10","7","27","32","7","11","38","16","2","2","1","25","4","103","119","209","0","0","0","0","0","-1417000","5","-100.00","389","-73","1","0","0","","0","0","0","","",""
"080130","0001","0","1422000","1423000","1424000","1425000","1426000","1427000","1428000","1429000","1430000","1431000","1421000","1420000","1419000","1417000","1416000","1413000","1411000","1410000","1409000","1408000","1","2","5","20","1","14","10","8","27","32","7","11","38","16","2","2","1","25","4","103","120","209","0","0","0","0","0","-1417000","5","-100.00","389","1","0","0","0","","0","0","0","","",""
"080131","0000","0","1422000","1423000","1424000","1425000","1426000","1427000","1428000","1429000","1430000","1431000","1421000","1420000","1419000","1417000","1416000","1413000","1411000","1410000","1409000","1408000","1","2","5","20","6","14","10","8","27","32","7","11","38","16","2","2","1","25","4","103","125","209","0","0","0","0","0","-1417000","5","-100.00","389","5","0","0","0","","0","0","0","","",""
"080131","0001","0","1422000","1423000","1424000","1425000","1426000","1427000","1428000","1429000","1430000","1431000","1421000","1420000","1419000","1417000","1416000","1413000","1411000","1410000","1409000","1408000","1","2","5","20","6","14","10","13","27","32","7","11","38","16","2","2","1","25","4","104","130","210","0","0","0","0","0","-1417000","5","-100.00","389","5","1","0","0","","0","0","0","","",""
"080131","0002","0","1422000","1423000","1424000","1425000","1426000","1427000","1428000","1429000","1430000","1431000","1421000","1420000","1419000","1417000","1416000","1413000","1411000","1410000","1409000","1408000","1","2","5","20","6","14","10","13","31","32","12","11","38","17","2","2","1","25","4","104","134","216","0","0","0","0","0","-1417000","5","-100.00","389","4","6","0","0","","0","0","0","","",""
"080131","0003","0","1422000","1423000","1424000","1425000","1426000","1427000","1428000","1429000","1430000","1431000","1421000","1420000","1419000","1417000","1416000","1413000","1411000","1410000","1409000","1408000","1","2","5","20","6","14","10","13","31","32","11","11","38","17","2","2","1","25","4","104","134","215","0","0","0","0","0","-1417000","5","-100.00","390","0","-1","0","0","","0","0","0","","",""
"080132","0000","0","1422000","1423000","1424000","1425000","1426000","1427000","1428000","1429000","1430000","1431000","1421000","1420000","1419000","1417000","1416000","1413000","1411000","1410000","1409000","1408000","29","2","5","20","6","14","10","13","31","32","11","11","38","17","2","2","1","25","4","104","162","215","0","0","0","0","0","-1417000","5","-100.00","391","28","0","0","0","","0","0","0","","",""
"080132","0001","0","1422000","1423000","1424000","1425000","1426000","1427000","1428000","1429000","1430000","1431000","1421000","1420000","1419000","1417000","1416000","1413000","1411000","1410000","1409000","1408000","29","2","5","20","6","14","9","13","31","32","11","11","38","17","2","2","1","25","4","104","161","215","0","0","0","0","0","-1417000","5","-100.00","391","-1","0","0","0","","0","0","0","","",""
"080133","0000","0","1422000","1423000","1424000","1425000","1426000","1427000","1428000","1429000","1430000","1431000","1421000","1420000","1419000","1417000","1416000","1414000","1413000","1411000","1410000","1409000","29","82","5","20","6","14","9","13","31","32","14","11","38","17","2","1","2","1","25","4","241","115","0","0","0","0","0","-1417000","5","-100.00","391","80","-100","0","0","","0","0","0","","",""
"080133","0001","0","1422000","1423000","1424000","1425000","1426000","1427000","1428000","1429000","1430000","1431000","1421000","1420000","1419000","1417000","1416000","1414000","1413000","1411000","1410000","1409000","29","82","5","17","6","14","9","13","31","32","23","11","29","17","2","1","2","1","25","4","238","115","0","0","0","0","0","-1417000","5","-100.00","391","-3","0","0","0","","0","0","0","","",""
"080134","0000","0","1422000","1423000","1424000","1425000","1426000","1427000","1428000","1429000","1430000","1431000","1421000","1420000","1419000","1417000","1416000","1414000","1413000","1411000","1410000","1409000","28","82","5","17","6","14","9","13","31","32","23","11","29","17","2","1","2","1","25","4","237","115","0","0","0","0","0","-1417000","5","-100.00","392","-1","0","0","0","","0","0","0","","",""
"080134","0001","0","1422000","1423000","1424000","1425000","1426000","1427000","1428000","1429000","1430000","1431000","1421000","1420000","1419000","1417000","1416000","1414000","1413000","1411000","1410000","1409000","29","85","5","16","6","14","9","13","31","32","23","11","29","17","2","1","2","1","25","4","240","115","0","0","0","0","0","-1417000","5","-100.00","392","3","0","0","0","","0","0","0","","",""
"080135","0000","0","1422000","1423000","1424000","1425000","1426000","1427000","1428000","1429000","1430000","1431000","1421000","1420000","1419000","1417000","1416000","1414000","1413000","1411000","1410000","1409000","29","85","5","16","6","14","9","13","31","32","16","11","29","17","2","1","2","1","25","4","240","108","0","0","0","0","0","-1417000","5","-100.00","399","0","-7","0","0","","0","0","0","","",""
"080136","0000","0","1422000","1423000","1424000","1425000","1426000","1427000","1428000","1429000","1430000","1431000","1421000","1420000","1419000","1417000","1416000","1414000","1413000","1411000","1410000","1409000","29","85","5","16","6","12","9","13","31","32","16","11","29","17","2","1","2","1","25","4","238","108","0","0","0","0","0","-1417000","5","-100.00","399","-2","0","0","0","","0","0","0","","",""
"080136","0001","0","1422000","1423000","1424000","1425000","1426000","1427000","1428000","1429000","1430000","1431000","1421000","1420000","1419000","1417000","1416000","1414000","1413000","1411000","1410000","1409000","29","85","5","16","6","12","9","13","31","32","16","11","30","17","2","1","2","1","25","4","238","109","0","0","0","0","0","-1417000","5","-100.00","399","0","1","0","0","","0","0","0","","",""
"080136","0002","0","1422000","1423000","1424000","1425000","1426000","1427000","1428000","1429000","1430000","1431000","1421000","1420000","1419000","1417000","1416000","1414000","1413000","1411000","1410000","1409000","29","85","5","16","6","12","9","13","31","62","16","11","30","17","2","1","2","1","25","4","268","109","0","0","0","0","0","-1417000","5","-100.00","399","30","0","0","0","","0","0","0","","",""
"080137","0000","0","1422000","1423000","1424000","1425000","1426000","1427000","1428000","1429000","1430000","1431000","1421000","1420000","1419000","1417000","1416000","1414000","1413000","1411000","1410000","1409000","29","85","5","16","6","12","9","13","31","62","15","11","30","17","2","1","2","1","25","4","268","108","0","0","0","0","0","-1417000","5","-100.00","400","0","-1","0","0","","0","0","0","","",""
"080137","0001","0","1422000","1423000","1424000","1425000","1426000","1427000","1428000","1429000","1430000","1431000","1421000","1420000","1419000","1417000","1416000","1414000","1413000","1411000","1410000","1409000","29","85","5","16","6","12","9","13","31","62","15","21","30","17","2","1","2","1","25","4","268","118","0","0","0","0","0","-1417000","5","-100.00","400","0","10","0","0","","0","0","0","","",""
"080138","0000","0","1422000","1423000","1424000","1425000","1426000","1427000","1428000","1429000","1430000","1431000","1421000","1420000","1419000","1417000","1416000","1414000","1413000","1411000","1410000","1409000","29","85","5","16","6","12","9","13","31","62","5","21","30","17","2","1","2","1","25","4","268","108","0","0","0","0","0","-1417000","5","-100.00","410","0","-10","0","0","","0","0","0","","",""
"080138","0001","0","1422000","1423000","1424000","1425000","1426000","1427000","1428000","1429000","1430000","1431000","1421000","1420000","1419000","1417000","1416000","1414000","1413000","1411000","1410000","1409000","29","85","5","16","6","12","9","13","31","62","5","21","30","18","2","1","2","1","25","4","268","109","0","0","0","0","0","-1417000","5","-100.00","410","0","1","0","0","","0","0","0","","",""
"080139","0000","0","1422000","1423000","1424000","1425000","1426000","1427000","1428000","1429000","1430000","1431000","1421000","1420000","1419000","1417000","1416000","1414000","1413000","1411000","1410000","1409000","29","85","5","16","6","12","9","13","31","63","5","21","30","18","2","1","2","1","25","4","269","109","0","0","0","0","0","-1417000","5","-100.00","410","1","0","0","0","","0","0","0","","",""
"080139","0001","0","1422000","1423000","1424000","1425000","1426000","1427000","1428000","1429000","1430000","1431000","1421000","1420000","1419000","1417000","1416000","1414000","1413000","1411000","1410000","1409000","29","85","5","16","6","12","9","13","31","63","5","21","30","18","2","1","2","1","26","4","269","110","0","0","0","0","0","-1417000","5","-100.00","410","0","1","0","0","","0","0","0","","",""
"080139","0002","0","1422000","1423000","1424000","1425000","1426000","1427000","1428000","1429000","1430000","1431000","1421000","1420000","1419000","1417000","1416000","1414000","1413000","1411000","1410000","1409000","29","85","5","16","6","12","9","13","31","63","5","21","30","19","2","1","2","1","26","4","269","111","0","0","0","0","0","-1417000","5","-100.00","410","0","1","0","0","","0","0","0","","",""
"080139","0003","0","1422000","1423000","1424000","1425000","1426000","1427000","1428000","1429000","1430000","1431000","1421000","1420000","1419000","1417000","1416000","1414000","1413000","1411000","1410000","1409000","29","85","5","16","6","12","9","13","31","63","4","22","30","19","2","1","2","1","26","4","269","111","0","0","0","0","0","-1417000","5","-100.00","411","0","0","0","0","","0","0","0","","",""
"080140","0000","0","1422000","1423000","1424000","1425000","1426000","1427000","1428000","1429000","1430000","1431000","1421000","1420000","1419000","1417000","1416000","1414000","1413000","1411000","1410000","1409000","29","85","5","16","6","12","9","13","31","63","7","22","30","19","2","1","2","101","26","4","269","214","0","0","0","0","0","-1417000","5","-100.00","414","0","103","0","0","","0","0","0","","",""
"080141","0000","0","1422000","1423000","1424000","1425000","1426000","1427000","1428000","1429000","1430000","1431000","1421000","1420000","1419000","1417000","1416000","1414000","1413000","1411000","1410000","1409000","28","85","5","16","6","12","9","13","31","63","56","22","30","24","2","1","2","101","26","4","268","268","0","0","0","0","0","-1417000","5","-100.00","415","-1","54","0","0","","0","0","0","","",""
"080142","0000","0","1422000","1423000","1424000","1425000","1426000","1427000","1428000","1429000","1430000","1431000","1421000","1420000","1419000","1417000","1416000","1414000","1413000","1411000","1410000","1409000","28","87","6","16","6","12","9","13","31","63","61","22","30","82","2","1","2","102","26","4","271","332","0","0","0","0","0","-1417000","5","-100.00","415","3","64","0","0","","0","0","0","","",""
"080142","0001","0","1425000","1426000","1427000","1428000","1429000","1430000","1431000","1432000","1433000","1434000","1423000","1422000","1421000","1420000","1419000","1417000","1416000","1414000","1413000","1411000","16","6","12","9","13","31","63","123","27","8","26","1","27","22","30","82","2","1","2","102","308","295","0","0","0","0","0","-1417000","5","-100.00","536","37","-37","0","0","","0","0","0","","",""
"080142","0002","0","1425000","1426000","1427000","1428000","1429000","1430000","1431000","1432000","1433000","1434000","1423000","1422000","1421000","1420000","1419000","1417000","1416000","1414000","1413000","1411000","16","6","12","9","13","31","63","123","27","8","26","1","30","22","30","82","2","1","2","102","308","298","0","0","0","0","0","-1417000","5","-100.00","536","0","3","0","0","","0","0","0","","",""
"080143","0000","0","1425000","1426000","1427000","1428000","1429000","1430000","1431000","1432000","1433000","1434000","1423000","1422000","1421000","1420000","1419000","1417000","1416000","1414000","1413000","1411000","16","6","12","9","13","31","63","123","27","8","26","1","31","22","30","82","2","1","2","102","308","299","0","0","0","0","0","-1417000","5","-100.00","536","0","1","0","0","","0","0","0","","",""
"080145","0000","0","1425000","1426000","1427000","1428000","1429000","1430000","1431000","1432000","1433000","1434000","1423000","1422000","1421000","1420000","1419000","1417000","1416000","1414000","1413000","1411000","16","6","12","9","13","31","63","123","27","8","1","1","31","22","30","82","2","1","2","102","308","274","0","0","0","0","0","-1417000","5","-100.00","561","0","-25","0","0","","0","0","0","","",""
"080145","0001","0","1425000","1426000","1427000","1428000","1429000","1430000","1431000","1432000","1433000","1434000","1423000","1422000","1421000","1420000","1419000","1417000","1416000","1414000","1413000","1411000","16","6","12","8","14","31","63","123","27","8","1","1","31","22","30","82","2","1","2","102","308","274","0","0","0","0","0","-1417000","5","-100.00","561","0","0","0","0","","0","0","0","","",""
"080146","0000","0","1425000","1426000","1427000","1428000","1429000","1430000","1431000","1432000","1433000","1434000","1423000","1422000","1421000","1420000","1419000","1417000","1416000","1414000","1413000","1411000","17","6","12","8","14","31","63","123","27","8","1","1","31","22","30","82","2","1","2","102","309","274","0","0","0","0","0","-1417000","5","-100.00","561","1","0","0","0","","0","0","0","","",""
"080147","0000","0","1425000","1426000","1427000","1428000","1429000","1430000","1431000","1432000","1433000","1434000","1423000","1422000","1421000","1420000","1419000","1417000","1416000","1414000","1413000","1411000","17","6","12","8","14","31","63","123","27","8","1","8","31","22","30","82","2","1","2","102","309","281","0","0","0","0","0","-1417000","5","-100.00","561","0","7","0","0","","0","0","0","","",""
"080148","0000","0","1425000","1426000","1427000","1428000","1429000","1430000","1431000","1432000","1433000","1434000","1423000","1422000","1421000","1420000","1419000","1417000","1416000","1414000","1413000","1411000","17","6","12","8","14","31","63","123","27","8","1","8","31","22","30","82","2","1","102","102","309","381","0","0","0","0","0","-1417000","5","-100.00","561","0","100","0","0","","0","0","0","","",""
"080148","0001","0","1423000","1425000","1426000","1427000","1428000","1429000","1430000","1431000","1432000","1433000","1422000","1421000","1420000","1419000","1417000","1416000","1414000","1413000","1411000","1410000","4","17","6","12","8","14","31","63","123","27","8","31","22","30","82","2","1","102","102","26","305","406","0","0","0","0","0","-1417000","5","-100.00","562","-4","25","0","0","","0","0","0","","",""
"080149","0000","0","1423000","1425000","1426000","1427000","1428000","1429000","1430000","1431000","1432000","1433000","1422000","1421000","1420000","1419000","1417000","1416000","1414000","1413000","1411000","1410000","3","17","6","12","8","14","31","63","123","27","8","31","22","30","82","2","1","102","102","26","304","406","0","0","0","0","0","-1417000","5","-100.00","563","-1","0","0","0","","0","0","0","","",""
"080149","0001","0","1423000","1425000","1426000","1427000","1428000","1429000","1430000","1431000","1432000","1433000","1422000","1421000","1420000","1419000","1417000","1416000","1414000","1413000","1411000","1410000","3","17","6","12","8","14","31","63","123","27","8","32","22","30","82","2","1","102","102","26","304","407","0","0","0","0","0","-1417000","5","-100.00","563","0","1","0","0","","0","0","0","","",""
"080149","0002","0","1423000","1425000","1426000","1427000","1428000","1429000","1430000","1431000","1432000","1433000","1422000","1421000","1420000","1419000","1417000","1416000","1414000","1413000","1411000","1410000","3","17","6","12","8","14","31","63","130","20","8","32","22","30","82","2","1","102","102","26","304","407","0","0","0","0","0","-1417000","5","-100.00","563","0","0","0","0","","0","0","0","","",""
"080150","0000","0","1423000","1425000","1426000","1427000","1428000","1429000","1430000","1431000","1432000","1433000","1422000","1421000","1420000","1419000","1417000","1416000","1414000","1413000","1411000","1410000","6","17","6","12","8","14","31","63","130","20","8","32","22","30","82","2","1","102","102","26","307","407","0","0","0","0","0","-1417000","5","-100.00","563","3","0","0","0","","0","0","0","","",""
"080151","0000","0","1423000","1425000","1426000","1427000","1428000","1429000","1430000","1431000","1432000","1433000","1422000","1421000","1420000","1419000","1417000","1416000","1414000","1413000","1411000","1410000","6","17","6","12","8","14","31","63","130","20","23","32","22","30","82","2","1","102","103","26","307","423","0","0","0","0","0","-1417000","5","-100.00","563","0","16","0","0","","0","0","0","","",""
"080151","0001","0","1423000","1425000","1426000","1427000","1428000","1429000","1430000","1431000","1432000","1433000","1422000","1421000","1420000","1419000","1417000","1416000","1414000","1413000","1411000","1410000","6","57","6","12","8","14","31","63","130","20","23","33","22","30","82","2","1","102","103","26","347","424","0","0","0","0","0","-1417000","5","-100.00","563","40","1","0","0","","0","0","0","","",""
