"time","millisec","HOUR_CLS_CODE","ASKP1","ASKP2","ASKP3","ASKP4","ASKP5","ASKP6","ASKP7","ASKP8","ASKP9","ASKP10","BIDP1","BIDP2","BIDP3","BIDP4","BIDP5","BIDP6","BIDP7","BIDP8","BIDP9","BIDP10","ASKP_RSQN1","ASKP_RSQN2","ASKP_RSQN3","ASKP_RSQN4","ASKP_RSQN5","ASKP_RSQN6","ASKP_RSQN7","ASKP_RSQN8","ASKP_RSQN9","ASKP_RSQN10","BIDP_RSQN1","BIDP_RSQN2","BIDP_RSQN3","BIDP_RSQN4","BIDP_RSQN5","BIDP_RSQN6","BIDP_RSQN7","BIDP_RSQN8","BIDP_RSQN9","BIDP_RSQN10","TOTAL_ASKP_RSQN","TOTAL_BIDP_RSQN","OVTM_TOTAL_ASKP_RSQN","OVTM_TOTAL_BIDP_RSQN","ANTC_CNPR","ANTC_CNQN","ANTC_VOL","ANTC_CNTG_VRSS","ANTC_CNTG_VRSS_SIGN","ANTC_CNTG_PRDY_CTRT","ACML_VOL","TOTAL_ASKP_RSQN_ICDC","TOTAL_BIDP_RSQN_ICDC","OVTM_TOTAL_ASKP_ICDC","OVTM_TOTAL_BIDP_ICDC","STCK_DEAL_CLS_CODE","KMID_PRC","KMID_TOTAL_RSQN","KMID_CLS_CODE","NMID_PRC","NMID_TOTAL_RSQN","NMID_CLS_CODE"
"080000","0000","0","61800","61900","64900","65900","66900","69900","73000","76000","78400","0","61200","60800","60000","59000","0","0","0","0","0","0","1","1","500","1000","15","30","45","75","135","0","50","553","3","10","0","0","0","0","0","0","1802","616","0","0","0","0","0","-60800","5","-100.00","0","0","0","0","0","","0","0","0","","",""
"080000","0001","0","61800","61900","62000","62100","62800","64600","64900","65900","66300","66900","61200","60800","60000","59000","48700","0","0","0","0","0","1","1","1","1","100","20","500","1000","3","15","50","553","3","10","5","0","0","0","0","0","1642","621","0","0","0","0","0","-60800","5","-100.00","0","-160","5","0","0","","0","0","0","","",""
"080001","0000","0","61800","61900","62000","62100","62200","62800","64000","64600","64900","65900","61200","60800","60000","59000","58900","48700","0","0","0","0","1","1","1","1","1","100","200","20","500","1000","50","553","3","10","1500","5","0","0","0","0","1825","2121","0","0","0","0","0","-60800","5","-100.00","0","183","1500","0","0","","0","0","0","","",""
"080001","0001","0","61700","61800","61900","62000","62100","62200","62300","62400","62700","62800","61200","61100","60800","60000","59000","58900","48700","0","0","0","8","1","1","1","1","51","51","50","50","150","50","50","553","3","10","1500","5","0","0","0","364","2171","0","0","0","0","0","-60800","5","-100.00","0","-1461","50","0","0","","0","0","0","","",""
"080002","0000","0","61700","61800","61900","62000","62100","62200","62300","62400","62700","62800","61200","61100","60800","60500","60000","59000","58900","48700","0","0","8","1","1","2","1","51","201","192","50","150","100","380","553","10","3","10","1500","5","0","0","657","2561","0","0","0","0","0","-60800","5","-100.00","0","293","390","0","0","","0","0","0","","",""
"080002","0001","0","61700","61800","61900","62000","62100","62200","62300","62400","62700","62800","61200","61100","60800","60600","60500","60000","59000","58900","48700","0","7","1","1","2","1","51","201","213","50","150","100","380","553","18","10","3","10","1500","5","0","677","2579","0","0","0","0","0","-60800","5","-100.00","1","20","18","0","0","","0","0","0","","",""
"080002","0002","0","61700","61800","61900","62000","62100","62200","62300","62400","62700","62800","61200","61100","61000","60800","60600","60500","60000","59000","58900","48700","7","1","1","2","1","51","201","213","50","150","100","380","6","553","18","10","3","10","1500","5","677","2585","0","0","0","0","0","-60800","5","-100.00","1","0","6","0","0","","0","0","0","","",""
"080003","0000","0","61700","61800","61900","62000","62100","62200","62300","62400","62700","62800","61200","61100","61000","60900","60800","60600","60500","60000","59000","58900","7","1","1","2","1","51","201","213","50","150","100","380","6","4","506","18","10","3","10","1500","677","2537","0","0","0","0","0","-60800","5","-100.00","1","0","-48","0","0","","0","0","0","","",""
"080003","0001","0","61700","61800","61900","62000","62100","62200","62300","62400","62700","62800","61200","61100","61000","60900","60800","60600","60500","60000","59000","58900","7","1","1","2","1","51","201","213","50","150","100","380","6","29","506","18","10","3","10","1500","677","2562","0","0","0","0","0","-60800","5","-100.00","1","0","25","0","0","","0","0","0","","",""
"080004","0000","0","61700","61800","61900","62000","62100","62200","62300","62400","62700","62800","61300","61200","61100","61000","60900","60800","60600","60500","60000","59000","7","1","1","2","1","51","201","213","50","150","6","100","380","6","29","506","18","10","3","10","677","1068","0","0","0","0","0","-60800","5","-100.00","1","0","-1494","0","0","","0","0","0","","",""
"080004","0001","0","61700","61800","61900","62000","62100","62200","62300","62400","62500","62700","61200","61100","61000","60900","60800","60600","60500","60000","59000","58900","7","61","1","2","81","51","201","213","1","50","100","380","6","29","506","18","10","3","10","1500","668","2562","0","0","0","0","0","-60800","5","-100.00","1","-69","0","0","0","","0","0","0","","",""
"080005","0000","0","61700","61800","61900","62000","62100","62200","62300","62400","62500","62700","61200","61100","61000","60900","60800","60600","60500","60000","59000","58900","7","61","1","2","81","51","201","213","1","50","100","380","156","29","506","18","10","3","10","1500","668","2712","0","0","0","0","0","-60800","5","-100.00","1","0","150","0","0","","0","0","0","","",""
"080005","0001","0","61700","61800","61900","62000","62100","62200","62300","62400","62500","62600","61200","61100","61000","60900","60800","60600","60500","60000","59000","58900","3","61","1","2","84","51","201","213","1","3","100","380","156","29","506","18","10","3","10","1500","620","2712","0","0","0","0","0","-60800","5","-100.00","5","-48","0","0","0","","0","0","0","","",""
"080005","0002","0","61700","61800","61900","62000","62100","62200","62300","62400","62500","62600","61200","61100","61000","60900","60800","60600","60500","60000","59000","58900","22","61","1","2","84","51","201","213","1","3","100","380","156","29","506","18","10","3","10","1500","639","2712","0","0","0","0","0","-60800","5","-100.00","5","19","0","0","0","","0","0","0","","",""
"080006","0000","0","61700","61800","61900","62000","62100","62200","62300","62400","62500","62600","61200","61100","61000","60900","60800","60600","60500","60000","59000","58900","22","61","1","2","84","51","201","214","1","3","100","380","156","29","506","18","10","3","10","1500","640","2712","0","0","0","0","0","-60800","5","-100.00","5","1","0","0","0","","0","0","0","","",""
"080006","0001","0","61700","61800","61900","62000","62100","62200","62300","62400","62500","62600","61200","61100","61000","60900","60800","60600","60500","60000","59000","58900","22","61","1","2","84","51","201","214","1","4","100","382","156","29","506","18","10","3","10","1500","641","2714","0","0","0","0","0","-60800","5","-100.00","5","1","2","0","0","","0","0","0","","",""
"080006","0002","0","61700","61800","61900","62000","62100","62200","62300","62400","62500","62600","61200","61100","61000","60900","60800","60600","60500","60000","59800","59500","73","62","1","2","84","51","201","214","1","4","100","382","156","29","507","18","10","3","1","1","693","1207","0","0","0","0","0","-60800","5","-100.00","5","1","-1512","0","0","","0","0","0","","",""
"080006","0003","0","61700","61800","61900","62000","62100","62200","62300","62400","62500","62600","61200","61100","61000","60900","60800","60600","60500","60000","59800","59500","74","62","1","2","84","51","201","214","1","4","100","382","156","29","507","18","10","3","1","1","694","1207","0","0","0","0","0","-60800","5","-100.00","5","1","0","0","0","","0","0","0","","",""
"080007","0000","0","61700","61800","61900","62000","62100","62200","62300","62400","62500","62600","61200","61100","61000","60900","60800","60600","60500","60000","59800","59500","74","62","1","2","84","52","201","214","1","4","100","382","156","29","507","18","10","3","1","1","695","1207","0","0","0","0","0","-60800","5","-100.00","5","1","0","0","0","","0","0","0","","",""
"080007","0001","0","61700","61800","61900","62000","62100","62200","62300","62400","62500","62600","61200","61100","61000","60900","60800","60600","60500","60000","59800","59500","77","62","1","2","84","52","201","214","1","4","100","382","156","29","507","18","10","3","1","1","698","1207","0","0","0","0","0","-60800","5","-100.00","5","3","0","0","0","","0","0","0","","",""
"080008","0000","0","61700","61800","61900","62000","62100","62200","62300","62400","62500","62600","61200","61100","61000","60900","60800","60600","60500","60000","59800","59500","77","62","1","5","84","52","201","214","1","4","100","382","156","29","507","18","10","3","1","1","701","1207","0","0","0","0","0","-60800","5","-100.00","5","3","0","0","0","","0","0","0","","",""
"080008","0001","0","61700","61800","61900","62000","62100","62200","62300","62400","62500","62600","61200","61100","61000","60900","60800","60600","60500","60000","59800","59500","77","62","1","5","84","52","201","214","1","4","106","382","156","29","507","18","10","3","1","1","701","1213","0","0","0","0","0","-60800","5","-100.00","5","0","6","0","0","","0","0","0","","",""
"080008","0002","0","61300","61700","61800","61900","62000","62100","62200","62300","62400","62500","61200","61100","61000","60900","60800","60600","60500","60000","59800","59500","1","78","62","1","6","84","52","201","214","1","106","382","156","29","507","18","10","3","1","1","700","1213","0","0","0","0","0","-60800","5","-100.00","5","-1","0","0","0","","0","0","0","","",""
"080008","0003","0","61300","61700","61800","61900","62000","62100","62200","62300","62400","62500","61200","61100","61000","60900","60800","60600","60500","60000","59800","59500","1","178","62","1","6","84","52","201","214","1","106","382","156","29","507","18","10","3","1","1","800","1213","0","0","0","0","0","-60800","5","-100.00","5","100","0","0","0","","0","0","0","","",""
"080009","0000","0","61300","61700","61800","61900","62000","62100","62200","62300","62400","62500","61200","61100","61000","60900","60800","60600","60500","60000","59800","59500","1","178","62","1","6","84","52","201","214","1","106","382","156","29","507","18","10","13","1","1","800","1223","0","0","0","0","0","-60800","5","-100.00","5","0","10","0","0","","0","0","0","","",""
"080009","0001","0","61300","61700","61800","61900","62000","62100","62200","62300","62400","62500","61200","61100","61000","60900","60800","60600","60500","60000","59800","59500","1","178","62","1","6","84","52","201","214","1","106","382","156","29","507","18","110","13","1","1","800","1323","0","0","0","0","0","-60800","5","-100.00","5","0","100","0","0","","0","0","0","","",""
"080009","0002","0","61300","61700","61800","61900","62000","62100","62200","62300","62400","62500","61200","61100","61000","60900","60800","60600","60500","60000","59800","59500","1","183","62","1","6","84","52","201","214","1","106","382","156","29","507","18","110","13","1","1","805","1323","0","0","0","0","0","-60800","5","-100.00","5","5","0","0","0","","0","0","0","","",""
"080010","0000","0","61300","61700","61800","61900","62000","62100","62200","62300","62400","62500","61200","61100","61000","60900","60800","60600","60500","60000","59800","59500","1","183","62","1","6","84","52","301","214","1","106","382","156","29","507","18","110","13","1","1","905","1323","0","0","0","0","0","-60800","5","-100.00","5","100","0","0","0","","0","0","0","","",""
"080010","0001","0","61700","61800","61900","62000","62100","62200","62300","62400","62500","62600","61200","61100","61000","60900","60800","60600","60500","60000","59800","59500","179","62","1","6","84","52","301","214","1","4","106","382","156","29","507","18","110","13","1","1","904","1323","0","0","0","0","0","-60800","5","-100.00","10","-1","0","0","0","","0","0","0","","",""
"080010","0002","0","61700","61800","61900","62000","62100","62200","62300","62400","62500","62600","61200","61100","61000","60900","60800","60600","60500","60000","59800","59500","179","62","1","6","84","52","301","214","1","4","131","382","156","4","527","18","110","13","1","1","904","1343","0","0","0","0","0","-60800","5","-100.00","10","0","20","0","0","","0","0","0","","",""
"080011","0000","0","61700","61800","61900","62000","62100","62200","62300","62400","62500","62600","61200","61100","61000","60900","60800","60600","60500","60000","59800","59500","189","62","1","6","84","52","301","214","1","4","131","382","156","4","527","18","110","13","1","1","914","1343","0","0","0","0","0","-60800","5","-100.00","10","10","0","0","0","","0","0","0","","",""
"080011","0001","0","61700","61800","61900","62000","62100","62200","62300","62400","62500","62600","61200","61100","61000","60900","60800","60600","60500","60200","60000","59800","189","62","1","6","84","52","301","214","1","4","131","382","156","4","627","18","110","4","13","1","914","1446","0","0","0","0","0","-60800","5","-100.00","10","0","100","0","0","","0","0","0","","",""
"080011","0002","0","61700","61800","61900","62000","62100","62200","62300","62400","62500","62600","61200","61100","61000","60900","60800","60600","60500","60200","60000","59800","156","62","1","6","84","52","301","214","1","504","131","382","156","4","627","18","110","4","13","51","1381","1496","0","0","0","0","0","-60800","5","-100.00","43","467","50","0","0","","0","0","0","","",""
"080012","0000","0","61700","61800","61900","62000","62100","62200","62300","62400","62500","62600","61200","61100","61000","60900","60800","60600","60500","60200","60000","59800","156","62","1","6","84","52","301","215","1","504","131","382","156","4","627","18","110","4","13","51","1382","1496","0","0","0","0","0","-60800","5","-100.00","43","1","0","0","0","","0","0","0","","",""
"080012","0001","0","61700","61800","61900","62000","62100","62200","62300","62400","62500","62600","61200","61100","61000","60900","60800","60600","60500","60200","60000","59800","156","62","1","6","84","52","301","215","1","504","131","382","156","4","627","118","110","4","13","51","1382","1596","0","0","0","0","0","-60800","5","-100.00","43","0","100","0","0","","0","0","0","","",""
"080013","0000","0","61700","61800","61900","62000","62100","62200","62300","62400","62500","62600","61200","61100","61000","60900","60800","60600","60500","60200","60000","59800","156","62","1","6","84","52","301","215","1","504","131","382","156","44","627","118","110","4","13","51","1382","1636","0","0","0","0","0","-60800","5","-100.00","43","0","40","0","0","","0","0","0","","",""
"080013","0001","0","61700","61800","61900","62000","62100","62200","62300","62400","62500","62600","61200","61100","61000","60900","60800","60600","60500","60200","60000","59800","151","62","1","6","84","52","301","215","1","504","131","382","156","44","627","118","110","4","13","51","1377","1636","0","0","0","0","0","-60800","5","-100.00","48","-5","0","0","0","","0","0","0","","",""
"080013","0002","0","61700","61800","61900","62000","62100","62200","62300","62400","62500","62600","61200","61100","61000","60900","60800","60600","60500","60200","60000","59800","151","62","1","6","84","52","301","215","1","504","131","384","156","44","627","118","110","4","15","51","1377","1640","0","0","0","0","0","-60800","5","-100.00","48","0","2","0","0","","0","0","0","","",""
"080013","0003","0","61700","61800","61900","62000","62100","62200","62300","62400","62500","62600","61200","61100","61000","60900","60800","60600","60500","60200","60000","59800","171","62","1","6","84","52","301","215","1","504","131","384","156","44","627","118","110","4","15","51","1397","1640","0","0","0","0","0","-60800","5","-100.00","48","20","0","0","0","","0","0","0","","",""
"080013","0004","0","61700","61800","61900","62000","62100","62200","62300","62400","62500","62600","61200","61100","61000","60900","60800","60600","60500","60200","60000","59800","171","62","1","6","84","52","301","215","1","504","125","384","156","44","627","118","110","4","15","51","1397","1634","0","0","0","0","0","-60800","5","-100.00","48","0","-6","0","0","","0","0","0","","",""
"080014","0000","0","61600","61700","61800","61900","62000","62100","62200","62300","62400","62500","61200","61100","61000","60900","60800","60600","60500","60200","60000","59800","20","83","62","1","6","84","52","341","215","1","125","384","156","44","627","118","110","4","16","51","865","1635","0","0","0","0","0","-60800","5","-100.00","136","-532","1","0","0","","0","0","0","","",""
"080014","0001","0","61600","61700","61800","61900","62000","62100","62200","62300","62400","62500","61200","61100","61000","60900","60800","60600","60500","60200","60000","59800","20","83","62","1","6","84","52","341","215","1","125","385","156","44","627","118","110","4","16","51","865","1636","0","0","0","0","0","-60800","5","-100.00","136","0","1","0","0","","0","0","0","","",""
"080015","0000","0","61600","61700","61800","61900","62000","62100","62200","62300","62400","62500","61200","61100","61000","60900","60800","60600","60500","60200","60000","59800","10","83","62","1","6","84","52","341","215","1","125","385","156","44","627","118","110","4","16","51","855","1636","0","0","0","0","0","-60800","5","-100.00","146","-10","0","0","0","","0","0","0","","",""
"080015","0001","0","61700","61800","61900","62000","62100","62200","62300","62400","62500","62600","61200","61100","61000","60900","60800","60600","60500","60200","60000","59800","133","62","1","6","84","52","341","215","1","504","125","385","156","44","627","118","110","4","16","51","1399","1636","0","0","0","0","0","-60800","5","-100.00","156","544","0","0","0","","0","0","0","","",""
"080016","0000","0","61700","61800","61900","62000","62100","62200","62300","62400","62500","62600","61300","61200","61100","61000","60900","60800","60600","60500","60200","60000","133","62","1","6","84","52","341","215","1","504","200","125","385","196","44","630","118","110","4","16","1399","1828","0","0","0","0","0","-60800","5","-100.00","156","0","3","0","0","","0","0","0","","",""
"080016","0001","0","61700","61800","61900","62000","62100","62200","62300","62400","62500","62600","61300","61200","61100","61000","60900","60800","60600","60500","60200","60000","133","62","1","6","84","52","341","215","1","505","200","125","385","196","44","630","118","110","4","16","1400","1828","0","0","0","0","0","-60800","5","-100.00","156","1","0","0","0","","0","0","0","","",""
"080016","0002","0","61600","61700","61800","61900","62000","62100","62200","62300","62400","62500","61300","61200","61100","61000","60900","60800","60600","60500","60200","60000","4","133","62","1","6","84","52","341","215","1","200","125","385","196","44","630","118","110","4","16","899","1828","0","0","0","0","0","-60800","5","-100.00","156","-501","0","0","0","","0","0","0","","",""
"080016","0003","0","61600","61700","61800","61900","62000","62100","62200","62300","62400","62500","61300","61200","61100","61000","60900","60800","60600","60500","60200","60000","3","133","62","1","6","84","52","341","215","1","200","125","385","196","44","630","118","110","4","16","898","1828","0","0","0","0","0","-60800","5","-100.00","157","-1","0","0","0","","0","0","0","","",""
"080017","0000","0","61600","61700","61800","61900","62000","62100","62200","62300","62400","62500","61300","61200","61100","61000","60900","60800","60600","60500","60200","60000","3","133","62","1","6","84","52","341","215","1","210","125","375","196","44","630","118","110","4","16","898","1828","0","0","0","0","0","-60800","5","-100.00","157","0","0","0","0","","0","0","0","","",""
"080017","0001","0","61600","61700","61800","61900","62000","62100","62200","62300","62400","62500","61300","61200","61100","61000","60900","60800","60600","60500","60200","60000","3","133","62","1","16","84","52","341","215","1","210","125","375","196","44","630","118","110","4","16","908","1828","0","0","0","0","0","-60800","5","-100.00","157","10","0","0","0","","0","0","0","","",""
"080017","0002","0","61600","61700","61800","61900","62000","62100","62200","62300","62400","62500","61300","61200","61100","61000","60900","60800","60600","60500","60200","60000","3","133","62","1","16","84","52","341","215","1","210","125","375","196","44","630","134","110","4","16","908","1844","0","0","0","0","0","-60800","5","-100.00","157","0","16","0","0","","0","0","0","","",""
"080017","0003","0","61600","61700","61800","61900","62000","62100","62200","62300","62400","62500","61300","61200","61100","61000","60900","60800","60600","60500","60200","60000","3","133","62","2","16","84","52","341","215","1","210","125","375","196","44","630","134","110","4","16","909","1844","0","0","0","0","0","-60800","5","-100.00","157","1","0","0","0","","0","0","0","","",""
"080018","0000","0","61700","61800","61900","62000","62100","62200","62300","62400","62500","62600","61300","61200","61100","61000","60900","60800","60600","60500","60200","60000","105","62","2","16","84","52","341","215","1","505","210","125","375","196","44","630","134","110","4","16","1383","1844","0","0","0","0","0","-60800","5","-100.00","188","474","0","0","0","","0","0","0","","",""
"080018","0001","0","61700","61800","61900","62000","62100","62200","62300","62400","62500","62600","61300","61200","61100","61000","60900","60800","60600","60500","60200","60000","105","62","2","17","84","52","341","215","1","505","210","125","375","196","44","630","134","110","4","16","1384","1844","0","0","0","0","0","-60800","5","-100.00","188","1","0","0","0","","0","0","0","","",""
"080018","0002","0","61700","61800","61900","62000","62100","62200","62300","62400","62500","62600","61300","61200","61100","61000","60900","60800","60600","60500","60200","60000","106","62","2","17","84","52","341","215","1","505","210","125","375","196","44","630","134","110","4","16","1385","1844","0","0","0","0","0","-60800","5","-100.00","188","1","0","0","0","","0","0","0","","",""
"080019","0000","0","61700","61800","61900","62000","62100","62200","62300","62400","62500","62600","61600","61300","61200","61100","61000","60900","60800","60600","60500","60200","106","62","2","17","84","52","341","215","1","505","2","210","125","375","196","44","630","134","110","4","1385","1830","0","0","0","0","0","-60800","5","-100.00","188","0","-14","0","0","","0","0","0","","",""
"080019","0001","0","61700","61800","61900","62000","62100","62200","62300","62400","62500","62600","61600","61500","61300","61200","61100","61000","60900","60800","60600","60500","106","62","2","17","84","52","341","215","1","505","2","1","210","125","375","196","44","630","134","110","1385","1827","0","0","0","0","0","-60800","5","-100.00","188","0","-3","0","0","","0","0","0","","",""
"080020","0000","0","61700","61800","61900","62000","62100","62200","62300","62400","62500","62600","61600","61500","61300","61200","61100","61000","60900","60800","60600","60500","110","62","2","17","84","52","341","215","1","505","2","1","210","125","375","196","244","630","134","110","1389","2027","0","0","0","0","0","-60800","5","-100.00","188","4","0","0","0","","0","0","0","","",""
"080020","0001","0","61700","61800","61900","62000","62100","62200","62300","62400","62500","62600","61600","61500","61400","61300","61200","61100","61000","60900","60800","60600","110","62","2","17","84","52","341","215","1","505","2","1","1","210","125","375","196","244","630","134","1389","1918","0","0","0","0","0","-60800","5","-100.00","188","0","-109","0","0","","0","0","0","","",""
"080021","0000","0","61700","61800","61900","62000","62100","62200","62300","62400","62500","62600","61600","61500","61400","61300","61200","61100","61000","60900","60800","60600","62","62","2","17","84","52","341","215","1","505","5","1","1","210","125","375","196","244","630","134","1341","1921","0","0","0","0","0","-60800","5","-100.00","236","-48","3","0","0","","0","0","0","","",""
"080021","0001","0","61600","61700","61800","61900","62000","62100","62200","62300","62400","62500","61500","61400","61300","61200","61100","61000","60900","60800","60600","60500","8","62","62","2","17","84","52","341","215","1","1","1","210","125","375","196","244","630","134","110","844","2026","0","0","0","0","0","-60800","5","-100.00","421","-497","105","0","0","","0","0","0","","",""
"080021","0002","0","61700","61800","61900","62000","62100","62200","62300","62400","62500","62600","61500","61400","61300","61200","61100","61000","60900","60800","60600","60500","67","62","2","17","84","52","341","215","1","505","1","1","210","125","375","196","244","630","134","110","1346","2026","0","0","0","0","0","-60800","5","-100.00","429","502","0","0","0","","0","0","0","","",""
"080021","0003","0","61700","61800","61900","62000","62100","62200","62300","62400","62500","62600","61600","61500","61400","61300","61200","61100","61000","60900","60800","60600","42","62","2","17","84","52","341","255","1","505","1","1","1","211","125","375","196","244","630","134","1361","1918","0","0","0","0","0","-60800","5","-100.00","454","40","-108","0","0","","0","0","0","","",""
"080022","0000","0","61700","61800","61900","62000","62100","62200","62300","62400","62500","62600","61600","61500","61400","61300","61200","61100","61000","60900","60800","60600","142","62","2","17","84","62","341","255","1","505","1","1","1","211","125","375","196","244","630","134","1471","1918","0","0","0","0","0","-60800","5","-100.00","454","100","0","0","0","","0","0","0","","",""
"080022","0001","0","61700","61800","61900","62000","62100","62200","62300","62400","62500","62600","61600","61500","61400","61300","61200","61100","61000","60900","60800","60600","110","62","2","17","84","62","341","255","1","505","1","1","1","211","125","375","196","244","630","134","1439","1918","0","0","0","0","0","-60800","5","-100.00","486","-32","0","0","0","","0","0","0","","",""
"080023","0000","0","61700","61800","61900","62000","62100","62200","62300","62400","62500","62600","61600","61500","61400","61300","61200","61100","61000","60900","60800","60600","107","62","2","17","84","62","341","255","1","505","1","1","1","211","125","375","196","244","627","134","1436","1915","0","0","0","0","0","-60800","5","-100.00","489","-3","-3","0","0","","0","0","0","","",""
"080023","0001","0","61700","61800","61900","62000","62100","62200","62300","62400","62500","62600","61600","61500","61400","61300","61200","61100","61000","60900","60800","60600","107","62","2","17","84","62","341","255","1","505","1","1","1","211","126","375","196","244","627","134","1436","1916","0","0","0","0","0","-60800","5","-100.00","489","0","1","0","0","","0","0","0","","",""
"080023","0002","0","61700","61800","61900","62000","62100","62200","62300","62400","62500","62600","61600","61500","61400","61300","61200","61100","61000","60900","60800","60600","75","62","2","17","84","62","341","255","1","505","1","1","11","211","126","365","196","244","627","134","1404","1916","0","0","0","0","0","-60800","5","-100.00","521","0","0","0","0","","0","0","0","","",""
"080023","0003","0","61600","61700","61800","61900","62000","62100","62200","62300","62400","62500","61500","61400","61300","61200","61100","61000","60900","60800","60600","60500","199","75","62","2","17","84","62","341","255","1","1","36","211","101","365","196","244","608","134","110","1098","2006","0","0","0","0","0","-60800","5","-100.00","522","-306","90","0","0","","0","0","0","","",""
"080024","0000","0","61700","61800","61900","62000","62100","62200","62300","62400","62500","62600","61600","61500","61400","61300","61200","61100","61000","60900","60800","60600","79","62","3","17","84","62","341","255","1","505","16","1","36","211","101","365","196","244","608","134","1409","1912","0","0","0","0","0","-60800","5","-100.00","721","5","0","0","0","","0","0","0","","",""
"080024","0001","0","61700","61800","61900","62000","62100","62200","62300","62400","62500","62600","61600","61500","61400","61300","61200","61100","61000","60900","60800","60600","79","62","3","17","84","62","341","255","1","505","116","1","36","211","101","365","196","244","608","134","1409","2012","0","0","0","0","0","-60800","5","-100.00","721","0","100","0","0","","0","0","0","","",""
"080024","0002","0","61700","61800","61900","62000","62100","62200","62300","62400","62500","62600","61600","61500","61400","61300","61200","61100","61000","60900","60800","60600","79","62","3","17","84","62","341","1255","1","505","116","1","36","211","101","365","196","244","608","134","2409","2012","0","0","0","0","0","-60800","5","-100.00","721","1000","0","0","0","","0","0","0","","",""
"080024","0003","0","61700","61800","61900","62000","62100","62200","62300","62400","62500","62600","61600","61500","61400","61300","61200","61100","61000","60900","60800","60600","79","62","3","17","84","62","341","1255","1","505","126","1","36","361","101","366","46","244","608","134","2409","2023","0","0","0","0","0","-60800","5","-100.00","721","0","10","0","0","","0","0","0","","",""
"080024","0004","0","61700","61800","61900","62000","62100","62200","62300","62400","62500","62600","61600","61500","61400","61300","61200","61100","61000","60900","60800","60600","79","62","3","17","84","62","341","1255","1","505","96","1","36","361","101","366","46","244","608","134","2409","1993","0","0","0","0","0","-60800","5","-100.00","751","0","-30","0","0","","0","0","0","","",""
"080025","0000","0","61700","61800","61900","62000","62100","62200","62300","62400","62500","62600","61600","61500","61400","61300","61200","61100","61000","60900","60800","60600","79","62","3","17","84","62","341","1257","1","505","96","1","88","361","101","366","46","244","608","134","2411","2045","0","0","0","0","0","-60800","5","-100.00","751","0","51","0","0","","0","0","0","","",""
"080025","0001","0","61700","61800","61900","62000","62100","62200","62300","62400","62500","62600","61600","61500","61400","61300","61200","61100","61000","60900","60800","60600","79","62","3","17","84","62","341","1257","1","505","101","1","88","361","101","366","46","244","608","134","2411","2050","0","0","0","0","0","-60800","5","-100.00","751","0","5","0","0","","0","0","0","","",""
"080025","0002","0","61700","61800","61900","62000","62100","62200","62300","62400","62500","62600","61600","61500","61400","61300","61200","61100","61000","60900","60800","60600","69","62","3","17","84","62","341","1257","1","505","101","1","88","361","101","366","46","244","608","134","2401","2050","0","0","0","0","0","-60800","5","-100.00","761","-10","0","0","0","","0","0","0","","",""
"080026","0000","0","61700","61800","61900","62000","62100","62200","62300","62400","62500","62600","61600","61500","61400","61300","61200","61100","61000","60900","60800","60600","74","62","3","17","84","62","341","1257","1","505","101","1","88","361","101","366","46","244","608","134","2406","2050","0","0","0","0","0","-60800","5","-100.00","761","5","0","0","0","","0","0","0","","",""
"080026","0001","0","61700","61800","61900","62000","62100","62200","62300","62400","62500","62600","61600","61500","61400","61300","61200","61100","61000","60900","60800","60600","74","62","3","17","84","62","341","1258","1","505","101","1","88","361","101","366","46","244","608","134","2407","2050","0","0","0","0","0","-60800","5","-100.00","761","1","0","0","0","","0","0","0","","",""
"080026","0002","0","61700","61800","61900","62000","62100","62200","62300","62400","62500","62600","61600","61500","61400","61300","61200","61100","61000","60900","60800","60700","74","62","3","17","84","62","341","1258","1","505","101","1","88","361","101","366","47","244","608","19","2407","1936","0","0","0","0","0","-60800","5","-100.00","761","0","-114","0","0","","0","0","0","","",""
"080027","0000","0","61700","61800","61900","62000","62100","62200","62300","62400","62500","62600","61600","61500","61400","61300","61200","61100","61000","60900","60800","60700","74","62","3","17","84","62","341","1258","1","505","100","1","88","361","101","366","47","244","608","19","2407","1935","0","0","0","0","0","-60800","5","-100.00","762","0","-1","0","0","","0","0","0","","",""
"080027","0001","0","61800","61900","62000","62100","62200","62300","62400","62500","62600","62700","61700","61600","61500","61400","61300","61200","61100","61000","60900","60800","62","3","17","84","62","341","1258","1","515","51","100","100","1","88","361","101","366","47","244","608","2394","2016","0","0","0","0","0","-60800","5","-100.00","836","-13","81","0","0","","0","0","0","","",""
"080027","0002","0","61900","62000","62100","62200","62300","62400","62500","62600","62700","62800","61800","61700","61600","61500","61400","61300","61200","61100","61000","60900","3","17","84","62","341","1258","1","515","51","172","18","73","100","1","88","361","101","366","47","244","2504","1399","0","0","0","0","0","-60800","5","-100.00","910","110","-617","0","0","","0","0","0","","",""
"080027","0003","0","61900","62000","62100","62200","62300","62400","62500","62600","62700","62800","61800","61700","61600","61500","61400","61300","61200","61100","61000","60900","3","17","84","62","341","1258","1","515","51","172","8","73","100","1","88","361","101","366","47","244","2504","1389","0","0","0","0","0","-60800","5","-100.00","920","0","-10","0","0","","0","0","0","","",""
"080027","0004","0","61900","62000","62100","62200","62300","62400","62500","62600","62700","62800","61800","61700","61600","61500","61400","61300","61200","61100","61000","60900","33","17","84","62","341","1258","1","515","51","172","8","73","100","1","88","361","101","366","47","244","2534","1389","0","0","0","0","0","-60800","5","-100.00","920","30","0","0","0","","0","0","0","","",""
"080028","0000","0","61900","62000","62100","62200","62300","62400","62500","62600","62700","62800","61800","61700","61600","61500","61400","61300","61200","61100","61000","60900","33","17","84","62","341","1258","1","515","51","172","8","123","100","1","88","361","101","366","47","245","2534","1440","0","0","0","0","0","-60800","5","-100.00","920","0","51","0","0","","0","0","0","","",""
"080028","0001","0","61900","62000","62100","62200","62300","62400","62500","62600","62700","62800","61800","61700","61600","61500","61400","61300","61200","61100","61000","60900","33","17","84","62","341","1258","1","515","51","174","8","123","100","1","88","361","101","366","47","245","2536","1440","0","0","0","0","0","-60800","5","-100.00","920","2","0","0","0","","0","0","0","","",""
"080029","0000","0","61900","62000","62100","62200","62300","62400","62500","62600","62700","62800","61800","61700","61600","61500","61400","61300","61200","61100","61000","60900","33","17","84","62","341","1258","1","515","51","174","8","123","102","1","88","361","101","366","47","245","2536","1442","0","0","0","0","0","-60800","5","-100.00","920","0","2","0","0","","0","0","0","","",""
"080029","0001","0","61900","62000","62100","62200","62300","62400","62500","62600","62700","62800","61800","61700","61600","61500","61400","61300","61200","61100","61000","60900","33","17","84","62","341","1258","11","515","51","174","58","123","102","1","88","361","101","366","47","245","2546","1492","0","0","0","0","0","-60800","5","-100.00","920","10","50","0","0","","0","0","0","","",""
"080030","0000","0","61900","62000","62100","62200","62300","62400","62500","62600","62700","62800","61800","61700","61600","61500","61400","61300","61200","61100","61000","60900","33","17","84","62","341","1258","11","515","51","174","107","123","102","1","88","361","101","366","47","245","2546","1541","0","0","0","0","0","-60800","5","-100.00","920","0","49","0","0","","0","0","0","","",""
"080030","0001","0","61900","62000","62100","62200","62300","62400","62500","62600","62700","62800","61800","61700","61600","61500","61400","61300","61200","61100","61000","60900","37","17","84","62","341","1258","11","515","51","174","107","123","102","1","88","361","101","366","47","245","2550","1541","0","0","0","0","0","-60800","5","-100.00","920","4","0","0","0","","0","0","0","","",""
"080030","0002","0","62000","62100","62200","62300","62400","62500","62600","62700","62800","62900","61900","61800","61700","61600","61500","61400","61300","61200","61100","61000","17","84","62","341","1258","11","515","51","174","2","12","112","123","102","1","88","361","101","366","47","2515","1313","0","0","0","0","0","-60800","5","-100.00","958","0","4","0","0","","0","0","0","","",""
"080030","0003","0","62000","62100","62200","62300","62400","62500","62600","62700","62800","62900","61900","61800","61700","61600","61500","61400","61300","61200","61100","61000","17","84","62","341","1258","11","515","51","174","2","12","149","123","102","1","88","361","101","366","47","2515","1350","0","0","0","0","0","-60800","5","-100.00","958","0","37","0","0","","0","0","0","","",""
"080031","0000","0","62000","62100","62200","62300","62400","62500","62600","62700","62800","62900","61900","61800","61700","61600","61500","61400","61300","61200","61100","61000","17","84","62","341","1258","11","515","51","174","2","12","149","123","102","1","88","361","101","376","47","2515","1360","0","0","0","0","0","-60800","5","-100.00","958","0","10","0","0","","0","0","0","","",""
"080031","0001","0","62000","62100","62200","62300","62400","62500","62600","62700","62800","62900","61900","61800","61700","61600","61500","61400","61300","61200","61100","61000","17","84","62","341","1258","11","515","51","174","2","49","149","123","102","1","88","361","101","376","47","2515","1397","0","0","0","0","0","-60800","5","-100.00","958","0","37","0","0","","0","0","0","","",""
"080032","0000","0","62000","62100","62200","62300","62400","62500","62600","62700","62800","62900","61900","61800","61700","61600","61500","61400","61300","61200","61100","61000","17","84","62","341","1258","11","515","51","174","2","29","149","123","102","1","88","361","101","376","47","2515","1377","0","0","0","0","0","-60800","5","-100.00","978","0","-20","0","0","","0","0","0","","",""
"080032","0001","0","62000","62100","62200","62300","62400","62500","62600","62700","62800","62900","61900","61800","61700","61600","61500","61400","61300","61200","61100","61000","17","84","62","391","1258","16","515","51","174","2","29","149","123","102","1","88","361","101","376","47","2570","1377","0","0","0","0","0","-60800","5","-100.00","978","50","0","0","0","","0","0","0","","",""
"080032","0002","0","61900","62000","62100","62200","62300","62400","62500","62600","62700","62800","61800","61700","61600","61500","61400","61300","61200","61100","61000","60900","171","17","84","62","391","1258","16","515","51","174","149","123","102","1","88","361","101","376","47","245","2739","1593","0","0","0","0","0","-60800","5","-100.00","1007","169","216","0","0","","0","0","0","","",""
"080032","0003","0","61900","62000","62100","62200","62300","62400","62500","62600","62700","62800","61800","61700","61600","61500","61400","61300","61200","61100","61000","60900","171","17","84","62","391","1258","16","515","51","174","152","123","102","1","88","361","101","376","47","245","2739","1596","0","0","0","0","0","-60800","5","-100.00","1007","0","3","0","0","","0","0","0","","",""
"080033","0000","0","61900","62000","62100","62200","62300","62400","62500","62600","62700","62800","61800","61700","61600","61500","61400","61300","61200","61100","61000","60900","171","17","84","62","391","1258","16","515","51","174","152","123","102","1","88","361","51","376","47","245","2739","1546","0","0","0","0","0","-60800","5","-100.00","1007","0","-50","0","0","","0","0","0","","",""
"080034","0000","0","61900","62000","62100","62200","62300","62400","62500","62600","62700","62800","61800","61700","61600","61500","61400","61300","61200","61100","61000","60900","171","117","84","62","391","1258","16","515","51","174","152","123","102","1","88","361","51","376","47","245","2839","1546","0","0","0","0","0","-60800","5","-100.00","1007","100","0","0","0","","0","0","0","","",""
"080034","0001","0","61900","62000","62100","62200","62300","62400","62500","62600","62700","62800","61800","61700","61600","61500","61400","61300","61200","61100","61000","60900","171","121","84","62","391","1258","16","515","51","174","152","123","102","1","88","361","51","376","47","245","2843","1546","0","0","0","0","0","-60800","5","-100.00","1007","4","0","0","0","","0","0","0","","",""
"080034","0002","0","61900","62000","62100","62200","62300","62400","62500","62600","62700","62800","61800","61700","61600","61500","61400","61300","61200","61100","61000","60900","171","121","84","62","391","1258","16","515","51","174","103","123","102","1","88","361","51","376","47","245","2843","1497","0","0","0","0","0","-60800","5","-100.00","1007","0","-49","0","0","","0","0","0","","",""
"080035","0000","0","61900","62000","62100","62200","62300","62400","62500","62600","62700","62800","61800","61700","61600","61500","61400","61300","61200","61100","61000","60900","171","221","84","62","391","1258","16","515","51","174","103","123","102","1","88","361","51","376","47","245","2943","1497","0","0","0","0","0","-60800","5","-100.00","1007","100","0","0","0","","0","0","0","","",""
"080035","0001","0","61900","62000","62100","62200","62300","62400","62500","62600","62700","62800","61800","61700","61600","61500","61400","61300","61200","61100","61000","60900","171","221","84","62","391","1258","16","515","51","174","66","123","102","1","88","361","51","376","47","245","2943","1460","0","0","0","0","0","-60800","5","-100.00","1007","0","-37","0","0","","0","0","0","","",""
"080035","0002","0","61900","62000","62100","62200","62300","62400","62500","62600","62700","62800","61800","61700","61600","61500","61400","61300","61200","61100","61000","60900","171","221","84","62","391","1308","16","515","51","174","66","123","102","1","88","361","51","376","47","245","2993","1460","0","0","0","0","0","-60800","5","-100.00","1007","50","0","0","0","","0","0","0","","",""
"080036","0000","0","61900","62000","62100","62200","62300","62400","62500","62600","62700","62800","61800","61700","61600","61500","61400","61300","61200","61100","61000","60900","171","222","84","62","391","1308","16","515","51","174","66","123","102","1","88","361","51","376","47","245","2994","1460","0","0","0","0","0","-60800","5","-100.00","1007","1","0","0","0","","0","0","0","","",""
"080036","0001","0","61900","62000","62100","62200","62300","62400","62500","62600","62700","62800","61800","61700","61600","61500","61400","61300","61200","61100","61000","60900","140","222","84","65","391","1308","16","515","51","174","66","123","102","1","88","361","51","376","47","245","2966","1460","0","0","0","0","0","-60800","5","-100.00","1038","-31","0","0","0","","0","0","0","","",""
"080036","0002","0","61900","62000","62100","62200","62300","62400","62500","62600","62700","62800","61800","61700","61600","61500","61400","61300","61200","61100","61000","60900","140","222","84","65","391","1308","16","515","51","174","58","123","102","1","88","361","51","376","47","245","2966","1452","0","0","0","0","0","-60800","5","-100.00","1046","0","-8","0","0","","0","0","0","","",""
"080037","0000","0","61900","62000","62100","62200","62300","62400","62500","62600","62700","62800","61800","61700","61600","61500","61400","61300","61200","61100","61000","60900","140","222","84","65","394","1308","16","515","51","174","18","123","102","1","88","361","51","376","47","245","2969","1412","0","0","0","0","0","-60800","5","-100.00","1086","3","-40","0","0","","0","0","0","","",""
"080037","0001","0","61900","62000","62100","62200","62300","62400","62500","62600","62700","62800","61800","61700","61600","61500","61400","61300","61200","61100","61000","60900","146","222","84","65","394","1308","16","515","51","174","18","123","102","1","88","361","51","376","47","245","2975","1412","0","0","0","0","0","-60800","5","-100.00","1086","6","0","0","0","","0","0","0","","",""
"080037","0002","0","61900","62000","62100","62200","62300","62400","62500","62600","62700","62800","61800","61700","61600","61500","61400","61300","61200","61100","61000","60900","226","222","84","65","394","1308","16","515","51","174","18","50","102","1","88","361","51","376","47","245","3055","1339","0","0","0","0","0","-60800","5","-100.00","1106","100","-15","0","0","","0","0","0","","",""
"080038","0000","0","61900","62000","62100","62200","62300","62400","62500","62600","62700","62800","61800","61700","61600","61500","61400","61300","61200","61100","61000","60900","126","222","84","65","394","1311","56","515","51","174","18","50","102","1","88","361","51","376","47","245","2998","1339","0","0","0","0","0","-60800","5","-100.00","1206","-100","0","0","0","","0","0","0","","",""
"080038","0001","0","61900","62000","62100","62200","62300","62400","62500","62600","62700","62800","61800","61700","61600","61500","61400","61300","61200","61100","61000","60900","126","222","84","65","394","1311","56","515","51","174","18","50","102","1","118","361","51","376","47","245","2998","1369","0","0","0","0","0","-60800","5","-100.00","1206","0","30","0","0","","0","0","0","","",""
"080038","0002","0","61900","62000","62100","62200","62300","62400","62500","62600","62700","62800","61800","61700","61600","61500","61400","61300","61200","61100","61000","60900","126","222","94","65","394","1311","56","515","51","174","18","50","102","1","118","361","51","376","47","245","3008","1369","0","0","0","0","0","-60800","5","-100.00","1206","10","0","0","0","","0","0","0","","",""
"080038","0003","0","61900","62000","62100","62200","62300","62400","62500","62600","62700","62800","61800","61700","61600","61500","61400","61300","61200","61100","61000","60900","456","222","94","65","394","1311","56","515","51","174","18","50","102","1","118","361","51","376","47","245","3338","1369","0","0","0","0","0","-60800","5","-100.00","1206","330","0","0","0","","0","0","0","","",""
"080038","0004","0","61900","62000","62100","62200","62300","62400","62500","62600","62700","62800","61800","61700","61600","61500","61400","61300","61200","61100","61000","60900","456","222","94","65","548","1311","59","515","51","174","118","50","102","1","118","361","51","376","47","245","3495","1469","0","0","0","0","0","-60800","5","-100.00","1206","154","0","0","0","","0","0","0","","",""
"080039","0000","0","61900","62000","62100","62200","62300","62400","62500","62600","62700","62800","61800","61700","61600","61500","61400","61300","61200","61100","61000","60900","456","222","94","65","548","1311","109","515","51","174","118","50","102","1","118","361","51","376","47","245","3545","1469","0","0","0","0","0","-60800","5","-100.00","1206","50","0","0","0","","0","0","0","","",""
"080039","0001","0","61900","62000","62100","62200","62300","62400","62500","62600","62700","62800","61800","61700","61600","61500","61400","61300","61200","61100","61000","60900","462","222","94","65","548","1311","109","518","51","174","118","50","102","1","118","361","51","376","47","245","3554","1469","0","0","0","0","0","-60800","5","-100.00","1206","6","0","0","0","","0","0","0","","",""
"080039","0002","0","61900","62000","62100","62200","62300","62400","62500","62600","62700","62800","61800","61700","61600","61500","61400","61300","61200","61100","61000","60900","462","222","94","65","548","1311","109","518","51","174","110","50","102","1","118","361","51","376","47","245","3554","1461","0","0","0","0","0","-60800","5","-100.00","1214","0","-4","0","0","","0","0","0","","",""
"080040","0000","0","61900","62000","62100","62200","62300","62400","62500","62600","62700","62800","61800","61700","61600","61500","61400","61300","61200","61100","61000","60900","462","222","94","65","550","1311","109","518","51","174","106","50","102","1","118","361","51","376","47","245","3556","1457","0","0","0","0","0","-60800","5","-100.00","1218","0","-4","0","0","","0","0","0","","",""
"080040","0001","0","61900","62000","62100","62200","62300","62400","62500","62600","62700","62800","61700","61600","61500","61400","61300","61200","61100","61000","60900","60800","462","222","94","65","550","1311","109","518","51","174","50","102","1","118","361","51","376","47","245","509","3556","1860","0","0","0","0","0","-60800","5","-100.00","1324","0","403","0","0","","0","0","0","","",""
"080040","0002","0","61900","62000","62100","62200","62300","62400","62500","62600","62700","62800","61700","61600","61500","61400","61300","61200","61100","61000","60900","60800","462","222","94","65","550","1311","109","518","51","174","50","102","1","118","361","51","376","47","245","514","3556","1865","0","0","0","0","0","-60800","5","-100.00","1324","0","5","0","0","","0","0","0","","",""
"080040","0003","0","61900","62000","62100","62200","62300","62400","62500","62600","62700","62800","61600","61500","61400","61300","61200","61100","61000","60900","60800","60700","462","222","94","65","550","1311","109","518","51","174","102","1","118","361","51","376","47","245","514","20","3556","1835","0","0","0","0","0","-60800","5","-100.00","1324","0","-30","0","0","","0","0","0","","",""
"080041","0000","0","61900","62000","62100","62200","62300","62400","62500","62600","62700","62800","61600","61500","61400","61300","61200","61100","61000","60900","60800","60700","472","222","94","65","550","1311","109","518","51","174","102","1","118","361","51","376","47","245","514","20","3566","1835","0","0","0","0","0","-60800","5","-100.00","1324","10","0","0","0","","0","0","0","","",""
"080041","0001","0","61900","62000","62100","62200","62300","62400","62500","62600","62700","62800","61600","61500","61400","61300","61200","61100","61000","60900","60800","60700","522","222","94","65","550","1311","109","518","51","174","102","1","118","361","51","376","47","245","514","20","3616","1835","0","0","0","0","0","-60800","5","-100.00","1324","50","0","0","0","","0","0","0","","",""
"080041","0002","0","61900","62000","62100","62200","62300","62400","62500","62600","62700","62800","61600","61500","61400","61300","61200","61100","61000","60900","60800","60700","522","222","94","149","550","1312","109","518","51","174","102","1","118","361","51","476","47","245","514","20","3701","1935","0","0","0","0","0","-60800","5","-100.00","1324","84","0","0","0","","0","0","0","","",""
"080042","0000","0","61900","62000","62100","62200","62300","62400","62500","62600","62700","62800","61600","61500","61400","61300","61200","61100","61000","60900","60800","60700","822","222","94","149","550","1312","109","518","51","174","102","1","118","361","51","476","47","245","514","20","4001","1935","0","0","0","0","0","-60800","5","-100.00","1324","300","0","0","0","","0","0","0","","",""
"080042","0001","0","61900","62000","62100","62200","62300","62400","62500","62600","62700","62800","61600","61500","61400","61300","61200","61100","61000","60900","60800","60700","828","222","94","149","550","1312","109","518","51","174","102","1","118","361","51","476","47","245","514","20","4007","1935","0","0","0","0","0","-60800","5","-100.00","1324","6","0","0","0","","0","0","0","","",""
"080042","0002","0","61900","62000","62100","62200","62300","62400","62500","62600","62700","62800","61700","61600","61500","61400","61300","61200","61100","61000","60900","60800","838","222","94","149","550","1312","109","518","51","174","10","102","1","118","361","51","476","47","245","514","4017","1925","0","0","0","0","0","-60800","5","-100.00","1324","0","-10","0","0","","0","0","0","","",""
"080042","0003","0","61800","61900","62000","62100","62200","62300","62400","62500","62600","62700","61600","61500","61400","61300","61200","61100","61000","60900","60800","60700","10","838","222","94","149","550","1312","109","518","51","95","1","118","361","51","476","47","245","514","20","3853","1928","0","0","0","0","0","-60800","5","-100.00","1341","-164","-7","0","0","","0","0","0","","",""
"080042","0004","0","61800","61900","62000","62100","62200","62300","62400","62500","62600","62700","61600","61500","61400","61300","61200","61100","61000","60900","60800","60700","9","838","222","94","149","550","1312","109","518","51","95","1","118","361","51","476","47","245","514","20","3852","1928","0","0","0","0","0","-60800","5","-100.00","1342","-1","0","0","0","","0","0","0","","",""
"080043","0000","0","61800","61900","62000","62100","62200","62300","62400","62500","62600","62700","61600","61500","61400","61300","61200","61100","61000","60900","60800","60700","14","838","222","94","149","550","1312","109","518","51","97","1","118","361","51","476","47","245","514","20","3857","1930","0","0","0","0","0","-60800","5","-100.00","1342","5","0","0","0","","0","0","0","","",""
"080043","0001","0","61800","61900","62000","62100","62200","62300","62400","62500","62600","62700","61600","61500","61400","61300","61200","61100","61000","60900","60800","60700","14","840","222","94","149","550","1312","109","518","51","97","1","118","361","51","476","47","245","514","20","3859","1930","0","0","0","0","0","-60800","5","-100.00","1342","2","0","0","0","","0","0","0","","",""
"080043","0002","0","61800","61900","62000","62100","62200","62300","62400","62500","62600","62700","61600","61500","61400","61300","61200","61100","61000","60900","60800","60700","9","840","222","94","149","550","1312","109","518","51","92","1","118","361","51","476","47","245","514","20","3854","1925","0","0","0","0","0","-60800","5","-100.00","1347","-5","-5","0","0","","0","0","0","","",""
"080044","0000","0","61800","61900","62000","62100","62200","62300","62400","62500","62600","62700","61600","61500","61400","61300","61200","61100","61000","60900","60800","60700","109","841","222","94","149","550","1312","109","518","51","92","1","118","361","51","476","47","245","514","20","3955","1925","0","0","0","0","0","-60800","5","-100.00","1347","1","0","0","0","","0","0","0","","",""
"080044","0001","0","61800","61900","62000","62100","62200","62300","62400","62500","62600","62700","61600","61500","61400","61300","61200","61100","61000","60900","60800","60700","109","841","222","94","149","550","1312","109","518","51","92","1","118","361","51","576","47","245","514","20","3955","2025","0","0","0","0","0","-60800","5","-100.00","1347","0","100","0","0","","0","0","0","","",""
"080044","0002","0","61800","61900","62000","62100","62200","62300","62400","62500","62600","62700","61600","61500","61400","61300","61200","61100","61000","60900","60800","60700","106","841","222","94","149","550","1312","109","518","51","92","1","118","361","51","576","47","245","514","20","3952","2025","0","0","0","0","0","-60800","5","-100.00","1350","-3","0","0","0","","0","0","0","","",""
"080045","0000","0","61800","61900","62000","62100","62200","62300","62400","62500","62600","62700","61600","61500","61400","61300","61200","61100","61000","60900","60800","60700","106","941","222","94","149","550","1312","109","518","51","92","1","123","361","51","576","47","245","514","20","4052","2030","0","0","0","0","0","-60800","5","-100.00","1350","100","5","0","0","","0","0","0","","",""
"080046","0000","0","61800","61900","62000","62100","62200","62300","62400","62500","62600","62700","61600","61500","61400","61300","61200","61100","61000","60900","60800","60700","104","941","222","94","159","550","1312","109","518","51","92","1","123","361","51","576","47","245","564","20","4060","2080","0","0","0","0","0","-60800","5","-100.00","1352","-2","0","0","0","","0","0","0","","",""
"080046","0001","0","61800","61900","62000","62100","62200","62300","62400","62500","62600","62700","61600","61500","61400","61300","61200","61100","61000","60900","60800","60700","104","941","222","94","159","550","1312","109","518","51","92","1","123","211","51","576","47","245","564","20","4060","1930","0","0","0","0","0","-60800","5","-100.00","1352","0","-150","0","0","","0","0","0","","",""
"080046","0002","0","61800","61900","62000","62100","62200","62300","62400","62500","62600","62700","61600","61500","61400","61300","61200","61100","61000","60900","60800","60700","104","941","222","94","159","550","1312","109","558","51","92","1","123","211","51","576","47","245","564","20","4100","1930","0","0","0","0","0","-60800","5","-100.00","1352","40","0","0","0","","0","0","0","","",""
"080046","0003","0","61800","61900","62000","62100","62200","62300","62400","62500","62600","62700","61600","61500","61400","61300","61200","61100","61000","60900","60800","60700","106","1041","222","94","159","550","1312","109","558","51","93","1","123","211","51","576","47","245","564","20","4202","1931","0","0","0","0","0","-60800","5","-100.00","1352","100","0","0","0","","0","0","0","","",""
"080047","0000","0","61800","61900","62000","62100","62200","62300","62400","62500","62600","62700","61600","61500","61400","61300","61200","61100","61000","60900","60800","60700","105","1041","222","94","159","550","1312","109","558","51","93","1","123","211","51","576","47","245","564","20","4201","1931","0","0","0","0","0","-60800","5","-100.00","1357","4","0","0","0","","0","0","0","","",""
"080047","0001","0","61800","61900","62000","62100","62200","62300","62400","62500","62600","62700","61600","61500","61400","61300","61200","61100","61000","60900","60800","60700","106","1041","222","94","159","550","1312","109","558","51","93","1","123","211","51","576","47","245","564","20","4202","1931","0","0","0","0","0","-60800","5","-100.00","1357","1","0","0","0","","0","0","0","","",""
"080047","0002","0","61800","61900","62000","62100","62200","62300","62400","62500","62600","62700","61600","61500","61400","61300","61200","61100","61000","60900","60800","60700","111","1041","222","95","159","550","1312","109","558","51","94","1","123","211","51","246","47","245","564","20","4208","1602","0","0","0","0","0","-60800","5","-100.00","1357","0","-329","0","0","","0","0","0","","",""
"080047","0003","0","61800","61900","62000","62100","62200","62300","62400","62500","62600","62700","61600","61500","61400","61300","61200","61100","61000","60900","60800","60700","131","1041","222","95","159","550","1313","109","558","51","94","50","123","211","51","246","47","245","564","20","4229","1651","0","0","0","0","0","-60800","5","-100.00","1357","0","49","0","0","","0","0","0","","",""
"080048","0000","0","61800","61900","62000","62100","62200","62300","62400","62500","62600","62700","61600","61500","61400","61300","61200","61100","61000","60900","60800","60700","132","1041","222","95","159","550","1313","459","558","51","94","50","123","211","51","246","47","245","564","20","4580","1651","0","0","0","0","0","-60800","5","-100.00","1357","351","0","0","0","","0","0","0","","",""
"080048","0001","0","61800","61900","62000","62100","62200","62300","62400","62500","62600","62700","61600","61500","61400","61300","61200","61100","61000","60900","60800","60700","316","1041","222","95","159","550","1313","459","558","51","94","50","123","211","51","246","47","245","564","20","4764","1651","0","0","0","0","0","-60800","5","-100.00","1357","184","0","0","0","","0","0","0","","",""
"080049","0000","0","61800","61900","62000","62100","62200","62300","62400","62500","62600","62700","61600","61500","61400","61300","61200","61100","61000","60900","60800","60700","366","1041","222","95","159","550","1313","459","558","51","94","50","123","211","51","246","47","245","564","20","4814","1651","0","0","0","0","0","-60800","5","-100.00","1357","50","0","0","0","","0","0","0","","",""
"080049","0001","0","61800","61900","62000","62100","62200","62300","62400","62500","62600","62700","61600","61500","61400","61300","61200","61100","61000","60900","60800","60700","367","1064","222","95","159","550","1313","459","558","51","94","50","123","211","51","246","47","245","564","20","4838","1651","0","0","0","0","0","-60800","5","-100.00","1357","1","0","0","0","","0","0","0","","",""
"080049","0002","0","61800","61900","62000","62100","62200","62300","62400","62500","62600","62700","61600","61500","61400","61300","61200","61100","61000","60900","60800","60700","377","1064","222","95","159","550","1313","459","558","51","94","50","123","211","51","246","47","245","564","20","4848","1651","0","0","0","0","0","-60800","5","-100.00","1357","10","0","0","0","","0","0","0","","",""
"080050","0000","0","61800","61900","62000","62100","62200","62300","62400","62500","62600","62700","61600","61500","61400","61300","61200","61100","61000","60900","60800","60700","377","1064","222","95","159","550","1313","459","558","51","94","50","127","211","51","246","47","245","564","20","4848","1655","0","0","0","0","0","-60800","5","-100.00","1357","0","4","0","0","","0","0","0","","",""
"080050","0001","0","61800","61900","62000","62100","62200","62300","62400","62500","62600","62700","61600","61500","61400","61300","61200","61100","61000","60900","60800","60700","387","1069","222","95","159","550","1313","459","558","51","94","50","127","211","51","247","47","245","565","20","4863","1657","0","0","0","0","0","-60800","5","-100.00","1357","5","0","0","0","","0","0","0","","",""
"080050","0002","0","61800","61900","62000","62100","62200","62300","62400","62500","62600","62700","61600","61500","61400","61300","61200","61100","61000","60900","60800","60700","400","1069","222","95","159","550","1313","459","558","51","94","50","127","211","51","247","47","245","565","20","4876","1657","0","0","0","0","0","-60800","5","-100.00","1357","13","0","0","0","","0","0","0","","",""
"080051","0000","0","61800","61900","62000","62100","62200","62300","62400","62500","62600","62700","61600","61500","61400","61300","61200","61100","61000","60900","60800","60700","399","1069","222","95","159","550","1313","459","558","51","94","50","127","211","51","247","47","245","565","20","4875","1657","0","0","0","0","0","-60800","5","-100.00","1358","-1","0","0","0","","0","0","0","","",""
"080051","0001","0","61800","61900","62000","62100","62200","62300","62400","62500","62600","62700","61600","61500","61400","61300","61200","61100","61000","60900","60800","60700","239","1069","222","95","159","550","1313","459","558","51","94","50","127","211","51","247","47","245","565","20","4715","1657","0","0","0","0","0","-60800","5","-100.00","1518","-160","0","0","0","","0","0","0","","",""
"080051","0002","0","61800","61900","62000","62100","62200","62300","62400","62500","62600","62700","61600","61500","61400","61300","61200","61100","61000","60900","60800","60700","235","1069","222","95","159","550","1313","459","558","51","94","50","127","211","51","247","47","245","565","20","4711","1657","0","0","0","0","0","-60800","5","-100.00","1522","-4","0","0","0","","0","0","0","","",""
"080052","0000","0","61800","61900","62000","62100","62200","62300","62400","62500","62600","62700","61600","61500","61400","61300","61200","61100","61000","60900","60800","60700","235","1069","222","95","159","550","1313","459","558","51","144","50","127","212","51","247","47","245","565","20","4711","1708","0","0","0","0","0","-60800","5","-100.00","1522","0","51","0","0","","0","0","0","","",""
"080052","0001","0","61800","61900","62000","62100","62200","62300","62400","62500","62600","62700","61600","61500","61400","61300","61200","61100","61000","60900","60800","60700","240","1069","222","95","159","550","1313","459","558","51","144","50","127","212","51","247","47","245","565","20","4716","1708","0","0","0","0","0","-60800","5","-100.00","1522","5","0","0","0","","0","0","0","","",""
"080052","0002","0","61800","61900","62000","62100","62200","62300","62400","62500","62600","62700","61600","61500","61400","61300","61200","61100","61000","60900","60800","60700","241","1069","222","95","159","550","1313","459","558","51","94","50","127","212","51","247","47","245","565","20","4717","1658","0","0","0","0","0","-60800","5","-100.00","1572","1","0","0","0","","0","0","0","","",""
"080052","0003","0","61800","61900","62000","62100","62200","62300","62400","62500","62600","62700","61600","61500","61400","61300","61200","61100","61000","60900","60800","60700","251","1069","222","95","159","550","1313","459","558","51","94","50","127","212","51","247","47","245","565","20","4727","1658","0","0","0","0","0","-60800","5","-100.00","1572","10","0","0","0","","0","0","0","","",""
"080053","0000","0","61800","61900","62000","62100","62200","62300","62400","62500","62600","62700","61600","61500","61400","61300","61200","61100","61000","60900","60800","60700","184","1069","222","95","159","550","1313","499","558","51","94","50","127","212","51","247","47","245","565","20","4700","1658","0","0","0","0","0","-60800","5","-100.00","1639","40","0","0","0","","0","0","0","","",""
"080053","0001","0","61800","61900","62000","62100","62200","62300","62400","62500","62600","62700","61600","61500","61400","61300","61200","61100","61000","60900","60800","60700","184","1069","222","95","159","550","1313","499","558","51","94","50","127","212","52","247","47","245","565","20","4700","1659","0","0","0","0","0","-60800","5","-100.00","1639","0","1","0","0","","0","0","0","","",""
"080054","0000","0","61800","61900","62000","62100","62200","62300","62400","62500","62600","62700","61600","61500","61400","61300","61200","61100","61000","60900","60800","60700","384","1069","222","95","159","550","1313","499","558","51","94","50","127","212","52","247","47","245","565","20","4900","1659","0","0","0","0","0","-60800","5","-100.00","1639","200","0","0","0","","0","0","0","","",""
"080054","0001","0","61800","61900","62000","62100","62200","62300","62400","62500","62600","62700","61600","61500","61400","61300","61200","61100","61000","60900","60800","60700","385","1069","222","95","159","550","1313","499","558","51","94","50","127","212","52","267","47","245","565","20","4901","1679","0","0","0","0","0","-60800","5","-100.00","1639","1","20","0","0","","0","0","0","","",""
"080054","0002","0","61800","61900","62000","62100","62200","62300","62400","62500","62600","62700","61600","61500","61400","61300","61200","61100","61000","60900","60800","60700","382","1069","222","95","159","550","1313","499","558","51","94","50","127","212","52","268","47","245","565","20","4898","1680","0","0","0","0","0","-60800","5","-100.00","1642","-3","0","0","0","","0","0","0","","",""
"080056","0000","0","61800","61900","62000","62100","62200","62300","62400","62500","62600","62700","61600","61500","61400","61300","61200","61100","61000","60900","60800","60700","372","1069","222","95","159","550","1313","499","558","51","94","50","127","212","52","268","47","245","565","20","4888","1680","0","0","0","0","0","-60800","5","-100.00","1652","-10","0","0","0","","0","0","0","","",""
"080056","0001","0","61800","61900","62000","62100","62200","62300","62400","62500","62600","62700","61600","61500","61400","61300","61200","61100","61000","60900","60800","60700","342","1069","222","95","188","550","1313","499","558","51","94","50","127","212","52","268","48","245","565","20","4887","1681","0","0","0","0","0","-60800","5","-100.00","1682","0","1","0","0","","0","0","0","","",""
"080056","0002","0","61900","62000","62100","62200","62300","62400","62500","62600","62700","62800","61800","61600","61500","61400","61300","61200","61100","61000","60900","60800","1069","222","95","188","550","1313","499","558","51","274","658","94","50","127","212","52","268","48","245","565","4819","2319","0","0","0","0","0","-60800","5","-100.00","2024","-68","638","0","0","","0","0","0","","",""
"080056","0003","0","61900","62000","62100","62200","62300","62400","62500","62600","62700","62800","61800","61600","61500","61400","61300","61200","61100","61000","60900","60800","1069","222","95","188","560","1313","499","558","51","274","880","94","50","127","212","52","268","48","245","565","4829","2541","0","0","0","0","0","-60800","5","-100.00","2024","0","1","0","0","","0","0","0","","",""
"080057","0000","0","61900","62000","62100","62200","62300","62400","62500","62600","62700","62800","61800","61600","61500","61400","61300","61200","61100","61000","60900","60800","969","222","95","188","560","1313","499","558","91","274","780","94","50","127","212","52","268","48","245","566","4769","2442","0","0","0","0","0","-60800","5","-100.00","2124","-100","-100","0","0","","0","0","0","","",""
"080057","0001","0","61900","62000","62100","62200","62300","62400","62500","62600","62700","62800","61800","61600","61500","61400","61300","61200","61100","61000","60900","60800","969","222","95","188","560","1313","499","558","311","274","779","94","50","127","212","52","268","48","245","566","4989","2441","0","0","0","0","0","-60800","5","-100.00","2125","0","-1","0","0","","0","0","0","","",""
"080057","0002","0","61900","62000","62100","62200","62300","62400","62500","62600","62700","62800","61800","61600","61500","61400","61300","61200","61100","61000","60900","60800","969","222","95","188","560","1313","499","558","311","274","779","94","50","127","212","152","268","48","245","566","4989","2541","0","0","0","0","0","-60800","5","-100.00","2125","0","100","0","0","","0","0","0","","",""
"080057","0003","0","61900","62000","62100","62200","62300","62400","62500","62600","62700","62800","61800","61600","61500","61400","61300","61200","61100","61000","60900","60800","969","222","95","188","560","1313","499","558","311","274","789","94","50","127","212","152","268","48","246","566","4989","2552","0","0","0","0","0","-60800","5","-100.00","2125","0","11","0","0","","0","0","0","","",""
"080058","0000","0","61900","62000","62100","62200","62300","62400","62500","62600","62700","62800","61800","61600","61500","61400","61300","61200","61100","61000","60900","60800","969","222","95","188","560","1313","499","558","311","274","788","94","50","127","212","152","268","48","246","566","4989","2551","0","0","0","0","0","-60800","5","-100.00","2126","0","-1","0","0","","0","0","0","","",""
"080058","0001","0","61900","62000","62100","62200","62300","62400","62500","62600","62700","62800","61800","61600","61500","61400","61300","61200","61100","61000","60900","60800","973","222","95","188","560","1313","499","558","311","274","838","94","50","127","212","152","268","48","246","566","4993","2601","0","0","0","0","0","-60800","5","-100.00","2126","4","50","0","0","","0","0","0","","",""
"080058","0002","0","61900","62000","62100","62200","62300","62400","62500","62600","62700","62800","61800","61600","61500","61400","61300","61200","61100","61000","60900","60800","973","222","95","188","560","1313","499","558","311","274","828","97","50","127","212","152","271","48","246","566","4993","2597","0","0","0","0","0","-60800","5","-100.00","2136","0","3","0","0","","0","0","0","","",""
"080058","0003","0","61900","62000","62100","62200","62300","62400","62500","62600","62700","62800","61800","61600","61500","61400","61300","61200","61100","61000","60900","60800","973","222","95","188","560","1313","499","558","311","274","828","97","50","127","212","152","271","48","246","567","4993","2598","0","0","0","0","0","-60800","5","-100.00","2136","0","1","0","0","","0","0","0","","",""
"080059","0000","0","61900","62000","62100","62200","62300","62400","62500","62600","62700","62800","61800","61600","61500","61400","61300","61200","61100","61000","60900","60800","997","222","95","188","560","1313","499","558","311","274","828","97","50","127","212","152","271","48","247","567","5017","2599","0","0","0","0","0","-60800","5","-100.00","2136","24","1","0","0","","0","0","0","","",""
"080100","0000","0","61900","62000","62100","62200","62300","62400","62500","62600","62700","62800","61800","61600","61500","61400","61300","61200","61100","61000","60900","60800","997","222","95","188","560","1313","499","558","311","274","838","97","50","127","212","152","271","48","247","567","5017","2609","0","0","0","0","0","-60800","5","-100.00","2136","0","10","0","0","","0","0","0","","",""
"080101","0000","0","61900","62000","62100","62200","62300","62400","62500","62600","62700","62800","61800","61600","61500","61400","61300","61200","61100","61000","60900","60800","997","222","95","214","560","1313","499","558","311","274","778","97","50","127","212","152","271","48","247","567","5043","2549","0","0","0","0","0","-60800","5","-100.00","2196","26","-60","0","0","","0","0","0","","",""
"080101","0001","0","61900","62000","62100","62200","62300","62400","62500","62600","62700","62800","61800","61600","61500","61400","61300","61200","61100","61000","60900","60800","997","222","95","214","560","1313","499","558","311","274","783","97","50","127","212","152","271","48","247","567","5043","2554","0","0","0","0","0","-60800","5","-100.00","2196","0","5","0","0","","0","0","0","","",""
"080101","0002","0","61900","62000","62100","62200","62300","62400","62500","62600","62700","62800","61800","61600","61500","61400","61300","61200","61100","61000","60900","60800","998","222","95","214","560","1313","499","558","311","274","766","97","50","127","212","152","271","48","247","567","5044","2537","0","0","0","0","0","-60800","5","-100.00","2213","1","0","0","0","","0","0","0","","",""
"080102","0000","0","61900","62000","62100","62200","62300","62400","62500","62600","62700","62800","61800","61600","61500","61400","61300","61200","61100","61000","60900","60800","1001","222","95","214","560","1313","499","558","311","274","746","97","50","127","212","152","271","48","247","567","5047","2517","0","0","0","0","0","-60800","5","-100.00","2223","0","-20","0","0","","0","0","0","","",""
"080102","0001","0","61900","62000","62100","62200","62300","62400","62500","62600","62700","62800","61800","61600","61500","61400","61300","61200","61100","61000","60900","60800","951","222","95","214","560","1313","499","558","311","274","696","97","50","127","212","152","271","48","247","567","4997","2467","0","0","0","0","0","-60800","5","-100.00","2273","-50","-50","0","0","","0","0","0","","",""
"080102","0002","0","61900","62000","62100","62200","62300","62400","62500","62600","62700","62800","61800","61600","61500","61400","61300","61200","61100","61000","60900","60800","951","222","95","214","560","1313","499","558","311","274","696","97","50","127","212","152","271","48","247","567","4997","2467","0","0","0","0","0","-60800","5","-100.00","2273","0","0","0","0","","0","0","0","","",""
"080102","0003","0","61900","62000","62100","62200","62300","62400","62500","62600","62700","62800","61800","61600","61500","61400","61300","61200","61100","61000","60900","60800","951","222","95","214","560","1333","499","558","311","274","696","97","50","127","212","152","271","48","247","567","5017","2467","0","0","0","0","0","-60800","5","-100.00","2273","20","0","0","0","","0","0","0","","",""
"080103","0000","0","61900","62000","62100","62200","62300","62400","62500","62600","62700","62800","61800","61600","61500","61400","61300","61200","61100","61000","60900","60800","657","222","95","214","560","1333","499","558","311","274","353","97","50","127","212","152","271","48","247","567","4723","2124","0","0","0","0","0","-60800","5","-100.00","2619","-300","-343","0","0","","0","0","0","","",""
"080103","0001","0","61900","62000","62100","62200","62300","62400","62500","62600","62700","62800","61800","61600","61500","61400","61300","61200","61100","61000","60900","60800","657","222","95","214","560","1333","499","558","311","274","353","97","50","127","212","152","271","49","247","567","4723","2125","0","0","0","0","0","-60800","5","-100.00","2619","0","1","0","0","","0","0","0","","",""
"080104","0000","0","61900","62000","62100","62200","62300","62400","62500","62600","62700","62800","61800","61600","61500","61400","61300","61200","61100","61000","60900","60800","657","222","95","214","565","1333","499","558","311","314","353","97","50","127","212","152","271","49","247","567","4768","2125","0","0","0","0","0","-60800","5","-100.00","2619","5","0","0","0","","0","0","0","","",""
"080104","0001","0","61900","62000","62100","62200","62300","62400","62500","62600","62700","62800","61800","61600","61500","61400","61300","61200","61100","61000","60900","60800","457","222","95","214","565","1333","499","558","311","314","353","97","50","127","212","152","271","49","247","567","4568","2125","0","0","0","0","0","-60800","5","-100.00","2819","-200","0","0","0","","0","0","0","","",""
"080104","0002","0","61900","62000","62100","62200","62300","62400","62500","62600","62700","62800","61800","61600","61500","61400","61300","61200","61100","61000","60900","60800","457","222","95","214","565","1333","499","558","311","314","253","97","50","127","212","152","271","49","247","567","4568","2025","0","0","0","0","0","-60800","5","-100.00","2919","0","-100","0","0","","0","0","0","","",""
"080104","0003","0","61900","62000","62100","62200","62300","62400","62500","62600","62700","62800","61800","61600","61500","61400","61300","61200","61100","61000","60900","60800","343","222","95","214","565","1333","499","558","311","314","253","97","50","127","212","152","271","49","247","567","4454","2025","0","0","0","0","0","-60800","5","-100.00","3033","-114","0","0","0","","0","0","0","","",""
"080105","0000","0","61900","62000","62100","62200","62300","62400","62500","62600","62700","62800","61800","61600","61500","61400","61300","61200","61100","61000","60900","60800","243","222","95","214","565","1333","499","558","311","314","253","97","50","127","212","152","271","49","247","567","4354","2025","0","0","0","0","0","-60800","5","-100.00","3033","-100","0","0","0","","0","0","0","","",""
"080105","0001","0","61900","62000","62100","62200","62300","62400","62500","62600","62700","62800","61800","61600","61500","61400","61300","61200","61100","61000","60900","60800","243","222","95","214","565","1333","499","558","311","314","243","97","50","127","212","152","271","49","247","567","4354","2015","0","0","0","0","0","-60800","5","-100.00","3043","0","-10","0","0","","0","0","0","","",""
"080105","0002","0","61900","62000","62100","62200","62300","62400","62500","62600","62700","62800","61800","61600","61500","61400","61300","61200","61100","61000","60900","60800","243","222","95","214","565","1333","499","558","311","314","262","97","50","127","212","152","272","49","247","567","4354","2035","0","0","0","0","0","-60800","5","-100.00","3044","0","1","0","0","","0","0","0","","",""
"080106","0000","0","61900","62000","62100","62200","62300","62400","62500","62600","62700","62800","61800","61700","61600","61500","61400","61300","61200","61100","61000","60900","243","222","95","214","565","1333","499","558","311","314","78","10","97","50","127","212","152","272","49","247","4354","1294","0","0","0","0","0","-60800","5","-100.00","3253","0","-741","0","0","","0","0","0","","",""
"080107","0000","0","61900","62000","62100","62200","62300","62400","62500","62600","62700","62800","61800","61700","61600","61500","61400","61300","61200","61100","61000","60900","248","222","95","214","565","1333","499","558","311","314","128","10","97","50","127","212","152","272","49","247","4359","1344","0","0","0","0","0","-60800","5","-100.00","3253","5","0","0","0","","0","0","0","","",""
"080108","0000","0","61900","62000","62100","62200","62300","62400","62500","62600","62700","62800","61800","61700","61600","61500","61400","61300","61200","61100","61000","60900","248","222","95","214","565","1333","499","558","311","318","133","10","97","50","127","212","152","272","49","247","4363","1349","0","0","0","0","0","-60800","5","-100.00","3253","4","5","0","0","","0","0","0","","",""
"080108","0001","0","61900","62000","62100","62200","62300","62400","62500","62600","62700","62800","61800","61700","61600","61500","61400","61300","61200","61100","61000","60900","248","222","95","214","565","1333","579","558","311","318","133","10","97","50","127","212","152","272","49","247","4443","1349","0","0","0","0","0","-60800","5","-100.00","3253","80","0","0","0","","0","0","0","","",""
"080108","0002","0","61900","62000","62100","62200","62300","62400","62500","62600","62700","62800","61800","61700","61600","61500","61400","61300","61200","61100","61000","60900","268","222","95","214","565","1333","599","558","311","318","133","10","97","50","127","212","152","272","49","247","4483","1349","0","0","0","0","0","-60800","5","-100.00","3253","20","0","0","0","","0","0","0","","",""
"080109","0000","0","61900","62000","62100","62200","62300","62400","62500","62600","62700","62800","61800","61700","61600","61500","61400","61300","61200","61100","61000","60900","272","222","95","214","565","1333","599","558","311","318","133","10","97","50","127","212","153","272","49","247","4487","1350","0","0","0","0","0","-60800","5","-100.00","3253","0","1","0","0","","0","0","0","","",""
"080109","0001","0","61900","62000","62100","62200","62300","62400","62500","62600","62700","62800","61800","61700","61600","61500","61400","61300","61200","61100","61000","60900","277","222","95","214","565","1333","599","558","311","318","133","10","97","50","127","212","153","272","49","247","4492","1350","0","0","0","0","0","-60800","5","-100.00","3253","5","0","0","0","","0","0","0","","",""
"080110","0000","0","61900","62000","62100","62200","62300","62400","62500","62600","62700","62800","61800","61700","61600","61500","61400","61300","61200","61100","61000","60900","277","222","95","214","565","1333","599","558","311","318","133","10","97","50","227","212","153","272","49","247","4492","1450","0","0","0","0","0","-60800","5","-100.00","3253","0","100","0","0","","0","0","0","","",""
"080110","0001","0","61900","62000","62100","62200","62300","62400","62500","62600","62700","62800","61800","61700","61600","61500","61400","61300","61200","61100","61000","60900","272","222","95","214","565","1333","599","558","311","318","133","10","97","50","227","212","153","272","49","247","4487","1450","0","0","0","0","0","-60800","5","-100.00","3258","-5","0","0","0","","0","0","0","","",""
"080110","0002","0","61900","62000","62100","62200","62300","62400","62500","62600","62700","62800","61800","61700","61600","61500","61400","61300","61200","61100","61000","60900","282","222","95","214","565","1333","599","558","311","318","33","10","97","50","227","212","153","272","49","247","4497","1350","0","0","0","0","0","-60800","5","-100.00","3358","0","-100","0","0","","0","0","0","","",""
"080111","0000","0","61900","62000","62100","62200","62300","62400","62500","62600","62700","62800","61800","61700","61600","61500","61400","61300","61200","61100","61000","60900","282","222","95","214","565","1333","599","558","311","318","33","10","97","50","227","213","153","272","49","247","4497","1351","0","0","0","0","0","-60800","5","-100.00","3358","0","1","0","0","","0","0","0","","",""
"080112","0000","0","61900","62000","62100","62200","62300","62400","62500","62600","62700","62800","61800","61700","61600","61500","61400","61300","61200","61100","61000","60900","482","222","95","214","565","1333","599","558","311","318","23","10","97","50","227","213","153","272","49","247","4697","1341","0","0","0","0","0","-60800","5","-100.00","3368","200","0","0","0","","0","0","0","","",""
"080112","0001","0","61900","62000","62100","62200","62300","62400","62500","62600","62700","62800","61800","61700","61600","61500","61400","61300","61200","61100","61000","60900","482","222","95","214","565","1333","599","558","311","318","23","10","147","50","227","213","153","272","49","247","4697","1391","0","0","0","0","0","-60800","5","-100.00","3368","0","50","0","0","","0","0","0","","",""
"080112","0002","0","61900","62000","62100","62200","62300","62400","62500","62600","62700","62800","61800","61700","61600","61500","61400","61300","61200","61100","61000","60900","482","222","95","214","565","1333","599","558","311","318","20","10","147","50","227","213","153","272","49","247","4697","1388","0","0","0","0","0","-60800","5","-100.00","3371","0","-3","0","0","","0","0","0","","",""
"080113","0000","0","61900","62000","62100","62200","62300","62400","62500","62600","62700","62800","61800","61600","61500","61400","61300","61200","61100","61000","60900","60800","482","222","95","214","565","1333","599","558","311","318","5","137","50","227","213","153","272","49","247","568","4697","1921","0","0","0","0","0","-60800","5","-100.00","3411","0","-16","0","0","","0","0","0","","",""
"080113","0001","0","61800","61900","62000","62100","62200","62300","62400","62500","62600","62700","61600","61500","61400","61300","61200","61100","61000","60900","60800","60700","45","482","222","95","214","565","1333","599","558","311","137","51","227","213","153","272","49","247","568","21","4424","1938","0","0","0","0","0","-60800","5","-100.00","3416","-273","17","0","0","","0","0","0","","",""
"080113","0002","0","61800","61900","62000","62100","62200","62300","62400","62500","62600","62700","61600","61500","61400","61300","61200","61100","61000","60900","60800","60700","55","485","222","95","216","565","1333","599","558","311","137","51","227","213","153","272","49","247","568","21","4439","1938","0","0","0","0","0","-60800","5","-100.00","3416","15","0","0","0","","0","0","0","","",""
"080113","0003","0","61800","61900","62000","62100","62200","62300","62400","62500","62600","62700","61600","61500","61400","61300","61200","61100","61000","60900","60800","60700","22","485","222","95","216","565","1333","599","558","311","137","51","227","213","153","272","49","247","568","21","4406","1938","0","0","0","0","0","-60800","5","-100.00","3449","-32","0","0","0","","0","0","0","","",""
"080113","0004","0","61800","61900","62000","62100","62200","62300","62400","62500","62600","62700","61600","61500","61400","61300","61200","61100","61000","60900","60800","60700","12","485","222","95","216","565","1333","599","558","311","137","51","227","213","153","272","49","247","568","21","4396","1938","0","0","0","0","0","-60800","5","-100.00","3459","-10","0","0","0","","0","0","0","","",""
"080114","0000","0","61800","61900","62000","62100","62200","62300","62400","62500","62600","62700","61600","61500","61400","61300","61200","61100","61000","60900","60800","60700","12","485","222","95","216","565","1333","599","558","311","137","51","228","213","153","272","49","247","568","21","4396","1939","0","0","0","0","0","-60800","5","-100.00","3459","0","1","0","0","","0","0","0","","",""
"080114","0001","0","61800","61900","62000","62100","62200","62300","62400","62500","62600","62700","61600","61500","61400","61300","61200","61100","61000","60900","60800","60700","12","485","225","95","216","565","1333","599","558","311","137","51","228","213","153","272","49","247","568","21","4399","1939","0","0","0","0","0","-60800","5","-100.00","3459","3","0","0","0","","0","0","0","","",""
"080115","0000","0","61800","61900","62000","62100","62200","62300","62400","62500","62600","62700","61600","61500","61400","61300","61200","61100","61000","60900","60800","60700","17","485","225","95","216","565","1333","599","578","311","137","51","228","213","153","272","49","247","568","21","4424","1939","0","0","0","0","0","-60800","5","-100.00","3459","20","0","0","0","","0","0","0","","",""
"080115","0001","0","61800","61900","62000","62100","62200","62300","62400","62500","62600","62700","61600","61500","61400","61300","61200","61100","61000","60900","60800","60700","105","485","225","95","216","565","1333","599","578","311","137","51","228","213","153","272","49","247","568","21","4512","1939","0","0","0","0","0","-60800","5","-100.00","3459","87","0","0","0","","0","0","0","","",""
"080116","0000","0","61800","61900","62000","62100","62200","62300","62400","62500","62600","62700","61600","61500","61400","61300","61200","61100","61000","60900","60800","60700","105","485","425","95","216","565","1333","599","578","311","137","51","228","213","153","272","50","247","568","21","4712","1940","0","0","0","0","0","-60800","5","-100.00","3459","200","0","0","0","","0","0","0","","",""
"080116","0001","0","61800","61900","62000","62100","62200","62300","62400","62500","62600","62700","61600","61500","61400","61300","61200","61100","61000","60900","60800","60700","272","535","425","95","216","565","1333","599","578","311","137","51","228","213","153","272","50","247","568","21","4929","1940","0","0","0","0","0","-60800","5","-100.00","3460","50","0","0","0","","0","0","0","","",""
"080116","0002","0","61800","61900","62000","62100","62200","62300","62400","62500","62600","62700","61600","61500","61400","61300","61200","61100","61000","60900","60800","60700","251","535","425","95","216","565","1333","599","578","311","137","51","228","213","153","272","50","247","568","21","4908","1940","0","0","0","0","0","-60800","5","-100.00","3481","-21","0","0","0","","0","0","0","","",""
"080117","0000","0","61800","61900","62000","62100","62200","62300","62400","62500","62600","62700","61600","61500","61400","61300","61200","61100","61000","60900","60800","60700","253","535","425","95","216","565","1333","599","578","311","137","51","228","213","153","272","50","247","568","21","4910","1940","0","0","0","0","0","-60800","5","-100.00","3481","2","0","0","0","","0","0","0","","",""
"080118","0000","0","61800","61900","62000","62100","62200","62300","62400","62500","62600","62700","61700","61600","61500","61400","61300","61200","61100","61000","60900","60800","253","535","425","95","216","565","1333","599","578","311","1","137","51","228","213","153","272","50","247","568","4910","1920","0","0","0","0","0","-60800","5","-100.00","3481","0","-20","0","0","","0","0","0","","",""
"080118","0001","0","61800","61900","62000","62100","62200","62300","62400","62500","62600","62700","61700","61600","61500","61400","61300","61200","61100","61000","60900","60800","153","535","425","95","216","565","1333","599","578","311","1","137","51","228","213","153","272","50","247","568","4810","1920","0","0","0","0","0","-60800","5","-100.00","3581","-100","0","0","0","","0","0","0","","",""
"080118","0002","0","61800","61900","62000","62100","62200","62300","62400","62500","62600","62700","61700","61600","61500","61400","61300","61200","61100","61000","60900","60800","150","535","425","95","216","565","1333","599","578","311","1","134","51","228","213","153","272","50","247","568","4807","1917","0","0","0","0","0","-60800","5","-100.00","3584","-3","-3","0","0","","0","0","0","","",""
"080119","0000","0","61800","61900","62000","62100","62200","62300","62400","62500","62600","62700","61700","61600","61500","61400","61300","61200","61100","61000","60900","60800","150","535","425","95","216","1045","1333","599","578","311","1","134","52","228","213","153","272","50","247","568","5287","1918","0","0","0","0","0","-60800","5","-100.00","3584","480","0","0","0","","0","0","0","","",""
"080119","0001","0","61800","61900","62000","62100","62200","62300","62400","62500","62600","62700","61700","61600","61500","61400","61300","61200","61100","61000","60900","60800","149","565","425","95","216","1045","1333","599","578","311","1","134","52","228","213","153","272","50","247","568","5316","1918","0","0","0","0","0","-60800","5","-100.00","3585","30","0","0","0","","0","0","0","","",""
"080119","0002","0","61800","61900","62000","62100","62200","62300","62400","62500","62600","62700","61700","61600","61500","61400","61300","61200","61100","61000","60900","60800","149","565","425","95","216","1045","1333","599","578","311","1","133","52","228","213","153","272","50","247","568","5316","1917","0","0","0","0","0","-60800","5","-100.00","3585","0","-2","0","0","","0","0","0","","",""
"080119","0003","0","61800","61900","62000","62100","62200","62300","62400","62500","62600","62700","61700","61600","61500","61400","61300","61200","61100","61000","60900","60800","149","565","425","95","216","1048","1333","599","578","311","1","133","52","228","213","153","272","50","247","568","5319","1917","0","0","0","0","0","-60800","5","-100.00","3585","3","0","0","0","","0","0","0","","",""
"080120","0000","0","61800","61900","62000","62100","62200","62300","62400","62500","62600","62700","61700","61600","61500","61400","61300","61200","61100","61000","60900","60800","149","565","425","295","216","1063","1333","599","578","311","1","133","52","228","213","153","272","50","247","568","5534","1917","0","0","0","0","0","-60800","5","-100.00","3585","215","0","0","0","","0","0","0","","",""
"080120","0001","0","61800","61900","62000","62100","62200","62300","62400","62500","62600","62700","61700","61600","61500","61400","61300","61200","61100","61000","60900","60800","149","567","425","295","216","1063","1333","599","578","311","1","133","52","228","213","153","272","50","252","568","5536","1922","0","0","0","0","0","-60800","5","-100.00","3585","2","5","0","0","","0","0","0","","",""
"080120","0002","0","61800","61900","62000","62100","62200","62300","62400","62500","62600","62700","61700","61600","61500","61400","61300","61200","61100","61000","60900","60800","149","567","425","295","216","1063","1333","599","578","311","1","133","53","228","213","153","272","50","252","568","5536","1923","0","0","0","0","0","-60800","5","-100.00","3585","0","1","0","0","","0","0","0","","",""
"080120","0003","0","61800","61900","62000","62100","62200","62300","62400","62500","62600","62700","61700","61600","61500","61400","61300","61200","61100","61000","60900","60800","152","564","425","295","216","1063","1333","599","578","311","1","133","53","228","213","153","272","50","252","568","5536","1923","0","0","0","0","0","-60800","5","-100.00","3585","0","0","0","0","","0","0","0","","",""
"080121","0000","0","61800","61900","62000","62100","62200","62300","62400","62500","62600","62700","61700","61600","61500","61400","61300","61200","61100","61000","60900","60800","153","564","425","295","216","1063","1333","599","578","331","1","133","53","228","213","153","272","50","252","568","5557","1923","0","0","0","0","0","-60800","5","-100.00","3585","20","0","0","0","","0","0","0","","",""
"080121","0001","0","61800","61900","62000","62100","62200","62300","62400","62500","62600","62700","61700","61600","61500","61400","61300","61200","61100","61000","60900","60800","153","564","425","295","216","1063","1333","599","578","331","101","133","53","228","213","153","272","50","252","568","5557","2023","0","0","0","0","0","-60800","5","-100.00","3585","0","100","0","0","","0","0","0","","",""
"080121","0002","0","61800","61900","62000","62100","62200","62300","62400","62500","62600","62700","61700","61600","61500","61400","61300","61200","61100","61000","60900","60800","471","564","425","295","216","1063","1333","601","578","331","101","133","53","228","213","153","272","50","252","568","5877","2023","0","0","0","0","0","-60800","5","-100.00","3585","318","0","0","0","","0","0","0","","",""
"080122","0000","0","61800","61900","62000","62100","62200","62300","62400","62500","62600","62700","61700","61600","61500","61400","61300","61200","61100","61000","60900","60800","525","564","425","295","216","1063","1333","601","578","331","101","133","53","229","213","153","272","50","252","568","5931","2024","0","0","0","0","0","-60800","5","-100.00","3585","54","1","0","0","","0","0","0","","",""
"080122","0001","0","61800","61900","62000","62100","62200","62300","62400","62500","62600","62700","61700","61600","61500","61400","61300","61200","61100","61000","60900","60800","525","564","425","295","216","1063","1333","601","578","331","101","133","53","229","213","153","274","50","252","568","5931","2026","0","0","0","0","0","-60800","5","-100.00","3585","0","2","0","0","","0","0","0","","",""
"080123","0000","0","61800","61900","62000","62100","62200","62300","62400","62500","62600","62700","61700","61600","61500","61400","61300","61200","61100","61000","60900","60800","523","564","425","295","216","1063","1333","601","578","331","101","134","53","229","213","153","274","50","252","568","5929","2027","0","0","0","0","0","-60800","5","-100.00","3587","-2","1","0","0","","0","0","0","","",""
"080123","0001","0","61800","61900","62000","62100","62200","62300","62400","62500","62600","62700","61700","61600","61500","61400","61300","61200","61100","61000","60900","60800","533","564","425","295","216","1063","1333","601","578","331","101","134","53","229","214","153","274","50","252","568","5939","2028","0","0","0","0","0","-60800","5","-100.00","3597","20","0","0","0","","0","0","0","","",""
"080123","0002","0","61800","61900","62000","62100","62200","62300","62400","62500","62600","62700","61700","61600","61500","61400","61300","61200","61100","61000","60900","60800","613","564","425","295","416","1063","1333","601","578","331","186","134","53","229","214","153","274","50","252","568","6219","2113","0","0","0","0","0","-60800","5","-100.00","3597","30","85","0","0","","0","0","0","","",""
"080124","0000","0","61800","61900","62000","62100","62200","62300","62400","62500","62600","62700","61700","61600","61500","61400","61300","61200","61100","61000","60900","60800","610","564","425","297","416","1063","1333","601","578","331","186","134","53","229","214","153","274","50","252","568","6218","2113","0","0","0","0","0","-60800","5","-100.00","3600","-1","0","0","0","","0","0","0","","",""
"080124","0001","0","61800","61900","62000","62100","62200","62300","62400","62500","62600","62700","61700","61600","61500","61400","61300","61200","61100","61000","60900","60800","615","564","425","297","416","1063","1333","601","578","331","186","134","53","229","214","153","274","50","252","568","6223","2113","0","0","0","0","0","-60800","5","-100.00","3600","5","0","0","0","","0","0","0","","",""
"080124","0002","0","61800","61900","62000","62100","62200","62300","62400","62500","62600","62700","61700","61600","61500","61400","61300","61200","61100","61000","60900","60800","615","564","425","347","416","1063","1283","601","578","331","186","134","53","229","214","153","274","50","252","568","6223","2113","0","0","0","0","0","-60800","5","-100.00","3600","0","0","0","0","","0","0","0","","",""
"080125","0000","0","61800","61900","62000","62100","62200","62300","62400","62500","62600","62700","61700","61600","61500","61400","61300","61200","61100","61000","60900","60800","615","564","425","347","416","1063","1283","601","578","331","186","134","53","229","214","154","274","50","252","568","6223","2114","0","0","0","0","0","-60800","5","-100.00","3600","0","1","0","0","","0","0","0","","",""
"080125","0001","0","61800","61900","62000","62100","62200","62300","62400","62500","62600","62700","61700","61600","61500","61400","61300","61200","61100","61000","60900","60800","585","564","425","347","416","1063","1283","601","578","331","186","134","53","229","214","154","274","50","252","568","6193","2114","0","0","0","0","0","-60800","5","-100.00","3630","-30","0","0","0","","0","0","0","","",""
"080125","0002","0","61800","61900","62000","62100","62200","62300","62400","62500","62600","62700","61700","61600","61500","61400","61300","61200","61100","61000","60900","60800","585","564","425","347","416","1063","1283","601","578","331","186","212","53","229","214","154","274","50","252","568","6193","2192","0","0","0","0","0","-60800","5","-100.00","3630","0","78","0","0","","0","0","0","","",""
"080126","0000","0","61800","61900","62000","62100","62200","62300","62400","62500","62600","62700","61700","61600","61500","61400","61300","61200","61100","61000","60900","60800","585","564","425","347","416","1063","1283","601","578","331","187","212","53","229","214","154","274","50","252","568","6193","2193","0","0","0","0","0","-60800","5","-100.00","3630","0","1","0","0","","0","0","0","","",""
