"time","millisec","HOUR_CLS_CODE","ASKP1","ASKP2","ASKP3","ASKP4","ASKP5","ASKP6","ASKP7","ASKP8","ASKP9","ASKP10","BIDP1","BIDP2","BIDP3","BIDP4","BIDP5","BIDP6","BIDP7","BIDP8","BIDP9","BIDP10","ASKP_RSQN1","ASKP_RSQN2","ASKP_RSQN3","ASKP_RSQN4","ASKP_RSQN5","ASKP_RSQN6","ASKP_RSQN7","ASKP_RSQN8","ASKP_RSQN9","ASKP_RSQN10","BIDP_RSQN1","BIDP_RSQN2","BIDP_RSQN3","BIDP_RSQN4","BIDP_RSQN5","BIDP_RSQN6","BIDP_RSQN7","BIDP_RSQN8","BIDP_RSQN9","BIDP_RSQN10","TOTAL_ASKP_RSQN","TOTAL_BIDP_RSQN","OVTM_TOTAL_ASKP_RSQN","OVTM_TOTAL_BIDP_RSQN","ANTC_CNPR","ANTC_CNQN","ANTC_VOL","ANTC_CNTG_VRSS","ANTC_CNTG_VRSS_SIGN","ANTC_CNTG_PRDY_CTRT","ACML_VOL","TOTAL_ASKP_RSQN_ICDC","TOTAL_BIDP_RSQN_ICDC","OVTM_TOTAL_ASKP_ICDC","OVTM_TOTAL_BIDP_ICDC","STCK_DEAL_CLS_CODE","KMID_PRC","KMID_TOTAL_RSQN","KMID_CLS_CODE","NMID_PRC","NMID_TOTAL_RSQN","NMID_CLS_CODE"
"080000","0000","0","101100","101500","0","0","0","0","0","0","0","0","0","0","0","0","0","0","0","0","0","0","30","25","0","0","0","0","0","0","0","0","0","0","0","0","0","0","0","0","0","0","55","0","0","0","0","0","0","-99900","5","-100.00","0","0","0","0","0","","0","0","0","","",""
"080000","0001","0","101100","101500","104000","0","0","0","0","0","0","0","99500","99400","96000","0","0","0","0","0","0","0","30","25","10","0","0","0","0","0","0","0","100","250","1","0","0","0","0","0","0","0","65","351","0","0","0","0","0","-99900","5","-100.00","0","10","351","0","0","","0","0","0","","",""
"080001","0000","0","101100","101500","103000","104000","109000","120000","0","0","0","0","100300","99500","99400","99300","99000","98500","96000","94000","0","0","4","25","1","10","5","900","0","0","0","0","235","100","250","50","2","100","1","1","0","0","945","739","0","0","0","0","0","-99900","5","-100.00","26","880","388","0","0","","0","0","0","","",""
"080002","0000","0","101500","102300","103000","104000","105000","107000","109000","109900","110000","120000","101100","100300","99500","99400","99300","99000","98500","96000","94000","92000","25","44","1","10","1","1","5","154","1","900","62","235","100","250","50","2","100","1","1","1","1142","802","0","0","0","0","0","-99900","5","-100.00","33","197","63","0","0","","0","0","0","","",""
"080002","0001","0","101500","102300","103000","104000","105000","107000","107900","109000","109900","110000","101100","100300","99600","99500","99400","99300","99000","98500","96000","94000","25","44","1","10","1","1","48","5","154","1","61","235","8","110","250","50","102","200","1","1","290","1018","0","0","0","0","0","-99900","5","-100.00","34","-852","216","0","0","","0","0","0","","",""
"080003","0000","0","101500","102300","103000","104000","105000","107000","107900","109000","109900","110000","101100","100300","99600","99500","99400","99300","99100","99000","98700","98600","25","44","1","20","1","1","48","5","154","1","61","235","8","110","250","50","100","102","57","303","300","1276","0","0","0","0","0","-99900","5","-100.00","34","10","258","0","0","","0","0","0","","",""
"080003","0001","0","101500","102300","103000","104000","105000","107000","107900","109000","109900","110000","101100","100300","99600","99500","99400","99300","99100","99000","98900","98700","25","44","1","20","6","1","48","5","154","1","61","235","8","110","250","112","100","102","100","57","305","1135","0","0","0","0","0","-99900","5","-100.00","34","5","-141","0","0","","0","0","0","","",""
"080004","0000","0","101400","101500","102300","103000","104000","105000","107000","107900","108000","109000","101100","100300","99600","99500","99400","99300","99100","99000","98900","98700","1154","25","44","1","20","6","6","48","5","5","61","235","8","110","250","112","100","102","100","57","1314","1135","0","0","0","0","0","-99900","5","-100.00","34","1009","0","0","0","","0","0","0","","",""
"080004","0001","0","101400","101500","102300","103000","104000","105000","107000","107900","108000","109000","101100","100300","99600","99500","99400","99300","99100","99000","98900","98700","1154","25","44","1","20","6","6","48","5","5","60","235","8","110","250","112","100","102","100","57","1314","1134","0","0","0","0","0","-99900","5","-100.00","35","0","-1","0","0","","0","0","0","","",""
"080005","0000","0","101400","101500","102300","103000","104000","105000","107000","107900","108000","109000","101100","100300","99600","99500","99400","99300","99100","99000","98900","98700","1154","26","44","1","20","6","6","48","5","5","60","235","8","110","250","112","100","102","100","57","1315","1134","0","0","0","0","0","-99900","5","-100.00","35","1","0","0","0","","0","0","0","","",""
"080005","0001","0","101400","101500","102300","103000","104000","105000","107000","107900","108000","109000","101100","100300","99600","99500","99400","99300","99100","99000","98900","98700","1154","27","44","1","20","6","6","48","5","5","60","235","8","110","250","112","100","102","100","57","1316","1134","0","0","0","0","0","-99900","5","-100.00","35","1","0","0","0","","0","0","0","","",""
"080005","0002","0","101100","101400","101500","102300","103000","104000","105000","107000","107900","108000","100300","99600","99500","99400","99300","99100","99000","98900","98700","98600","179","1154","27","44","1","20","6","6","48","5","235","8","110","250","112","100","102","100","57","303","1490","1377","0","0","0","0","0","-99900","5","-100.00","95","174","243","0","0","","0","0","0","","",""
"080006","0000","0","101100","101400","101500","102300","103000","104000","105000","107000","107900","108000","100300","99600","99500","99400","99300","99100","99000","98900","98700","98600","179","1154","29","44","1","20","6","6","48","5","235","8","110","250","112","100","102","100","57","303","1492","1377","0","0","0","0","0","-99900","5","-100.00","95","2","0","0","0","","0","0","0","","",""
"080007","0000","0","101100","101400","101500","102300","103000","104000","105000","107000","107900","108000","100300","99600","99500","99400","99300","99100","99000","98900","98800","98700","187","1154","29","44","1","20","6","6","48","5","235","8","110","250","112","100","102","100","345","57","1500","1419","0","0","0","0","0","-99900","5","-100.00","95","8","42","0","0","","0","0","0","","",""
"080007","0001","0","101100","101400","101500","102300","103000","104000","105000","107000","107900","108000","100300","99600","99500","99400","99300","99100","99000","98900","98800","98700","188","1154","29","44","1","20","6","6","48","5","235","108","110","250","112","100","102","100","345","57","1501","1519","0","0","0","0","0","-99900","5","-100.00","95","1","100","0","0","","0","0","0","","",""
"080008","0000","0","101000","101100","101400","101500","102300","103000","104000","105000","107000","107900","100300","99600","99500","99400","99300","99100","99000","98900","98800","98700","1","188","1154","29","44","1","20","6","6","48","235","108","110","250","112","100","102","100","345","57","1497","1519","0","0","0","0","0","-99900","5","-100.00","95","-4","0","0","0","","0","0","0","","",""
"080009","0000","0","101000","101100","101400","101500","102300","103000","104000","105000","107000","107900","100300","99600","99500","99400","99300","99100","99000","98900","98800","98700","1","188","1161","29","44","1","20","6","6","48","235","108","110","250","112","100","102","100","345","57","1504","1519","0","0","0","0","0","-99900","5","-100.00","95","7","0","0","0","","0","0","0","","",""
"080009","0001","0","101000","101100","101300","101400","101500","101600","101700","102300","103000","104000","100300","99600","99500","99400","99300","99100","99000","98900","98800","98700","1","188","6","1161","36","7","7","44","1","20","235","108","110","250","112","100","102","100","345","57","1471","1519","0","0","0","0","0","-99900","5","-100.00","95","-33","0","0","0","","0","0","0","","",""
"080009","0002","0","101000","101100","101300","101400","101500","101600","101700","102300","103000","104000","100300","99600","99500","99400","99300","99100","99000","98900","98800","98700","1","188","6","1179","36","7","7","44","1","20","235","108","110","250","112","100","102","100","345","57","1489","1519","0","0","0","0","0","-99900","5","-100.00","95","18","0","0","0","","0","0","0","","",""
"080010","0000","0","101000","101100","101200","101300","101400","101500","101600","101700","102300","103000","100300","99600","99500","99400","99300","99100","99000","98900","98800","98700","1","188","2","23","1179","54","25","25","44","1","235","108","110","250","112","100","102","100","345","57","1542","1519","0","0","0","0","0","-99900","5","-100.00","95","53","0","0","0","","0","0","0","","",""
"080010","0001","0","101000","101100","101200","101300","101400","101500","101600","101700","102300","103000","100300","99600","99500","99400","99300","99100","99000","98900","98800","98700","1","188","2","23","1179","54","35","25","44","1","235","108","110","250","112","100","102","100","345","57","1552","1519","0","0","0","0","0","-99900","5","-100.00","95","10","0","0","0","","0","0","0","","",""
"080010","0002","0","101000","101100","101200","101300","101400","101500","101600","101700","102300","103000","100300","99600","99500","99400","99300","99100","99000","98900","98800","98700","1","238","2","23","1179","54","35","25","44","1","235","108","110","250","112","100","102","100","345","57","1602","1519","0","0","0","0","0","-99900","5","-100.00","95","50","0","0","0","","0","0","0","","",""
"080011","0000","0","101000","101100","101200","101300","101400","101500","101600","101700","102300","102400","100300","99600","99500","99400","99300","99100","99000","98900","98800","98700","1","238","2","23","1180","54","35","25","44","1","235","108","110","250","112","100","102","100","345","57","1603","1519","0","0","0","0","0","-99900","5","-100.00","95","1","0","0","0","","0","0","0","","",""
"080012","0000","0","101000","101100","101200","101300","101400","101500","101600","101700","102300","102400","100300","99600","99500","99400","99300","99200","99100","99000","98900","98800","1","238","2","23","1180","54","35","25","44","1","235","108","110","250","112","1","100","102","100","345","1603","1463","0","0","0","0","0","-99900","5","-100.00","95","0","-56","0","0","","0","0","0","","",""
"080012","0001","0","101000","101100","101200","101300","101400","101500","101600","101700","102300","102400","100300","99600","99500","99400","99300","99200","99100","99000","98900","98800","1","238","2","23","1180","54","35","25","44","1","235","108","110","250","112","2","100","102","100","345","1603","1464","0","0","0","0","0","-99900","5","-100.00","95","0","1","0","0","","0","0","0","","",""
"080013","0000","0","101000","101100","101200","101300","101400","101500","101600","101700","102300","102400","100300","99800","99700","99600","99500","99400","99300","99200","99100","99000","1","238","2","25","1180","454","35","25","44","1","235","8","50","100","110","250","112","2","100","102","2005","1069","0","0","0","0","0","-99900","5","-100.00","95","402","-395","0","0","","0","0","0","","",""
"080015","0000","0","101000","101100","101200","101300","101400","101500","101600","101700","102300","102400","100300","99800","99700","99600","99500","99400","99300","99200","99100","99000","181","238","2","25","1180","462","35","25","44","1","235","8","50","100","110","250","112","2","100","102","2193","1069","0","0","0","0","0","-99900","5","-100.00","95","188","0","0","0","","0","0","0","","",""
"080015","0001","0","101000","101100","101200","101300","101400","101500","101600","101700","102300","102400","100300","99800","99700","99600","99500","99400","99300","99200","99100","99000","181","248","2","25","1182","462","35","25","44","1","235","8","50","100","110","250","112","2","100","102","2205","1069","0","0","0","0","0","-99900","5","-100.00","95","12","0","0","0","","0","0","0","","",""
"080015","0002","0","101000","101100","101200","101300","101400","101500","101600","101700","101800","102300","100300","99800","99700","99600","99500","99400","99300","99200","99100","99000","181","248","2","25","1182","462","35","25","300","44","235","8","50","100","110","250","112","2","100","102","2504","1069","0","0","0","0","0","-99900","5","-100.00","95","299","0","0","0","","0","0","0","","",""
"080016","0000","0","101000","101100","101200","101300","101400","101500","101600","101700","101800","102300","100300","99800","99700","99600","99500","99400","99300","99200","99100","99000","192","248","2","25","1182","462","35","25","300","44","235","8","50","100","110","250","112","2","100","102","2515","1069","0","0","0","0","0","-99900","5","-100.00","95","11","0","0","0","","0","0","0","","",""
"080017","0000","0","101000","101100","101200","101300","101400","101500","101600","101700","101800","102300","100300","99800","99700","99600","99500","99400","99300","99200","99100","99000","192","248","2","25","1182","462","35","25","300","94","235","8","50","100","110","250","112","2","100","102","2565","1069","0","0","0","0","0","-99900","5","-100.00","95","50","0","0","0","","0","0","0","","",""
"080017","0001","0","101000","101100","101200","101300","101400","101500","101600","101700","101800","102300","100300","99800","99700","99600","99500","99400","99300","99200","99100","99000","192","248","2","25","1182","462","35","25","300","94","235","8","50","100","110","260","112","2","100","102","2565","1079","0","0","0","0","0","-99900","5","-100.00","95","0","10","0","0","","0","0","0","","",""
"080018","0000","0","101000","101100","101200","101300","101400","101500","101600","101700","101800","101900","100300","99800","99700","99600","99500","99400","99300","99200","99100","99000","192","248","2","25","1182","462","35","25","300","2","235","8","50","100","110","260","112","2","100","102","2473","1079","0","0","0","0","0","-99900","5","-100.00","95","-92","0","0","0","","0","0","0","","",""
"080018","0001","0","100600","101000","101100","101200","101300","101400","101500","101600","101700","101800","100300","99800","99700","99600","99500","99400","99300","99200","99100","99000","60","192","248","2","25","1182","462","35","25","300","235","8","50","100","110","260","112","2","100","102","2531","1079","0","0","0","0","0","-99900","5","-100.00","95","58","0","0","0","","0","0","0","","",""
"080019","0000","0","100600","101000","101100","101200","101300","101400","101500","101600","101700","101800","100300","99800","99700","99600","99500","99400","99300","99200","99100","99000","60","192","238","2","25","1182","462","35","25","300","235","8","50","100","110","260","112","2","100","102","2521","1079","0","0","0","0","0","-99900","5","-100.00","95","-10","0","0","0","","0","0","0","","",""
"080019","0001","0","100600","100900","101000","101100","101200","101300","101400","101500","101600","101700","100300","99800","99700","99600","99500","99400","99300","99200","99100","99000","60","2","192","238","2","25","1182","462","35","25","235","8","50","100","110","260","112","2","100","102","2223","1079","0","0","0","0","0","-99900","5","-100.00","95","-298","0","0","0","","0","0","0","","",""
"080020","0000","0","100600","100900","101000","101100","101200","101300","101400","101500","101600","101700","100300","99800","99700","99600","99500","99400","99300","99200","99100","99000","60","2","202","238","2","25","1182","462","35","25","235","8","50","100","110","260","112","2","100","102","2233","1079","0","0","0","0","0","-99900","5","-100.00","95","10","0","0","0","","0","0","0","","",""
"080021","0000","0","100600","100900","101000","101100","101200","101300","101400","101500","101600","101700","100300","99800","99700","99600","99500","99400","99300","99200","99100","99000","60","2","202","238","2","25","1182","462","35","25","235","341","50","100","110","260","112","2","100","106","2233","1416","0","0","0","0","0","-99900","5","-100.00","95","0","337","0","0","","0","0","0","","",""
"080022","0000","0","100600","100900","101000","101100","101200","101300","101400","101500","101600","101700","100300","99800","99700","99600","99500","99400","99300","99200","99100","99000","60","2","202","238","3","25","1182","462","35","25","235","341","50","100","110","260","112","2","100","106","2234","1416","0","0","0","0","0","-99900","5","-100.00","95","1","0","0","0","","0","0","0","","",""
"080022","0001","0","100600","100900","101000","101100","101200","101300","101400","101500","101600","101700","100300","99800","99700","99600","99500","99400","99300","99200","99100","99000","60","4","202","240","3","25","1182","462","35","25","235","341","50","100","110","260","112","2","100","106","2238","1416","0","0","0","0","0","-99900","5","-100.00","95","4","0","0","0","","0","0","0","","",""
"080023","0000","0","100500","100600","100900","101000","101100","101200","101300","101400","101500","101600","100300","99800","99700","99600","99500","99400","99300","99200","99100","99000","1","60","4","202","240","3","25","1182","462","35","235","341","50","100","110","260","112","2","100","106","2214","1416","0","0","0","0","0","-99900","5","-100.00","95","-24","0","0","0","","0","0","0","","",""
"080023","0001","0","100500","100600","100900","101000","101100","101200","101300","101400","101500","101600","100300","99800","99700","99600","99500","99400","99300","99200","99100","99000","1","60","4","207","241","3","25","1182","462","35","235","341","50","100","110","260","112","2","100","106","2220","1416","0","0","0","0","0","-99900","5","-100.00","95","6","0","0","0","","0","0","0","","",""
"080024","0000","0","100500","100600","100900","101000","101100","101200","101300","101400","101500","101600","100300","99800","99700","99600","99500","99400","99300","99200","99100","99000","1","60","4","207","243","3","25","1182","463","35","235","341","50","100","110","260","112","2","100","106","2223","1416","0","0","0","0","0","-99900","5","-100.00","95","3","0","0","0","","0","0","0","","",""
"080025","0000","0","100500","100600","100700","100900","101000","101100","101200","101300","101400","101500","100300","99800","99700","99600","99500","99400","99300","99200","99100","99000","1","60","60","4","207","243","3","25","1182","463","235","341","50","100","110","260","112","2","100","106","2248","1416","0","0","0","0","0","-99900","5","-100.00","95","25","0","0","0","","0","0","0","","",""
"080025","0001","0","100500","100600","100700","100900","101000","101100","101200","101300","101400","101500","100300","99800","99700","99600","99500","99400","99300","99200","99100","99000","1","60","60","14","207","243","3","25","1182","463","235","341","50","100","110","260","112","2","100","106","2258","1416","0","0","0","0","0","-99900","5","-100.00","95","10","0","0","0","","0","0","0","","",""
"080025","0002","0","100500","100600","100700","100900","101000","101100","101200","101300","101400","101500","100300","99800","99700","99600","99500","99400","99300","99200","99100","99000","1","60","60","14","207","243","3","25","1182","463","235","341","50","100","110","260","112","17","100","106","2258","1431","0","0","0","0","0","-99900","5","-100.00","95","0","15","0","0","","0","0","0","","",""
"080026","0000","0","100500","100600","100700","100900","101000","101100","101200","101300","101400","101500","100300","99800","99700","99600","99500","99400","99300","99200","99100","99000","1","60","60","17","207","243","3","25","1182","463","235","341","50","100","110","260","112","17","100","106","2261","1431","0","0","0","0","0","-99900","5","-100.00","95","3","0","0","0","","0","0","0","","",""
"080027","0000","0","100500","100600","100700","100900","101000","101100","101200","101300","101400","101500","100300","99800","99700","99600","99500","99400","99300","99200","99100","99000","1","60","60","17","207","244","3","25","1182","463","235","341","50","100","110","260","112","17","100","106","2262","1431","0","0","0","0","0","-99900","5","-100.00","95","1","0","0","0","","0","0","0","","",""
"080028","0000","0","100500","100600","100700","100900","101000","101100","101200","101300","101400","101500","100300","99800","99700","99600","99500","99400","99300","99200","99100","99000","1","60","60","17","209","244","3","25","1182","463","235","341","50","100","110","260","112","17","100","106","2264","1431","0","0","0","0","0","-99900","5","-100.00","95","2","0","0","0","","0","0","0","","",""
"080028","0001","0","100500","100600","100700","100900","101000","101100","101200","101300","101400","101500","99800","99700","99600","99500","99400","99300","99200","99100","99000","98900","41","60","60","17","209","244","3","25","1182","463","341","50","100","110","260","112","17","100","106","100","2304","1296","0","0","0","0","0","-99900","5","-100.00","95","40","-135","0","0","","0","0","0","","",""
"080028","0002","0","100500","100600","100700","100900","101000","101100","101200","101300","101400","101500","99800","99700","99600","99500","99400","99300","99200","99100","99000","98900","41","60","60","17","209","254","3","25","1182","463","341","50","100","110","260","112","17","100","106","100","2314","1296","0","0","0","0","0","-99900","5","-100.00","95","10","0","0","0","","0","0","0","","",""
"080029","0000","0","100500","100600","100700","100900","101000","101100","101200","101300","101400","101500","99800","99700","99600","99500","99400","99300","99200","99100","99000","98900","7","60","60","17","209","253","3","25","1182","463","342","50","100","110","260","112","17","100","106","100","2279","1297","0","0","0","0","0","-99900","5","-100.00","95","-35","1","0","0","","0","0","0","","",""
"080030","0000","0","100500","100600","100700","100900","101000","101100","101200","101300","101400","101500","99800","99700","99600","99500","99400","99300","99200","99100","99000","98900","7","60","60","17","209","253","3","55","1182","463","342","50","100","110","260","112","17","100","106","100","2309","1297","0","0","0","0","0","-99900","5","-100.00","95","30","0","0","0","","0","0","0","","",""
"080030","0001","0","100500","100600","100700","100900","101000","101100","101200","101300","101400","101500","99800","99700","99600","99500","99400","99300","99200","99100","99000","98900","7","60","60","17","209","343","113","55","1182","463","342","50","100","110","260","112","17","100","106","100","2509","1297","0","0","0","0","0","-99900","5","-100.00","95","200","0","0","0","","0","0","0","","",""
"080030","0002","0","100500","100600","100700","100900","101000","101100","101200","101300","101400","101500","99800","99700","99600","99500","99400","99300","99200","99100","99000","98900","7","60","60","17","209","343","113","55","1182","463","342","50","100","110","260","112","17","130","106","100","2509","1327","0","0","0","0","0","-99900","5","-100.00","95","0","30","0","0","","0","0","0","","",""
"080031","0000","0","100500","100600","100700","100800","100900","101000","101100","101200","101300","101400","99800","99700","99600","99500","99400","99300","99200","99100","99000","98900","7","60","60","60","17","209","343","113","55","1182","342","50","100","110","260","112","17","130","106","100","2106","1327","0","0","0","0","0","-99900","5","-100.00","95","-403","0","0","0","","0","0","0","","",""
"080031","0001","0","100500","100600","100700","100800","100900","101000","101100","101200","101300","101400","99800","99700","99600","99500","99400","99300","99200","99100","99000","98900","7","60","60","60","17","209","344","113","55","1182","342","50","100","110","260","112","17","130","106","100","2107","1327","0","0","0","0","0","-99900","5","-100.00","95","1","0","0","0","","0","0","0","","",""
"080031","0002","0","100400","100500","100600","100700","100800","100900","101000","101100","101200","101300","99800","99700","99600","99500","99400","99300","99200","99100","99000","98900","5","7","60","60","60","19","209","344","113","55","342","50","100","110","260","112","17","130","106","100","932","1327","0","0","0","0","0","-99900","5","-100.00","95","-1175","0","0","0","","0","0","0","","",""
"080032","0000","0","100400","100500","100600","100700","100800","100900","101000","101100","101200","101300","99800","99700","99600","99500","99400","99300","99200","99100","99000","98900","5","7","60","60","60","19","209","344","113","55","342","50","100","110","260","112","17","130","121","100","932","1342","0","0","0","0","0","-99900","5","-100.00","95","0","15","0","0","","0","0","0","","",""
"080033","0000","0","100300","100400","100500","100600","100700","100800","100900","101000","101100","101200","99800","99700","99600","99500","99400","99300","99200","99100","99000","98900","3","5","7","60","60","60","19","209","344","113","342","50","100","110","260","112","17","130","121","100","880","1342","0","0","0","0","0","-99900","5","-100.00","96","-52","0","0","0","","0","0","0","","",""
"080033","0001","0","100300","100400","100500","100600","100700","100800","100900","101000","101100","101200","99800","99700","99600","99500","99400","99300","99200","99100","99000","98900","3","5","7","60","60","60","19","209","364","113","334","50","100","110","260","112","17","130","121","100","900","1334","0","0","0","0","0","-99900","5","-100.00","96","20","-8","0","0","","0","0","0","","",""
"080033","0002","0","100300","100400","100500","100600","100700","100800","100900","101000","101100","101200","99800","99700","99600","99500","99400","99300","99200","99100","99000","98900","3","5","7","60","60","60","19","209","364","113","334","50","100","160","260","112","17","130","121","100","900","1384","0","0","0","0","0","-99900","5","-100.00","96","0","50","0","0","","0","0","0","","",""
"080035","0000","0","100300","100400","100500","100600","100700","100800","100900","101000","101100","101200","99800","99700","99600","99500","99400","99300","99200","99100","99000","98900","3","10","7","60","60","60","19","209","364","113","334","50","100","160","260","112","17","130","121","100","905","1384","0","0","0","0","0","-99900","5","-100.00","96","5","0","0","0","","0","0","0","","",""
"080036","0000","0","100300","100400","100500","100600","100700","100800","100900","101000","101100","101200","99800","99700","99600","99500","99400","99300","99200","99100","99000","98900","3","10","7","60","60","60","79","209","364","113","334","50","100","160","260","112","17","130","121","100","965","1384","0","0","0","0","0","-99900","5","-100.00","96","60","0","0","0","","0","0","0","","",""
"080036","0001","0","100300","100400","100500","100600","100700","100800","100900","101000","101100","101200","99800","99700","99600","99500","99400","99300","99200","99100","99000","98900","3","10","7","60","60","60","79","209","384","113","334","50","100","160","260","112","17","130","121","100","985","1384","0","0","0","0","0","-99900","5","-100.00","96","20","0","0","0","","0","0","0","","",""
"080036","0002","0","100300","100400","100500","100600","100700","100800","100900","101000","101100","101200","99800","99700","99600","99500","99400","99300","99200","99100","99000","98900","3","10","7","60","60","60","79","209","384","113","344","50","100","160","260","112","17","130","121","100","985","1394","0","0","0","0","0","-99900","5","-100.00","96","0","10","0","0","","0","0","0","","",""
"080038","0000","0","100300","100400","100500","100600","100700","100800","100900","101000","101100","101200","99800","99700","99600","99500","99400","99300","99200","99100","99000","98900","8","10","7","60","60","60","79","209","384","113","344","50","100","160","260","112","17","130","121","100","990","1394","0","0","0","0","0","-99900","5","-100.00","96","5","0","0","0","","0","0","0","","",""
"080039","0000","0","100300","100400","100500","100600","100700","100800","100900","101000","101100","101200","99800","99700","99600","99500","99400","99300","99200","99100","99000","98900","8","10","7","60","60","60","79","209","487","113","344","50","100","160","260","112","17","130","121","100","1093","1394","0","0","0","0","0","-99900","5","-100.00","96","103","0","0","0","","0","0","0","","",""
"080039","0001","0","100300","100400","100500","100600","100700","100800","100900","101000","101100","101200","99900","99800","99700","99600","99500","99400","99300","99200","99100","99000","8","10","7","60","60","60","79","211","487","113","100","344","50","100","160","310","112","17","130","121","1095","1444","0","0","0","0","0","-99900","5","-100.00","96","2","50","0","0","","0","0","0","","",""
"080040","0000","0","100300","100400","100500","100600","100700","100800","100900","101000","101100","101200","99900","99800","99700","99600","99500","99400","99300","99200","99100","99000","8","10","7","60","60","60","79","271","487","113","100","344","50","100","160","310","112","17","130","121","1155","1444","0","0","0","0","0","-99900","5","-100.00","96","60","0","0","0","","0","0","0","","",""
"080041","0000","0","100200","100300","100400","100500","100600","100700","100800","100900","101000","101100","99900","99800","99700","99600","99500","99400","99300","99200","99100","99000","6","8","10","7","60","60","60","79","271","481","100","344","50","100","160","310","112","17","130","121","1042","1444","0","0","0","0","0","-99900","5","-100.00","96","-113","0","0","0","","0","0","0","","",""
"080041","0001","0","100200","100300","100400","100500","100600","100700","100800","100900","101000","101100","99900","99800","99700","99600","99500","99400","99300","99200","99100","99000","11","8","10","7","60","60","60","79","271","481","100","344","50","100","160","310","112","17","130","121","1047","1444","0","0","0","0","0","-99900","5","-100.00","96","5","0","0","0","","0","0","0","","",""
"080042","0000","0","100200","100300","100400","100500","100600","100700","100800","100900","101000","101100","99900","99800","99700","99600","99500","99400","99300","99200","99100","99000","11","8","10","7","60","60","60","79","271","431","100","344","50","100","160","310","112","17","130","121","997","1444","0","0","0","0","0","-99900","5","-100.00","96","-50","0","0","0","","0","0","0","","",""
"080042","0001","0","100200","100300","100400","100500","100600","100700","100800","100900","101000","101100","99900","99800","99700","99600","99500","99400","99300","99200","99100","99000","11","8","10","7","60","63","60","79","271","431","100","344","50","100","160","310","112","17","130","121","1000","1444","0","0","0","0","0","-99900","5","-100.00","96","3","0","0","0","","0","0","0","","",""
"080042","0002","0","100200","100300","100400","100500","100600","100700","100800","100900","101000","101100","99900","99800","99700","99600","99500","99400","99300","99200","99100","99000","11","9","10","7","60","63","60","79","271","431","100","344","50","100","160","310","112","17","130","121","1001","1444","0","0","0","0","0","-99900","5","-100.00","96","1","0","0","0","","0","0","0","","",""
"080042","0003","0","100200","100300","100400","100500","100600","100700","100800","100900","101000","101100","99900","99800","99700","99600","99500","99400","99300","99200","99100","99000","11","9","10","7","60","63","60","79","281","431","100","344","50","100","160","310","112","17","130","121","1011","1444","0","0","0","0","0","-99900","5","-100.00","96","10","0","0","0","","0","0","0","","",""
"080043","0000","0","100200","100300","100400","100500","100600","100700","100800","100900","101000","101100","99900","99800","99700","99600","99500","99400","99300","99200","99100","99000","11","9","10","7","72","63","60","79","281","431","100","344","50","100","160","310","112","17","130","121","1023","1444","0","0","0","0","0","-99900","5","-100.00","96","12","0","0","0","","0","0","0","","",""
"080044","0000","0","100200","100300","100400","100500","100600","100700","100800","100900","101000","101100","99900","99800","99700","99600","99500","99400","99300","99200","99100","99000","11","9","10","7","72","63","60","79","281","431","105","344","50","100","160","310","112","17","130","121","1023","1449","0","0","0","0","0","-99900","5","-100.00","96","0","5","0","0","","0","0","0","","",""
"080044","0001","0","100200","100300","100400","100500","100600","100700","100800","100900","101000","101100","99900","99800","99700","99600","99500","99400","99300","99200","99100","99000","11","9","10","7","72","63","60","79","281","431","105","344","50","100","160","310","112","67","130","121","1023","1499","0","0","0","0","0","-99900","5","-100.00","96","0","50","0","0","","0","0","0","","",""
"080045","0000","0","100200","100300","100400","100500","100600","100700","100800","100900","101000","101100","99900","99800","99700","99600","99500","99400","99300","99200","99100","99000","16","9","10","7","72","63","60","79","281","431","105","344","50","100","160","310","112","67","130","121","1028","1499","0","0","0","0","0","-99900","5","-100.00","96","5","0","0","0","","0","0","0","","",""
"080045","0001","0","100200","100300","100400","100500","100600","100700","100800","100900","101000","101100","99900","99800","99700","99600","99500","99400","99300","99200","99100","99000","16","9","10","7","72","63","60","79","286","431","105","344","50","100","160","310","112","67","130","121","1033","1499","0","0","0","0","0","-99900","5","-100.00","96","5","0","0","0","","0","0","0","","",""
"080046","0000","0","100200","100300","100400","100500","100600","100700","100800","100900","101000","101100","99900","99800","99700","99600","99500","99400","99300","99200","99100","99000","16","9","10","7","72","63","60","83","286","431","105","344","50","100","160","310","112","67","130","121","1037","1499","0","0","0","0","0","-99900","5","-100.00","96","4","0","0","0","","0","0","0","","",""
"080046","0001","0","100300","100400","100500","100600","100700","100800","100900","101000","101100","101200","100200","99900","99800","99700","99600","99500","99400","99300","99200","99100","9","10","7","72","63","60","83","286","431","113","284","105","344","50","100","160","310","112","67","130","1134","1662","0","0","0","0","0","-99900","5","-100.00","112","97","163","0","0","","0","0","0","","",""
"080048","0000","0","100300","100400","100500","100600","100700","100800","100900","101000","101100","101200","100200","99900","99800","99700","99600","99500","99400","99300","99200","99100","59","10","7","72","63","60","83","286","431","113","284","105","344","50","100","160","310","112","67","130","1184","1662","0","0","0","0","0","-99900","5","-100.00","112","50","0","0","0","","0","0","0","","",""
"080049","0000","0","100300","100400","100500","100600","100700","100800","100900","101000","101100","101200","100200","99900","99800","99700","99600","99500","99400","99300","99200","99100","59","10","7","72","63","60","83","286","431","113","284","105","344","50","100","160","310","112","67","180","1184","1712","0","0","0","0","0","-99900","5","-100.00","112","0","50","0","0","","0","0","0","","",""
"080049","0001","0","100300","100400","100500","100600","100700","100800","100900","101000","101100","101200","100200","99900","99800","99700","99600","99500","99400","99300","99200","99100","64","10","7","72","63","60","83","286","431","113","294","105","344","50","100","160","310","112","67","180","1189","1722","0","0","0","0","0","-99900","5","-100.00","112","5","10","0","0","","0","0","0","","",""
"080050","0000","0","100300","100400","100500","100600","100700","100800","100900","101000","101100","101200","100200","99900","99800","99700","99600","99500","99400","99300","99200","99100","64","10","7","72","63","60","83","286","454","113","294","105","344","50","100","160","310","112","67","180","1212","1722","0","0","0","0","0","-99900","5","-100.00","112","23","0","0","0","","0","0","0","","",""
"080051","0000","0","100300","100400","100500","100600","100700","100800","100900","101000","101100","101200","100200","99900","99800","99700","99600","99500","99400","99300","99200","99100","64","10","37","72","63","60","83","286","454","113","294","105","344","50","100","160","310","112","67","180","1242","1722","0","0","0","0","0","-99900","5","-100.00","112","30","0","0","0","","0","0","0","","",""
"080052","0000","0","100300","100400","100500","100600","100700","100800","100900","101000","101100","101200","100200","99900","99800","99700","99600","99500","99400","99300","99200","99100","64","10","37","72","63","60","83","526","454","113","294","105","344","50","100","160","310","112","67","180","1482","1722","0","0","0","0","0","-99900","5","-100.00","112","240","0","0","0","","0","0","0","","",""
"080052","0001","0","100300","100400","100500","100600","100700","100800","100900","101000","101100","101200","100200","99900","99800","99700","99600","99500","99400","99300","99200","99100","64","10","37","72","63","60","83","526","458","113","294","105","344","50","100","160","310","112","67","180","1486","1722","0","0","0","0","0","-99900","5","-100.00","112","4","0","0","0","","0","0","0","","",""
"080052","0002","0","100300","100400","100500","100600","100700","100800","100900","101000","101100","101200","100200","99900","99800","99700","99600","99500","99400","99300","99200","99100","64","10","37","72","63","60","83","526","458","113","284","105","344","50","100","160","310","112","67","265","1486","1797","0","0","0","0","0","-99900","5","-100.00","122","0","75","0","0","","0","0","0","","",""
"080053","0000","0","100300","100400","100500","100600","100700","100800","100900","101000","101100","101200","100200","99900","99800","99700","99600","99500","99400","99300","99200","99100","65","10","37","72","63","60","83","526","458","113","278","105","344","50","100","160","310","112","67","265","1487","1791","0","0","0","0","0","-99900","5","-100.00","128","1","-6","0","0","","0","0","0","","",""
"080053","0001","0","100300","100400","100500","100600","100700","100800","100900","101000","101100","101200","100200","99900","99800","99700","99600","99500","99400","99300","99200","99100","65","60","37","72","63","60","83","526","458","113","278","105","344","50","100","160","310","112","67","265","1537","1791","0","0","0","0","0","-99900","5","-100.00","128","50","0","0","0","","0","0","0","","",""
"080053","0002","0","100300","100400","100500","100600","100700","100800","100900","101000","101100","101200","100200","99900","99800","99700","99600","99500","99400","99300","99200","99100","65","60","37","72","63","60","83","526","458","113","269","105","344","50","100","160","310","112","67","265","1537","1782","0","0","0","0","0","-99900","5","-100.00","137","0","-9","0","0","","0","0","0","","",""
"080056","0000","0","100300","100400","100500","100600","100700","100800","100900","101000","101100","101200","100200","99900","99800","99700","99600","99500","99400","99300","99200","99100","65","60","42","72","63","60","83","526","458","113","269","105","344","50","100","160","310","112","67","265","1542","1782","0","0","0","0","0","-99900","5","-100.00","137","5","0","0","0","","0","0","0","","",""
"080057","0000","0","100300","100400","100500","100600","100700","100800","100900","101000","101100","101200","100200","99900","99800","99700","99600","99500","99400","99300","99200","99100","65","60","42","72","63","60","83","526","458","113","262","105","344","50","100","160","310","112","137","265","1542","1845","0","0","0","0","0","-99900","5","-100.00","144","0","63","0","0","","0","0","0","","",""
"080057","0001","0","100300","100400","100500","100600","100700","100800","100900","101000","101100","101200","100200","99900","99800","99700","99600","99500","99400","99300","99200","99100","65","60","43","72","63","60","83","526","458","113","262","105","344","50","100","160","310","112","137","265","1543","1845","0","0","0","0","0","-99900","5","-100.00","144","1","0","0","0","","0","0","0","","",""
"080058","0000","0","100300","100400","100500","100600","100700","100800","100900","101000","101100","101200","100200","99900","99800","99700","99600","99500","99400","99300","99200","99100","55","60","43","72","63","60","83","526","458","113","262","105","344","50","100","160","310","112","137","265","1533","1845","0","0","0","0","0","-99900","5","-100.00","154","-10","0","0","0","","0","0","0","","",""
"080059","0000","0","100300","100400","100500","100600","100700","100800","100900","101000","101100","101200","100200","99900","99800","99700","99600","99500","99400","99300","99200","99100","55","60","43","72","63","60","83","526","458","113","462","105","344","50","100","160","310","112","137","265","1533","2045","0","0","0","0","0","-99900","5","-100.00","154","0","200","0","0","","0","0","0","","",""
"080059","0001","0","100300","100400","100500","100600","100700","100800","100900","101000","101100","101200","100200","99900","99800","99700","99600","99500","99400","99300","99200","99100","55","60","43","72","63","60","83","526","458","113","462","105","344","150","100","160","310","112","137","265","1533","2145","0","0","0","0","0","-99900","5","-100.00","154","0","100","0","0","","0","0","0","","",""
"080100","0000","0","100300","100400","100500","100600","100700","100800","100900","101000","101100","101200","100200","99900","99800","99700","99600","99500","99400","99300","99200","99100","55","60","43","72","63","60","83","526","458","113","462","105","344","150","100","160","60","112","387","265","1533","2145","0","0","0","0","0","-99900","5","-100.00","154","0","0","0","0","","0","0","0","","",""
"080100","0001","0","100300","100400","100500","100600","100700","100800","100900","101000","101100","101200","100200","99900","99800","99700","99600","99500","99400","99300","99200","99100","55","60","43","72","63","60","83","526","458","113","467","105","344","150","100","160","60","112","387","265","1533","2150","0","0","0","0","0","-99900","5","-100.00","154","0","5","0","0","","0","0","0","","",""
"080101","0000","0","100300","100400","100500","100600","100700","100800","100900","101000","101100","101200","100200","100100","99900","99800","99700","99600","99500","99400","99300","99200","155","60","43","72","63","60","83","526","458","113","460","1","105","344","150","100","160","60","112","387","1633","1879","0","0","0","0","0","-99900","5","-100.00","161","100","-271","0","0","","0","0","0","","",""
"080101","0001","0","100300","100400","100500","100600","100700","100800","100900","101000","101100","101200","100200","100100","100000","99900","99800","99700","99600","99500","99400","99300","155","60","43","72","63","60","83","526","458","113","460","1","300","105","344","150","100","160","60","112","1633","1792","0","0","0","0","0","-99900","5","-100.00","161","0","-87","0","0","","0","0","0","","",""
"080102","0000","0","100300","100400","100500","100600","100700","100800","100900","101000","101100","101200","100200","100100","100000","99900","99800","99700","99600","99500","99400","99300","155","60","43","72","63","60","83","576","458","113","460","1","300","162","344","150","100","160","60","112","1683","1849","0","0","0","0","0","-99900","5","-100.00","161","50","57","0","0","","0","0","0","","",""
"080102","0001","0","100300","100400","100500","100600","100700","100800","100900","101000","101100","101200","100200","100100","100000","99900","99800","99700","99600","99500","99400","99300","155","60","43","72","63","60","83","576","458","113","460","1","300","162","344","150","100","161","60","112","1683","1850","0","0","0","0","0","-99900","5","-100.00","161","0","1","0","0","","0","0","0","","",""
"080102","0002","0","100300","100400","100500","100600","100700","100800","100900","101000","101100","101200","100200","100100","100000","99900","99800","99700","99600","99500","99400","99300","155","60","43","72","63","60","83","576","279","113","281","1","300","162","344","150","100","161","60","112","1504","1671","0","0","0","0","0","-99900","5","-100.00","340","-179","-179","0","0","","0","0","0","","",""
"080103","0000","0","100300","100400","100500","100600","100700","100800","100900","101000","101100","101200","100200","100100","100000","99900","99800","99700","99600","99500","99400","99300","155","60","43","72","63","62","83","576","279","113","281","1","300","162","344","150","100","161","60","112","1506","1671","0","0","0","0","0","-99900","5","-100.00","340","2","0","0","0","","0","0","0","","",""
"080103","0001","0","100300","100400","100500","100600","100700","100800","100900","101000","101100","101200","100200","100100","100000","99900","99800","99700","99600","99500","99400","99300","160","60","43","72","63","62","83","576","279","113","281","1","300","162","344","150","100","161","60","112","1511","1671","0","0","0","0","0","-99900","5","-100.00","340","5","0","0","0","","0","0","0","","",""
"080105","0000","0","100300","100400","100500","100600","100700","100800","100900","101000","101100","101200","100200","100100","100000","99900","99800","99700","99600","99500","99400","99300","160","60","93","72","63","62","83","576","279","113","281","1","300","162","344","150","100","161","60","112","1561","1671","0","0","0","0","0","-99900","5","-100.00","340","50","0","0","0","","0","0","0","","",""
"080105","0001","0","100300","100400","100500","100600","100700","100800","100900","101000","101100","101200","100200","100100","100000","99900","99800","99700","99600","99500","99400","99300","160","60","96","72","63","62","83","576","279","113","281","1","300","162","344","150","100","161","60","112","1564","1671","0","0","0","0","0","-99900","5","-100.00","340","3","0","0","0","","0","0","0","","",""
"080106","0000","0","100300","100400","100500","100600","100700","100800","100900","101000","101100","101200","100200","100100","100000","99900","99800","99700","99600","99500","99400","99300","160","60","96","72","63","62","84","576","279","113","189","1","300","162","344","150","100","161","60","112","1565","1579","0","0","0","0","0","-99900","5","-100.00","432","1","-92","0","0","","0","0","0","","",""
"080106","0001","0","100300","100400","100500","100600","100700","100800","100900","101000","101100","101200","100200","100100","100000","99900","99800","99700","99600","99500","99400","99300","160","60","96","72","63","62","84","576","279","113","189","1","300","162","344","51","100","161","60","112","1565","1480","0","0","0","0","0","-99900","5","-100.00","432","0","-99","0","0","","0","0","0","","",""
"080107","0000","0","100300","100400","100500","100600","100700","100800","100900","101000","101100","101200","100200","100100","100000","99900","99800","99700","99600","99500","99400","99300","160","60","96","72","63","62","84","576","279","113","189","1","300","162","344","51","100","161","60","172","1565","1540","0","0","0","0","0","-99900","5","-100.00","432","0","60","0","0","","0","0","0","","",""
"080107","0001","0","100300","100400","100500","100600","100700","100800","100900","101000","101100","101200","100200","100100","100000","99900","99800","99700","99600","99500","99400","99300","180","60","96","72","63","62","84","571","279","113","168","1","300","162","344","51","100","161","60","172","1580","1519","0","0","0","0","0","-99900","5","-100.00","453","15","-21","0","0","","0","0","0","","",""
"080107","0002","0","100300","100400","100500","100600","100700","100800","100900","101000","101100","101200","100200","100100","100000","99900","99800","99700","99600","99500","99400","99300","180","65","96","72","63","62","84","571","279","113","168","1","300","162","344","51","100","161","60","172","1585","1519","0","0","0","0","0","-99900","5","-100.00","453","5","0","0","0","","0","0","0","","",""
"080109","0000","0","100300","100400","100500","100600","100700","100800","100900","101000","101100","101200","100200","100100","100000","99900","99800","99700","99600","99500","99400","99300","180","65","96","72","63","62","84","571","279","113","168","1","300","163","344","51","100","161","60","172","1585","1520","0","0","0","0","0","-99900","5","-100.00","453","0","1","0","0","","0","0","0","","",""
"080110","0000","0","100300","100400","100500","100600","100700","100800","100900","101000","101100","101200","100200","100100","100000","99900","99800","99700","99600","99500","99400","99300","180","65","96","122","63","62","84","571","279","113","168","1","300","163","344","51","100","161","60","172","1635","1520","0","0","0","0","0","-99900","5","-100.00","453","50","0","0","0","","0","0","0","","",""
"080111","0000","0","100300","100400","100500","100600","100700","100800","100900","101000","101100","101200","100200","100100","100000","99900","99800","99700","99600","99500","99400","99300","180","65","96","122","63","62","84","571","284","113","168","1","300","163","344","51","100","161","60","172","1640","1520","0","0","0","0","0","-99900","5","-100.00","453","5","0","0","0","","0","0","0","","",""
"080111","0001","0","100300","100400","100500","100600","100700","100800","100900","101000","101100","101200","100200","100100","100000","99900","99800","99700","99600","99500","99400","99300","180","65","96","122","63","62","84","571","284","113","168","1","300","163","344","51","100","61","60","172","1640","1420","0","0","0","0","0","-99900","5","-100.00","453","0","-100","0","0","","0","0","0","","",""
"080112","0000","0","100300","100400","100500","100600","100700","100800","100900","101000","101100","101200","100200","100100","100000","99900","99800","99700","99600","99500","99400","99300","180","65","96","122","63","62","84","571","775","113","168","1","300","163","344","51","100","61","60","172","2131","1420","0","0","0","0","0","-99900","5","-100.00","453","491","0","0","0","","0","0","0","","",""
"080113","0000","0","100300","100400","100500","100600","100700","100800","100900","101000","101100","101200","100200","100100","100000","99900","99800","99700","99600","99500","99400","99300","180","65","96","122","63","62","84","571","775","113","168","1","300","163","344","61","100","61","60","172","2131","1430","0","0","0","0","0","-99900","5","-100.00","453","0","10","0","0","","0","0","0","","",""
"080113","0001","0","100300","100400","100500","100600","100700","100800","100900","101000","101100","101200","100200","100100","100000","99900","99800","99700","99600","99500","99400","99300","180","65","96","122","63","62","84","571","775","113","168","1","300","163","344","61","100","91","60","172","2131","1460","0","0","0","0","0","-99900","5","-100.00","453","0","30","0","0","","0","0","0","","",""
"080113","0002","0","100300","100400","100500","100600","100700","100800","100900","101000","101100","101200","100200","100100","100000","99900","99800","99700","99600","99500","99400","99300","180","65","96","122","63","62","84","571","825","113","168","1","300","163","344","61","100","91","60","172","2181","1460","0","0","0","0","0","-99900","5","-100.00","453","50","0","0","0","","0","0","0","","",""
"080113","0003","0","100300","100400","100500","100600","100700","100800","100900","101000","101100","101200","100200","100100","100000","99900","99800","99700","99600","99500","99400","99300","180","65","96","122","63","62","80","571","825","113","168","1","300","163","344","61","100","91","60","172","2177","1460","0","0","0","0","0","-99900","5","-100.00","453","-4","0","0","0","","0","0","0","","",""
"080114","0000","0","100300","100400","100500","100600","100700","100800","100900","101000","101100","101200","100200","100100","100000","99900","99800","99700","99600","99500","99400","99300","180","65","96","122","63","62","80","581","825","113","168","1","300","163","344","61","100","91","60","172","2187","1460","0","0","0","0","0","-99900","5","-100.00","453","10","0","0","0","","0","0","0","","",""
"080115","0000","0","100300","100400","100500","100600","100700","100800","100900","101000","101100","101200","100200","100100","100000","99900","99800","99700","99600","99500","99400","99300","180","65","96","122","113","62","80","581","825","133","168","1","300","163","344","61","100","91","60","172","2257","1460","0","0","0","0","0","-99900","5","-100.00","453","70","0","0","0","","0","0","0","","",""
"080117","0000","0","100300","100400","100500","100600","100700","100800","100900","101000","101100","101200","100200","100100","100000","99900","99800","99700","99600","99500","99400","99300","180","65","96","122","113","62","80","583","825","133","1","1","300","163","344","61","100","91","60","172","2259","1293","0","0","0","0","0","-99900","5","-100.00","620","2","-167","0","0","","0","0","0","","",""
"080119","0000","0","100300","100400","100500","100600","100700","100800","100900","101000","101100","101200","100200","100100","100000","99900","99800","99700","99600","99500","99400","99300","180","65","96","122","113","62","80","583","825","133","1","1","300","163","344","61","100","101","60","172","2259","1303","0","0","0","0","0","-99900","5","-100.00","620","0","10","0","0","","0","0","0","","",""
"080119","0001","0","100300","100400","100500","100600","100700","100800","100900","101000","101100","101200","100200","100100","100000","99900","99800","99700","99600","99500","99400","99300","175","65","96","122","113","62","80","583","825","133","1","1","300","163","344","61","100","101","60","172","2254","1303","0","0","0","0","0","-99900","5","-100.00","625","-5","0","0","0","","0","0","0","","",""
"080122","0000","0","100300","100400","100500","100600","100700","100800","100900","101000","101100","101200","100200","100100","100000","99900","99800","99700","99600","99500","99400","99300","175","65","96","122","113","62","80","583","841","133","1","1","300","163","344","61","100","101","60","172","2270","1303","0","0","0","0","0","-99900","5","-100.00","625","16","0","0","0","","0","0","0","","",""
"080123","0000","0","100300","100400","100500","100600","100700","100800","100900","101000","101100","101200","100100","100000","99900","99800","99700","99600","99500","99400","99300","99200","175","65","96","122","113","62","80","583","841","133","201","300","163","344","61","100","101","60","172","387","2270","1889","0","0","0","0","0","-99900","5","-100.00","627","0","586","0","0","","0","0","0","","",""
"080124","0000","0","100300","100400","100500","100600","100700","100800","100900","101000","101100","101200","100100","100000","99900","99800","99700","99600","99500","99400","99300","99200","175","60","96","122","113","62","80","583","841","133","201","300","163","344","61","100","101","60","172","387","2265","1889","0","0","0","0","0","-99900","5","-100.00","627","-5","0","0","0","","0","0","0","","",""
"080124","0001","0","100300","100400","100500","100600","100700","100800","100900","101000","101100","101200","100100","100000","99900","99800","99700","99600","99500","99400","99300","99200","175","60","96","122","113","62","80","591","841","133","201","300","163","344","61","100","101","60","172","387","2273","1889","0","0","0","0","0","-99900","5","-100.00","627","8","0","0","0","","0","0","0","","",""
"080126","0000","0","100300","100400","100500","100600","100700","100800","100900","101000","101100","101200","100100","100000","99900","99800","99700","99600","99500","99400","99300","99200","175","60","96","122","113","62","81","591","841","133","201","300","163","344","61","100","101","60","172","387","2274","1889","0","0","0","0","0","-99900","5","-100.00","627","1","0","0","0","","0","0","0","","",""
"080126","0001","0","100300","100400","100500","100600","100700","100800","100900","101000","101100","101200","100100","100000","99900","99800","99700","99600","99500","99400","99300","99200","175","60","96","122","113","62","81","591","841","133","401","300","163","344","61","100","101","60","172","387","2274","2089","0","0","0","0","0","-99900","5","-100.00","627","0","200","0","0","","0","0","0","","",""
"080127","0000","0","100200","100300","100400","100500","100600","100700","100800","100900","101000","101100","100100","100000","99900","99800","99700","99600","99500","99400","99300","99200","10","175","60","96","122","113","112","91","591","831","401","300","163","344","61","100","101","60","172","387","2201","2089","0","0","0","0","0","-99900","5","-100.00","627","-73","0","0","0","","0","0","0","","",""
"080128","0000","0","100200","100300","100400","100500","100600","100700","100800","100900","101000","101100","100100","100000","99900","99800","99700","99600","99500","99400","99300","99200","10","175","60","96","122","113","112","91","591","831","401","300","163","344","61","100","101","60","172","387","2201","2089","0","0","0","0","0","-99900","5","-100.00","627","0","0","0","0","","0","0","0","","",""
"080133","0000","0","100200","100300","100400","100500","100600","100700","100800","100900","101000","101100","100100","100000","99900","99800","99700","99600","99500","99400","99300","99200","10","175","60","96","122","113","112","141","591","831","401","300","163","344","61","100","101","60","172","387","2251","2089","0","0","0","0","0","-99900","5","-100.00","627","50","0","0","0","","0","0","0","","",""
"080135","0000","0","100300","100400","100500","100600","100700","100800","100900","101000","101100","101200","100100","100000","99900","99800","99700","99600","99500","99400","99300","99200","175","60","96","122","113","112","141","591","831","135","401","300","163","344","61","100","101","60","172","387","2376","2089","0","0","0","0","0","-99900","5","-100.00","637","125","0","0","0","","0","0","0","","",""
"080136","0000","0","100300","100400","100500","100600","100700","100800","100900","101000","101100","101200","100100","100000","99900","99800","99700","99600","99500","99400","99300","99200","175","60","96","122","113","112","141","591","1271","135","401","300","163","344","61","100","101","60","172","387","2816","2089","0","0","0","0","0","-99900","5","-100.00","637","440","0","0","0","","0","0","0","","",""
"080140","0000","0","100300","100400","100500","100600","100700","100800","100900","101000","101100","101200","100100","100000","99900","99800","99700","99600","99500","99400","99300","99200","175","60","96","122","113","112","141","641","1271","135","401","300","163","344","61","100","101","60","172","387","2866","2089","0","0","0","0","0","-99900","5","-100.00","637","50","0","0","0","","0","0","0","","",""
"080141","0000","0","100300","100400","100500","100600","100700","100800","100900","101000","101100","101200","100200","100100","100000","99900","99800","99700","99600","99500","99400","99300","175","60","96","122","113","112","141","641","1271","135","621","401","300","163","344","61","100","101","60","172","2866","2323","0","0","0","0","0","-99900","5","-100.00","637","0","234","0","0","","0","0","0","","",""
"080141","0001","0","100400","100500","100600","100700","100800","100900","101000","101100","101200","101300","100300","100100","100000","99900","99800","99700","99600","99500","99400","99300","60","96","122","113","112","141","641","1271","135","338","621","401","300","163","344","61","100","101","60","172","3029","2323","0","0","0","0","0","-99900","5","-100.00","812","163","0","0","0","","0","0","0","","",""
"080142","0000","0","100500","100600","100700","100800","100900","101000","101100","101200","101300","101400","100400","100100","100000","99900","99800","99700","99600","99500","99400","99300","96","122","113","112","141","641","1271","135","380","1804","561","401","300","163","344","61","100","101","60","172","4815","2263","0","0","0","0","0","-99900","5","-100.00","872","1786","-60","0","0","","0","0","0","","",""
"080144","0000","0","100600","100700","100800","100900","101000","101100","101200","101300","101400","101500","100500","100100","100000","99900","99800","99700","99600","99500","99400","99300","122","133","112","141","641","1271","135","380","1804","908","417","401","300","163","344","61","100","101","60","172","5647","2119","0","0","0","0","0","-99900","5","-100.00","1016","832","-144","0","0","","0","0","0","","",""
"080145","0000","0","100600","100700","100800","100900","101000","101100","101200","101300","101400","101500","100500","100100","100000","99900","99800","99700","99600","99500","99400","99300","122","133","112","141","641","1271","135","385","1804","908","417","401","300","163","344","61","100","101","60","172","5652","2119","0","0","0","0","0","-99900","5","-100.00","1016","5","0","0","0","","0","0","0","","",""
"080146","0000","0","100600","100700","100800","100900","101000","101100","101200","101300","101400","101500","100500","100100","100000","99900","99800","99700","99600","99500","99400","99300","122","133","112","141","631","1271","135","385","1804","918","417","401","300","163","344","61","100","101","60","172","5652","2119","0","0","0","0","0","-99900","5","-100.00","1016","0","0","0","0","","0","0","0","","",""
"080148","0000","0","100600","100700","100800","100900","101000","101100","101200","101300","101400","101500","100500","100100","100000","99900","99800","99700","99600","99500","99400","99300","122","133","112","141","633","1271","135","385","1804","918","417","401","300","163","344","61","100","101","60","172","5654","2119","0","0","0","0","0","-99900","5","-100.00","1016","2","0","0","0","","0","0","0","","",""
"080148","0001","0","100600","100700","100800","100900","101000","101100","101200","101300","101400","101500","100500","100100","100000","99900","99800","99700","99600","99500","99400","99300","122","133","112","141","633","1271","135","385","1804","918","326","401","300","163","344","61","100","101","60","172","5654","2028","0","0","0","0","0","-99900","5","-100.00","1107","0","-91","0","0","","0","0","0","","",""
"080150","0000","0","100600","100700","100800","100900","101000","101100","101200","101300","101400","101500","100500","100100","100000","99900","99800","99700","99600","99500","99400","99300","122","133","112","138","633","1271","135","385","1804","918","323","401","300","163","344","61","100","101","60","172","5651","2025","0","0","0","0","0","-99900","5","-100.00","1110","-3","-3","0","0","","0","0","0","","",""
"080151","0000","0","100600","100700","100800","100900","101000","101100","101200","101300","101400","101500","100500","100100","100000","99900","99800","99700","99600","99500","99400","99300","122","133","112","138","643","1271","135","385","1804","918","323","401","300","163","344","61","100","101","60","172","5661","2025","0","0","0","0","0","-99900","5","-100.00","1110","10","0","0","0","","0","0","0","","",""
"080152","0000","0","100600","100700","100800","100900","101000","101100","101200","101300","101400","101500","100500","100100","100000","99900","99800","99700","99600","99500","99400","99300","132","133","112","138","643","1271","135","385","1804","918","323","401","300","163","344","61","100","101","60","172","5671","2025","0","0","0","0","0","-99900","5","-100.00","1110","10","0","0","0","","0","0","0","","",""
"080153","0000","0","100600","100700","100800","100900","101000","101100","101200","101300","101400","101500","100500","100100","100000","99900","99800","99700","99600","99500","99400","99300","132","133","112","138","643","1274","135","385","1804","918","323","401","300","163","344","61","100","101","60","172","5674","2025","0","0","0","0","0","-99900","5","-100.00","1110","3","0","0","0","","0","0","0","","",""
"080155","0000","0","100600","100700","100800","100900","101000","101100","101200","101300","101400","101500","100500","100100","100000","99900","99800","99700","99600","99500","99400","99300","182","133","112","138","643","1274","135","385","1804","918","324","401","300","163","344","61","100","101","60","172","5724","2026","0","0","0","0","0","-99900","5","-100.00","1110","50","1","0","0","","0","0","0","","",""
"080157","0000","0","100600","100700","100800","100900","101000","101100","101200","101300","101400","101500","100500","100100","100000","99900","99800","99700","99600","99500","99400","99300","182","133","112","138","643","1274","135","385","1804","918","322","401","300","163","344","61","100","101","60","172","5724","2024","0","0","0","0","0","-99900","5","-100.00","1112","0","-2","0","0","","0","0","0","","",""
"080157","0001","0","100600","100700","100800","100900","101000","101100","101200","101300","101400","101500","100500","100100","100000","99900","99800","99700","99600","99500","99400","99300","182","133","112","138","643","1274","135","385","1804","918","312","401","300","163","344","61","100","101","60","172","5724","2014","0","0","0","0","0","-99900","5","-100.00","1122","0","-10","0","0","","0","0","0","","",""
"080159","0000","0","100600","100700","100800","100900","101000","101100","101200","101300","101400","101500","100500","100100","100000","99900","99800","99700","99600","99500","99400","99300","182","133","112","138","643","1274","135","385","1804","918","311","401","300","163","344","61","100","101","60","172","5724","2013","0","0","0","0","0","-99900","5","-100.00","1123","0","-1","0","0","","0","0","0","","",""
"080200","0000","0","100600","100700","100800","100900","101000","101100","101200","101300","101400","101500","100500","100100","100000","99900","99800","99700","99600","99500","99400","99300","182","133","112","138","643","1274","135","385","1804","918","261","401","300","163","344","61","100","101","60","172","5724","1963","0","0","0","0","0","-99900","5","-100.00","1173","0","-50","0","0","","0","0","0","","",""
"080200","0001","0","100600","100700","100800","100900","101000","101100","101200","101300","101400","101500","100500","100100","100000","99900","99800","99700","99600","99500","99400","99300","182","183","112","138","643","1274","135","385","1804","921","261","401","300","163","344","61","100","101","60","172","5777","1963","0","0","0","0","0","-99900","5","-100.00","1173","53","0","0","0","","0","0","0","","",""
"080201","0000","0","100600","100700","100800","100900","101000","101100","101200","101300","101400","101500","100500","100100","100000","99900","99800","99700","99600","99500","99400","99300","182","183","112","138","643","1574","135","385","1804","921","261","401","300","163","344","61","100","101","60","172","6077","1963","0","0","0","0","0","-99900","5","-100.00","1173","300","0","0","0","","0","0","0","","",""
"080202","0000","0","100600","100700","100800","100900","101000","101100","101200","101300","101400","101500","100500","100100","100000","99900","99800","99700","99600","99500","99400","99300","182","183","112","138","643","1574","135","385","1804","921","261","402","300","163","344","61","100","101","60","172","6077","1964","0","0","0","0","0","-99900","5","-100.00","1173","0","1","0","0","","0","0","0","","",""
"080203","0000","0","100600","100700","100800","100900","101000","101100","101200","101300","101400","101500","100500","100100","100000","99900","99800","99700","99600","99500","99400","99300","183","183","112","138","643","1574","135","385","1804","921","261","402","300","163","344","61","100","101","60","172","6078","1964","0","0","0","0","0","-99900","5","-100.00","1173","1","0","0","0","","0","0","0","","",""
"080205","0000","0","100600","100700","100800","100900","101000","101100","101200","101300","101400","101500","100500","100100","100000","99900","99800","99700","99600","99500","99400","99300","183","183","162","138","643","1574","135","385","1804","921","261","402","300","163","344","61","100","101","60","172","6128","1964","0","0","0","0","0","-99900","5","-100.00","1173","50","0","0","0","","0","0","0","","",""
"080205","0001","0","100600","100700","100800","100900","101000","101100","101200","101300","101400","101500","100500","100100","100000","99900","99800","99700","99600","99500","99400","99300","183","183","162","138","643","1575","135","385","1804","921","261","402","300","163","344","61","100","101","60","172","6129","1964","0","0","0","0","0","-99900","5","-100.00","1173","1","0","0","0","","0","0","0","","",""
"080208","0000","0","100600","100700","100800","100900","101000","101100","101200","101300","101400","101500","100500","100100","100000","99900","99800","99700","99600","99500","99400","99300","183","183","162","138","643","1575","135","385","1804","921","261","402","300","163","344","62","100","101","60","172","6129","1965","0","0","0","0","0","-99900","5","-100.00","1173","0","1","0","0","","0","0","0","","",""
"080208","0001","0","100600","100700","100800","100900","101000","101100","101200","101300","101400","101500","100500","100100","100000","99900","99800","99700","99600","99500","99400","99300","183","183","162","138","643","1575","135","385","1804","921","260","402","300","163","344","62","100","101","60","172","6129","1964","0","0","0","0","0","-99900","5","-100.00","1174","0","-1","0","0","","0","0","0","","",""
"080209","0000","0","100600","100700","100800","100900","101000","101100","101200","101300","101400","101500","100500","100100","100000","99900","99800","99700","99600","99500","99400","99300","183","183","162","158","643","1575","135","385","1804","921","260","402","300","163","344","62","100","101","60","172","6149","1964","0","0","0","0","0","-99900","5","-100.00","1174","20","0","0","0","","0","0","0","","",""
"080210","0000","0","100600","100700","100800","100900","101000","101100","101200","101300","101400","101500","100500","100100","100000","99900","99800","99700","99600","99500","99400","99300","183","183","162","208","643","1575","135","385","1838","921","260","402","300","163","344","62","100","101","60","172","6233","1964","0","0","0","0","0","-99900","5","-100.00","1174","84","0","0","0","","0","0","0","","",""
"080210","0001","0","100600","100700","100800","100900","101000","101100","101200","101300","101400","101500","100500","100100","100000","99900","99800","99700","99600","99500","99400","99300","183","183","162","208","643","1575","135","385","1838","921","259","402","300","163","344","62","100","101","60","172","6233","1963","0","0","0","0","0","-99900","5","-100.00","1175","0","-1","0","0","","0","0","0","","",""
"080211","0000","0","100600","100700","100800","100900","101000","101100","101200","101300","101400","101500","100500","100200","100100","100000","99900","99800","99700","99600","99500","99400","183","183","162","208","643","1555","135","385","1838","921","259","200","202","300","163","344","62","100","101","60","6213","1791","0","0","0","0","0","-99900","5","-100.00","1175","-20","-172","0","0","","0","0","0","","",""
"080211","0001","0","100600","100700","100800","100900","101000","101100","101200","101300","101400","101500","100500","100200","100100","100000","99900","99800","99700","99600","99500","99400","183","183","162","208","643","1555","135","385","1838","921","258","200","202","300","163","344","62","100","101","60","6213","1790","0","0","0","0","0","-99900","5","-100.00","1176","0","-1","0","0","","0","0","0","","",""
"080212","0000","0","100600","100700","100800","100900","101000","101100","101200","101300","101400","101500","100500","100200","100100","100000","99900","99800","99700","99600","99500","99400","183","183","302","208","643","1555","135","385","1838","921","258","200","202","300","163","344","62","100","101","60","6353","1790","0","0","0","0","0","-99900","5","-100.00","1176","140","0","0","0","","0","0","0","","",""
"080212","0001","0","100600","100700","100800","100900","101000","101100","101200","101300","101400","101500","100500","100200","100100","100000","99900","99800","99700","99600","99500","99400","184","183","302","208","643","1555","135","385","1838","921","258","200","202","300","163","344","62","100","101","60","6354","1790","0","0","0","0","0","-99900","5","-100.00","1176","1","0","0","0","","0","0","0","","",""
"080212","0002","0","100600","100700","100800","100900","101000","101100","101200","101300","101400","101500","100500","100200","100100","100000","99900","99800","99700","99600","99500","99400","184","183","302","208","643","1555","135","385","1838","921","259","200","202","300","163","344","62","100","101","60","6354","1791","0","0","0","0","0","-99900","5","-100.00","1176","0","1","0","0","","0","0","0","","",""
"080214","0000","0","100600","100700","100800","100900","101000","101100","101200","101300","101400","101500","100500","100200","100100","100000","99900","99800","99700","99600","99500","99400","184","183","302","208","643","1555","135","385","1838","921","258","200","202","300","163","344","62","100","101","60","6354","1790","0","0","0","0","0","-99900","5","-100.00","1176","0","-1","0","0","","0","0","0","","",""
"080214","0001","0","100600","100700","100800","100900","101000","101100","101200","101300","101400","101500","100500","100200","100100","100000","99900","99800","99700","99600","99500","99400","184","183","302","208","643","1555","135","785","1838","521","258","200","202","300","163","344","62","100","101","60","6354","1790","0","0","0","0","0","-99900","5","-100.00","1176","0","0","0","0","","0","0","0","","",""
"080215","0000","0","100600","100700","100800","100900","101000","101100","101200","101300","101400","101500","100500","100200","100100","100000","99900","99800","99700","99600","99500","99400","184","183","302","208","693","1555","135","785","1838","521","258","200","202","300","163","344","62","100","101","60","6404","1790","0","0","0","0","0","-99900","5","-100.00","1176","50","0","0","0","","0","0","0","","",""
"080216","0000","0","100600","100700","100800","100900","101000","101100","101200","101300","101400","101500","100500","100200","100100","100000","99900","99800","99700","99600","99500","99400","184","183","302","208","743","1555","135","785","1838","521","258","200","202","300","163","344","62","100","101","60","6454","1790","0","0","0","0","0","-99900","5","-100.00","1176","50","0","0","0","","0","0","0","","",""
"080218","0000","0","100600","100700","100800","100900","101000","101100","101200","101300","101400","101500","100500","100200","100100","100000","99900","99800","99700","99600","99500","99400","184","183","302","208","743","1115","135","785","1838","521","258","200","202","300","163","344","62","100","101","60","6014","1790","0","0","0","0","0","-99900","5","-100.00","1176","-440","0","0","0","","0","0","0","","",""
"080219","0000","0","100600","100700","100800","100900","101000","101100","101200","101300","101400","101500","100500","100200","100100","100000","99900","99800","99700","99600","99500","99400","184","183","305","208","743","1115","135","785","1838","521","258","200","202","300","163","344","62","100","101","60","6017","1790","0","0","0","0","0","-99900","5","-100.00","1176","3","0","0","0","","0","0","0","","",""
"080220","0000","0","100600","100700","100800","100900","101000","101100","101200","101300","101400","101500","100500","100200","100100","100000","99900","99800","99700","99600","99500","99400","184","183","305","208","743","1115","135","785","1838","521","257","200","202","300","163","344","62","100","101","60","6017","1789","0","0","0","0","0","-99900","5","-100.00","1177","0","-1","0","0","","0","0","0","","",""
"080220","0001","0","100600","100700","100800","100900","101000","101100","101200","101300","101400","101500","100500","100200","100100","100000","99900","99800","99700","99600","99500","99400","184","183","305","208","743","1165","135","785","1838","521","307","200","202","300","163","344","62","100","101","60","6067","1839","0","0","0","0","0","-99900","5","-100.00","1177","50","50","0","0","","0","0","0","","",""
"080222","0000","0","100600","100700","100800","100900","101000","101100","101200","101300","101400","101500","100500","100200","100100","100000","99900","99800","99700","99600","99500","99400","184","183","305","208","793","1165","135","785","1838","521","307","200","202","300","163","344","62","100","101","60","6117","1839","0","0","0","0","0","-99900","5","-100.00","1177","50","0","0","0","","0","0","0","","",""
"080223","0000","0","100600","100700","100800","100900","101000","101100","101200","101300","101400","101500","100500","100200","100100","100000","99900","99800","99700","99600","99500","99400","184","183","305","208","793","1165","135","785","1838","529","307","200","202","300","163","344","62","100","101","60","6125","1839","0","0","0","0","0","-99900","5","-100.00","1177","8","0","0","0","","0","0","0","","",""
"080226","0000","0","100600","100700","100800","100900","101000","101100","101200","101300","101400","101500","100500","100200","100100","100000","99900","99800","99700","99600","99500","99400","184","183","305","208","793","1165","185","785","1838","529","307","200","202","300","163","344","62","100","101","60","6175","1839","0","0","0","0","0","-99900","5","-100.00","1177","50","0","0","0","","0","0","0","","",""
"080226","0001","0","100600","100700","100800","100900","101000","101100","101200","101300","101400","101500","100500","100200","100100","100000","99900","99800","99700","99600","99500","99400","184","183","305","208","793","1264","185","785","1838","529","249","200","202","300","163","344","62","100","101","60","6274","1781","0","0","0","0","0","-99900","5","-100.00","1235","99","-58","0","0","","0","0","0","","",""
"080228","0000","0","100600","100700","100800","100900","101000","101100","101200","101300","101400","101500","100500","100200","100100","100000","99900","99800","99700","99600","99500","99400","184","183","305","208","793","1264","185","785","1838","529","248","200","202","300","163","344","62","100","101","60","6274","1780","0","0","0","0","0","-99900","5","-100.00","1236","0","-1","0","0","","0","0","0","","",""
"080229","0000","0","100600","100700","100800","100900","101000","101100","101200","101300","101400","101500","100500","100200","100100","100000","99900","99800","99700","99600","99500","99400","184","183","305","208","793","1264","185","785","1838","529","261","200","202","300","163","344","62","100","101","60","6274","1793","0","0","0","0","0","-99900","5","-100.00","1236","0","13","0","0","","0","0","0","","",""
"080229","0001","0","100600","100700","100800","100900","101000","101100","101200","101300","101400","101500","100500","100200","100100","100000","99900","99800","99700","99600","99500","99400","184","183","305","208","793","1264","185","795","1838","529","261","200","202","300","163","344","62","100","101","60","6284","1793","0","0","0","0","0","-99900","5","-100.00","1236","10","0","0","0","","0","0","0","","",""
"080230","0000","0","100600","100700","100800","100900","101000","101100","101200","101300","101400","101500","100500","100200","100100","100000","99900","99800","99700","99600","99500","99400","184","183","305","208","793","1264","185","795","1838","529","211","200","202","300","163","344","62","100","101","60","6284","1743","0","0","0","0","0","-99900","5","-100.00","1286","0","-50","0","0","","0","0","0","","",""
"080230","0001","0","100600","100700","100800","100900","101000","101100","101200","101300","101400","101500","100500","100200","100100","100000","99900","99800","99700","99600","99500","99400","184","185","305","208","793","1262","185","795","1838","529","211","200","202","300","163","344","62","100","101","60","6284","1743","0","0","0","0","0","-99900","5","-100.00","1286","0","0","0","0","","0","0","0","","",""
"080230","0002","0","100600","100700","100800","100900","101000","101100","101200","101300","101400","101500","100500","100300","100200","100100","100000","99900","99800","99700","99600","99500","184","185","305","208","793","1262","185","795","1838","529","211","100","200","202","300","163","344","62","100","101","6284","1783","0","0","0","0","0","-99900","5","-100.00","1286","0","40","0","0","","0","0","0","","",""
"080231","0000","0","100600","100700","100800","100900","101000","101100","101200","101300","101400","101500","100500","100300","100200","100100","100000","99900","99800","99700","99600","99500","184","185","305","208","793","1263","185","795","1838","529","211","100","200","202","300","163","344","62","100","101","6285","1783","0","0","0","0","0","-99900","5","-100.00","1286","1","0","0","0","","0","0","0","","",""
"080232","0000","0","100600","100700","100800","100900","101000","101100","101200","101300","101400","101500","100500","100300","100200","100100","100000","99900","99800","99700","99600","99500","185","185","305","208","793","1263","185","795","1838","529","211","100","200","202","300","163","344","62","100","101","6286","1783","0","0","0","0","0","-99900","5","-100.00","1286","1","0","0","0","","0","0","0","","",""
"080232","0001","0","100600","100700","100800","100900","101000","101100","101200","101300","101400","101500","100500","100300","100200","100100","100000","99900","99800","99700","99600","99500","185","185","305","208","793","1263","185","845","1838","529","211","100","200","202","300","163","344","62","100","101","6336","1783","0","0","0","0","0","-99900","5","-100.00","1286","50","0","0","0","","0","0","0","","",""
"080233","0000","0","100600","100700","100800","100900","101000","101100","101200","101300","101400","101500","100500","100300","100200","100100","100000","99900","99800","99700","99600","99500","185","165","305","208","793","1263","185","845","1838","529","191","100","200","202","300","163","344","62","100","101","6316","1763","0","0","0","0","0","-99900","5","-100.00","1306","-20","-20","0","0","","0","0","0","","",""
"080233","0001","0","100600","100700","100800","100900","101000","101100","101200","101300","101400","101500","100500","100300","100200","100100","100000","99900","99800","99700","99600","99500","185","165","305","208","806","1263","185","845","1838","529","191","100","200","202","300","163","345","62","100","101","6329","1764","0","0","0","0","0","-99900","5","-100.00","1306","13","1","0","0","","0","0","0","","",""
"080234","0000","0","100600","100700","100800","100900","101000","101100","101200","101300","101400","101500","100500","100300","100200","100100","100000","99900","99800","99700","99600","99500","185","165","305","208","806","1263","185","845","1838","529","190","100","200","202","300","163","345","62","100","101","6329","1763","0","0","0","0","0","-99900","5","-100.00","1307","0","-1","0","0","","0","0","0","","",""
"080234","0001","0","100600","100700","100800","100900","101000","101100","101200","101300","101400","101500","100500","100300","100200","100100","100000","99900","99800","99700","99600","99500","185","165","305","208","806","1263","185","845","1838","529","170","100","200","202","300","163","345","62","100","102","6329","1744","0","0","0","0","0","-99900","5","-100.00","1327","0","-19","0","0","","0","0","0","","",""
"080235","0000","0","100600","100700","100800","100900","101000","101100","101200","101300","101400","101500","100500","100300","100200","100100","100000","99900","99800","99700","99600","99500","185","165","305","208","806","1263","185","845","1838","579","170","100","200","202","300","163","345","62","100","102","6379","1744","0","0","0","0","0","-99900","5","-100.00","1327","50","0","0","0","","0","0","0","","",""
"080235","0001","0","100600","100700","100800","100900","101000","101100","101200","101300","101400","101500","100300","100200","100100","100000","99900","99800","99700","99600","99500","99400","185","165","305","208","806","1263","185","845","1838","579","100","200","202","300","163","345","62","100","102","60","6379","1634","0","0","0","0","0","-99900","5","-100.00","1497","0","-110","0","0","","0","0","0","","",""
"080236","0000","0","100600","100700","100800","100900","101000","101100","101200","101300","101400","101500","100300","100200","100100","100000","99900","99800","99700","99600","99500","99400","185","165","305","238","806","1263","185","845","1838","579","100","200","202","300","163","345","62","100","102","60","6409","1634","0","0","0","0","0","-99900","5","-100.00","1497","30","0","0","0","","0","0","0","","",""
"080237","0000","0","100600","100700","100800","100900","101000","101100","101200","101300","101400","101500","100300","100200","100100","100000","99900","99800","99700","99600","99500","99400","185","165","305","238","806","1263","185","845","1888","579","100","200","202","300","163","345","62","100","102","60","6459","1634","0","0","0","0","0","-99900","5","-100.00","1497","50","0","0","0","","0","0","0","","",""
"080239","0000","0","100600","100700","100800","100900","101000","101100","101200","101300","101400","101500","100300","100200","100100","100000","99900","99800","99700","99600","99500","99400","185","165","305","238","815","1263","185","845","1888","579","100","200","202","300","163","345","62","100","102","60","6468","1634","0","0","0","0","0","-99900","5","-100.00","1497","9","0","0","0","","0","0","0","","",""
"080239","0001","0","100600","100700","100800","100900","101000","101100","101200","101300","101400","101500","100300","100200","100100","100000","99900","99800","99700","99600","99500","99400","185","165","305","238","815","1263","185","895","1888","579","100","200","202","300","163","345","62","100","102","60","6518","1634","0","0","0","0","0","-99900","5","-100.00","1497","50","0","0","0","","0","0","0","","",""
"080239","0002","0","100600","100700","100800","100900","101000","101100","101200","101300","101400","101500","100300","100200","100100","100000","99900","99800","99700","99600","99500","99400","185","165","305","239","815","1263","185","895","1888","579","100","200","202","300","163","345","62","100","102","60","6519","1634","0","0","0","0","0","-99900","5","-100.00","1497","1","0","0","0","","0","0","0","","",""
"080241","0000","0","100600","100700","100800","100900","101000","101100","101200","101300","101400","101500","100300","100200","100100","100000","99900","99800","99700","99600","99500","99400","185","165","305","239","915","1263","185","895","1888","579","100","200","202","300","163","345","62","100","102","60","6619","1634","0","0","0","0","0","-99900","5","-100.00","1497","100","0","0","0","","0","0","0","","",""
"080241","0001","0","100500","100600","100700","100800","100900","101000","101100","101200","101300","101400","100300","100200","100100","100000","99900","99800","99700","99600","99500","99400","3","185","165","305","239","915","1263","185","895","1888","100","200","202","300","163","345","62","100","102","60","6043","1634","0","0","0","0","0","-99900","5","-100.00","1499","-576","0","0","0","","0","0","0","","",""
"080241","0002","0","100500","100600","100700","100800","100900","101000","101100","101200","101300","101400","100300","100200","100100","100000","99900","99800","99700","99600","99500","99400","33","185","165","305","239","915","1263","185","895","1888","100","200","202","300","163","345","62","100","102","60","6073","1634","0","0","0","0","0","-99900","5","-100.00","1499","30","0","0","0","","0","0","0","","",""
"080242","0000","0","100500","100600","100700","100800","100900","101000","101100","101200","101300","101400","100300","100200","100100","100000","99900","99800","99700","99600","99500","99400","55","185","165","305","239","915","1263","185","895","1888","100","200","202","300","163","345","62","100","102","60","6095","1634","0","0","0","0","0","-99900","5","-100.00","1499","22","0","0","0","","0","0","0","","",""
"080243","0000","0","100500","100600","100700","100800","100900","101000","101100","101200","101300","101400","100300","100200","100100","100000","99900","99800","99700","99600","99500","99400","278","185","165","305","239","915","1263","185","895","1888","100","200","202","300","163","345","62","100","102","60","6318","1634","0","0","0","0","0","-99900","5","-100.00","1499","223","0","0","0","","0","0","0","","",""
"080244","0000","0","100500","100600","100700","100800","100900","101000","101100","101200","101300","101400","100300","100200","100100","100000","99900","99800","99700","99600","99500","99400","278","185","165","305","239","915","1264","185","895","1888","100","200","202","300","163","345","62","100","102","60","6319","1634","0","0","0","0","0","-99900","5","-100.00","1499","1","0","0","0","","0","0","0","","",""
"080245","0000","0","100500","100600","100700","100800","100900","101000","101100","101200","101300","101400","100400","100300","100200","100100","100000","99900","99800","99700","99600","99500","278","185","165","305","239","915","1264","185","895","1888","2","100","200","202","300","163","345","62","100","102","6319","1576","0","0","0","0","0","-99900","5","-100.00","1499","0","-58","0","0","","0","0","0","","",""
"080248","0000","0","100500","100600","100700","100800","100900","101000","101100","101200","101300","101400","100400","100300","100200","100100","100000","99900","99800","99700","99600","99500","278","185","165","305","239","915","1264","185","895","1888","2","102","200","202","300","163","345","62","100","102","6319","1578","0","0","0","0","0","-99900","5","-100.00","1499","0","2","0","0","","0","0","0","","",""
"080248","0001","0","100400","100500","100600","100700","100800","100900","101000","101100","101200","101300","100300","100200","100100","100000","99900","99800","99700","99600","99500","99400","18","278","185","165","305","239","915","1264","185","895","102","200","202","300","163","345","62","100","102","60","4449","1636","0","0","0","0","0","-99900","5","-100.00","1501","-1870","58","0","0","","0","0","0","","",""
"080249","0000","0","100400","100500","100600","100700","100800","100900","101000","101100","101200","101300","100300","100200","100100","100000","99900","99800","99700","99600","99500","99400","18","278","185","165","305","239","915","1266","185","895","102","200","202","300","163","345","62","100","102","60","4451","1636","0","0","0","0","0","-99900","5","-100.00","1501","2","0","0","0","","0","0","0","","",""
"080249","0001","0","100400","100500","100600","100700","100800","100900","101000","101100","101200","101300","100300","100200","100100","100000","99900","99800","99700","99600","99500","99400","18","478","185","165","305","239","915","1266","185","895","102","200","202","300","163","345","62","100","102","60","4651","1636","0","0","0","0","0","-99900","5","-100.00","1501","200","0","0","0","","0","0","0","","",""
"080250","0000","0","100400","100500","100600","100700","100800","100900","101000","101100","101200","101300","100300","100200","100100","100000","99900","99800","99700","99600","99500","99400","18","488","185","165","305","239","915","1266","185","895","102","200","202","300","163","345","62","100","102","60","4661","1636","0","0","0","0","0","-99900","5","-100.00","1501","10","0","0","0","","0","0","0","","",""
"080250","0001","0","100400","100500","100600","100700","100800","100900","101000","101100","101200","101300","100300","100200","100100","100000","99900","99800","99700","99600","99500","99400","13","488","185","165","305","239","915","1266","185","895","102","200","202","300","163","345","62","100","102","60","4656","1636","0","0","0","0","0","-99900","5","-100.00","1506","-5","0","0","0","","0","0","0","","",""
"080251","0000","0","100400","100500","100600","100700","100800","100900","101000","101100","101200","101300","100300","100200","100100","100000","99900","99800","99700","99600","99500","99400","13","488","185","165","305","239","915","1266","185","895","102","202","202","300","163","345","62","100","102","60","4656","1638","0","0","0","0","0","-99900","5","-100.00","1506","0","2","0","0","","0","0","0","","",""
"080253","0000","0","100400","100500","100600","100700","100800","100900","101000","101100","101200","101300","100300","100200","100100","100000","99900","99800","99700","99600","99500","99400","12","488","185","165","305","239","915","1266","185","895","102","202","202","300","163","345","62","100","102","60","4655","1638","0","0","0","0","0","-99900","5","-100.00","1507","-1","0","0","0","","0","0","0","","",""
"080253","0001","0","100400","100500","100600","100700","100800","100900","101000","101100","101200","101300","100300","100200","100100","100000","99900","99800","99700","99600","99500","99400","13","488","185","165","305","239","915","1266","185","895","102","202","202","300","163","345","62","100","102","60","4656","1638","0","0","0","0","0","-99900","5","-100.00","1507","1","0","0","0","","0","0","0","","",""
"080254","0000","0","100400","100500","100600","100700","100800","100900","101000","101100","101200","101300","100300","100200","100100","100000","99900","99800","99700","99600","99500","99400","73","488","185","165","305","239","915","1266","185","895","102","202","202","300","163","345","62","100","102","60","4716","1638","0","0","0","0","0","-99900","5","-100.00","1507","60","0","0","0","","0","0","0","","",""
"080254","0001","0","100400","100500","100600","100700","100800","100900","101000","101100","101200","101300","100300","100200","100100","100000","99900","99800","99700","99600","99500","99400","73","488","185","165","305","240","915","1266","185","895","102","202","202","300","163","345","62","100","102","60","4717","1638","0","0","0","0","0","-99900","5","-100.00","1507","1","0","0","0","","0","0","0","","",""
"080254","0002","0","100400","100500","100600","100700","100800","100900","101000","101100","101200","101300","100300","100200","100100","100000","99900","99800","99700","99600","99500","99400","73","488","185","165","305","240","915","1266","185","895","102","202","204","300","163","345","62","100","102","60","4717","1640","0","0","0","0","0","-99900","5","-100.00","1507","0","2","0","0","","0","0","0","","",""
"080255","0000","0","100400","100500","100600","100700","100800","100900","101000","101100","101200","101300","100300","100200","100100","100000","99900","99800","99700","99600","99500","99400","73","488","185","165","305","240","915","1266","185","895","102","202","204","300","163","345","62","100","102","61","4717","1641","0","0","0","0","0","-99900","5","-100.00","1507","0","1","0","0","","0","0","0","","",""
"080255","0001","0","100500","100600","100700","100800","100900","101000","101100","101200","101300","101400","100400","100300","100200","100100","100000","99900","99800","99700","99600","99500","488","185","165","305","240","915","1266","185","895","1888","427","102","202","204","300","163","345","62","100","102","6532","2007","0","0","0","0","0","-99900","5","-100.00","1580","1815","366","0","0","","0","0","0","","",""
"080256","0000","0","100500","100600","100700","100800","100900","101000","101100","101200","101300","101400","100400","100300","100200","100100","100000","99900","99800","99700","99600","99500","490","185","165","305","240","915","1266","185","895","1888","427","102","202","204","300","163","345","62","100","102","6534","2007","0","0","0","0","0","-99900","5","-100.00","1580","2","0","0","0","","0","0","0","","",""
"080256","0001","0","100500","100600","100700","100800","100900","101000","101100","101200","101300","101400","100400","100300","100200","100100","100000","99900","99800","99700","99600","99500","490","185","165","305","240","915","1266","185","895","1888","402","102","202","204","300","163","345","62","100","102","6534","1982","0","0","0","0","0","-99900","5","-100.00","1605","0","-25","0","0","","0","0","0","","",""
"080257","0000","0","100500","100600","100700","100800","100900","101000","101100","101200","101300","101400","100400","100300","100200","100100","100000","99900","99800","99700","99600","99500","490","185","165","305","240","915","1266","185","895","1888","402","102","202","204","302","163","345","62","100","102","6534","1984","0","0","0","0","0","-99900","5","-100.00","1605","0","2","0","0","","0","0","0","","",""
"080258","0000","0","100500","100600","100700","100800","100900","101000","101100","101200","101300","101400","100400","100300","100200","100100","100000","99900","99800","99700","99600","99500","490","185","165","305","240","915","1266","185","897","1888","402","102","202","204","302","163","345","62","100","102","6536","1984","0","0","0","0","0","-99900","5","-100.00","1605","2","0","0","0","","0","0","0","","",""
"080300","0000","0","100500","100600","100700","100800","100900","101000","101100","101200","101300","101400","100400","100300","100200","100100","100000","99900","99800","99700","99600","99500","490","185","166","305","240","915","1266","185","897","1888","402","102","202","204","302","163","345","62","100","102","6537","1984","0","0","0","0","0","-99900","5","-100.00","1605","1","0","0","0","","0","0","0","","",""
"080301","0000","0","100500","100600","100700","100800","100900","101000","101100","101200","101300","101400","100400","100300","100200","100100","100000","99900","99800","99700","99600","99500","490","185","166","305","240","915","1266","185","897","1888","397","102","202","204","302","163","345","62","100","102","6537","1979","0","0","0","0","0","-99900","5","-100.00","1610","0","-5","0","0","","0","0","0","","",""
"080302","0000","0","100500","100600","100700","100800","100900","101000","101100","101200","101300","101400","100400","100300","100200","100100","100000","99900","99800","99700","99600","99500","490","185","166","305","240","915","1266","205","897","1888","397","102","202","204","302","166","345","62","100","102","6557","1982","0","0","0","0","0","-99900","5","-100.00","1610","20","3","0","0","","0","0","0","","",""
"080303","0000","0","100500","100600","100700","100800","100900","101000","101100","101200","101300","101400","100400","100300","100200","100100","100000","99900","99800","99700","99600","99500","515","185","166","305","240","915","1266","205","897","1888","397","102","202","204","302","166","345","62","100","102","6582","1982","0","0","0","0","0","-99900","5","-100.00","1610","25","0","0","0","","0","0","0","","",""
"080306","0000","0","100500","100600","100700","100800","100900","101000","101100","101200","101300","101400","100400","100300","100200","100100","100000","99900","99800","99700","99600","99500","515","185","166","305","240","915","1266","205","897","1888","397","102","202","204","302","166","348","62","100","102","6582","1985","0","0","0","0","0","-99900","5","-100.00","1610","0","3","0","0","","0","0","0","","",""
"080308","0000","0","100500","100600","100700","100800","100900","101000","101100","101200","101300","101400","100400","100300","100200","100100","100000","99900","99800","99700","99600","99500","515","210","166","305","240","915","1266","205","897","1888","397","102","202","204","302","166","348","62","100","102","6607","1985","0","0","0","0","0","-99900","5","-100.00","1610","25","0","0","0","","0","0","0","","",""
"080308","0001","0","100500","100600","100700","100800","100900","101000","101100","101200","101300","101400","100400","100300","100200","100100","100000","99900","99800","99700","99600","99500","515","210","166","305","240","915","1266","205","897","1888","347","102","202","204","302","166","348","62","100","102","6607","1935","0","0","0","0","0","-99900","5","-100.00","1660","0","-50","0","0","","0","0","0","","",""
"080310","0000","0","100500","100600","100700","100800","100900","101000","101100","101200","101300","101400","100400","100300","100200","100100","100000","99900","99800","99700","99600","99500","515","215","166","305","240","915","1266","205","897","1888","347","102","202","204","302","166","348","62","100","102","6612","1935","0","0","0","0","0","-99900","5","-100.00","1660","5","0","0","0","","0","0","0","","",""
"080310","0001","0","100500","100600","100700","100800","100900","101000","101100","101200","101300","101400","100400","100300","100200","100100","100000","99900","99800","99700","99600","99500","515","215","166","305","240","915","1266","205","897","1888","347","102","202","204","302","166","348","65","100","102","6612","1938","0","0","0","0","0","-99900","5","-100.00","1660","0","3","0","0","","0","0","0","","",""
