"time","millisec","HOUR_CLS_CODE","ASKP1","ASKP2","ASKP3","ASKP4","ASKP5","ASKP6","ASKP7","ASKP8","ASKP9","ASKP10","BIDP1","BIDP2","BIDP3","BIDP4","BIDP5","BIDP6","BIDP7","BIDP8","BIDP9","BIDP10","ASKP_RSQN1","ASKP_RSQN2","ASKP_RSQN3","ASKP_RSQN4","ASKP_RSQN5","ASKP_RSQN6","ASKP_RSQN7","ASKP_RSQN8","ASKP_RSQN9","ASKP_RSQN10","BIDP_RSQN1","BIDP_RSQN2","BIDP_RSQN3","BIDP_RSQN4","BIDP_RSQN5","BIDP_RSQN6","BIDP_RSQN7","BIDP_RSQN8","BIDP_RSQN9","BIDP_RSQN10","TOTAL_ASKP_RSQN","TOTAL_BIDP_RSQN","OVTM_TOTAL_ASKP_RSQN","OVTM_TOTAL_BIDP_RSQN","ANTC_CNPR","ANTC_CNQN","ANTC_VOL","ANTC_CNTG_VRSS","ANTC_CNTG_VRSS_SIGN","ANTC_CNTG_PRDY_CTRT","ACML_VOL","TOTAL_ASKP_RSQN_ICDC","TOTAL_BIDP_RSQN_ICDC","OVTM_TOTAL_ASKP_ICDC","OVTM_TOTAL_BIDP_ICDC","STCK_DEAL_CLS_CODE","KMID_PRC","KMID_TOTAL_RSQN","KMID_CLS_CODE","NMID_PRC","NMID_TOTAL_RSQN","NMID_CLS_CODE"
"080000","0000","0","260500","274500","276500","0","0","0","0","0","0","0","250500","245500","240000","230500","0","0","0","0","0","0","1","90","100","0","0","0","0","0","0","0","70","80","100","150","0","0","0","0","0","0","191","400","0","0","0","0","0","-260500","5","-100.00","0","0","0","0","0","","0","0","0","","",""
"080000","0001","0","269000","274500","276500","0","0","0","0","0","0","0","255000","250500","245500","240000","230500","220000","182500","0","0","0","200","90","100","0","0","0","0","0","0","0","200","70","80","100","150","10","1","0","0","0","390","611","0","0","0","0","0","-260500","5","-100.00","0","199","211","0","0","","0","0","0","","",""
"080000","0002","0","269000","274500","276500","0","0","0","0","0","0","0","260500","256000","255000","250500","245500","240000","230500","220000","182500","0","200","90","100","0","0","0","0","0","0","0","10","1","200","70","80","100","150","10","1","0","390","622","0","0","0","0","0","-260500","5","-100.00","0","0","11","0","0","","0","0","0","","",""
"080001","0000","0","269000","274500","276500","0","0","0","0","0","0","0","260500","256000","255500","255000","250500","245500","240000","230500","220000","182500","200","90","100","0","0","0","0","0","0","0","10","1","1","200","70","80","100","150","20","1","390","633","0","0","0","0","0","-260500","5","-100.00","0","0","11","0","0","","0","0","0","","",""
"080001","0001","0","269000","274500","276500","0","0","0","0","0","0","0","261000","260500","256000","255500","255000","251500","250500","245500","240000","230500","200","90","100","0","0","0","0","0","0","0","32","10","1","1","200","10","70","80","100","150","390","654","0","0","0","0","0","-260500","5","-100.00","0","0","21","0","0","","0","0","0","","",""
"080002","0000","0","269000","274500","276500","315000","0","0","0","0","0","0","261000","260500","256000","255500","255000","251500","250500","248500","245500","240000","200","90","100","20","0","0","0","0","0","0","32","10","1","1","200","10","70","41","80","100","410","545","0","0","0","0","0","-260500","5","-100.00","0","20","-109","0","0","","0","0","0","","",""
"080002","0001","0","269000","274500","276500","308000","315000","0","0","0","0","0","265000","262500","261000","260500","256000","255500","255000","251500","250500","248500","200","90","100","25","20","0","0","0","0","0","8","4","32","45","1","1","200","10","70","41","435","412","0","0","0","0","0","-260500","5","-100.00","0","25","-133","0","0","","0","0","0","","",""
"080003","0000","0","269000","274500","276500","308000","315000","0","0","0","0","0","265000","262500","261000","260500","256000","255500","255000","251500","250500","250000","200","90","100","25","20","0","0","0","0","0","8","4","32","45","1","1","201","10","70","16","435","388","0","0","0","0","0","-260500","5","-100.00","0","0","-24","0","0","","0","0","0","","",""
"080003","0001","0","269000","274500","276500","308000","315000","0","0","0","0","0","265000","262500","261000","260500","256000","255500","255000","254000","251500","251000","200","90","100","25","20","0","0","0","0","0","8","4","32","45","1","1","201","2","10","12","435","316","0","0","0","0","0","-260500","5","-100.00","0","0","-72","0","0","","0","0","0","","",""
"080003","0002","0","269000","274500","276500","279500","308000","315000","0","0","0","0","265500","265000","262500","261000","260500","256000","255500","255000","254000","251500","200","90","100","1","25","20","0","0","0","0","2","8","4","32","45","1","1","201","2","10","436","306","0","0","0","0","0","-260500","5","-100.00","0","1","-10","0","0","","0","0","0","","",""
"080003","0003","0","269000","274000","274500","276500","279500","308000","315000","0","0","0","265500","265000","262500","261000","260500","256000","255500","255000","254000","251500","200","1","90","100","1","25","20","0","0","0","2","8","4","32","45","1","1","201","2","10","437","306","0","0","0","0","0","-260500","5","-100.00","0","1","0","0","0","","0","0","0","","",""
"080004","0000","0","269000","274000","274500","276500","279500","308000","315000","334000","0","0","266000","265500","265000","262500","261000","260500","256000","255500","255000","254000","200","1","90","100","1","25","20","250","0","0","32","2","8","4","8","45","1","1","201","2","687","304","0","0","0","0","0","-260500","5","-100.00","0","250","-2","0","0","","0","0","0","","",""
"080004","0001","0","269000","274000","274500","276500","279500","308000","315000","334000","0","0","266000","265500","265000","262500","261000","260500","256000","255500","255000","254000","188","1","90","100","1","25","20","250","0","0","32","2","8","4","8","45","1","1","201","2","675","304","0","0","0","0","0","-260500","5","-100.00","13","-12","0","0","0","","0","0","0","","",""
"080004","0002","0","265500","269000","274000","274500","276500","279500","308000","315000","334000","0","265000","262500","261000","260500","256000","255500","255000","254000","251500","251000","17","188","1","90","100","1","25","20","250","0","8","4","8","45","1","1","201","2","10","12","692","292","0","0","0","0","0","-260500","5","-100.00","172","17","-12","0","0","","0","0","0","","",""
"080005","0000","0","265500","269000","274000","274500","276500","279500","308000","315000","334000","0","265000","262500","261000","260500","256000","255500","255000","254000","252000","251500","17","188","1","90","100","1","25","20","250","0","8","4","8","45","1","1","201","2","20","10","692","300","0","0","0","0","0","-260500","5","-100.00","172","0","8","0","0","","0","0","0","","",""
"080005","0001","0","265500","269000","274000","274500","276500","279500","308000","315000","334000","0","265000","262500","261000","260500","256000","255500","255000","254000","252000","251500","17","188","1","90","100","1","25","20","250","0","8","4","8","48","1","1","201","2","20","10","692","303","0","0","0","0","0","-260500","5","-100.00","172","0","1","0","0","","0","0","0","","",""
"080006","0000","0","265500","269000","274000","274500","276500","279500","285000","289000","308000","315000","265000","262500","261000","260500","256000","255500","255000","254000","252000","251500","17","188","1","90","100","6","20","20","25","20","8","4","8","48","1","1","201","2","20","10","487","303","0","0","0","0","0","-260500","5","-100.00","172","-205","0","0","0","","0","0","0","","",""
"080006","0001","0","265500","269000","274000","274500","276500","279500","285000","289000","308000","315000","265000","262500","261500","261000","260500","256000","255500","255000","254000","252000","17","188","1","90","100","6","20","20","25","20","8","4","1","8","48","1","1","201","2","20","487","294","0","0","0","0","0","-260500","5","-100.00","172","0","-9","0","0","","0","0","0","","",""
"080006","0002","0","265500","269000","274000","274500","276500","279500","285000","289000","308000","315000","265000","262500","261500","261000","260500","260000","256000","255500","255000","254000","17","188","1","90","100","6","20","20","25","20","8","4","1","8","48","3","1","1","201","2","487","277","0","0","0","0","0","-260500","5","-100.00","172","0","-17","0","0","","0","0","0","","",""
"080007","0000","0","265500","269000","274000","274500","275000","276500","279500","285000","289000","308000","265000","262500","261500","261000","260500","260000","256000","255500","255000","254000","16","188","1","90","10","100","6","20","20","25","8","4","1","8","48","3","1","1","201","2","476","277","0","0","0","0","0","-260500","5","-100.00","173","-10","0","0","0","","0","0","0","","",""
"080008","0000","0","265500","269000","274000","274500","275000","276500","279500","285000","289000","308000","265000","262500","261500","261000","260500","260000","257000","256000","255500","255000","16","188","33","90","10","100","6","20","20","25","8","4","1","8","48","3","10","1","1","201","508","285","0","0","0","0","0","-260500","5","-100.00","173","32","0","0","0","","0","0","0","","",""
"080008","0001","0","265500","269000","274000","274500","275000","276500","279500","285000","289000","308000","265000","262500","261500","261000","260500","260000","257000","256000","255500","255000","16","218","33","90","10","100","6","20","20","25","8","4","1","8","48","3","10","1","1","201","538","285","0","0","0","0","0","-260500","5","-100.00","173","30","0","0","0","","0","0","0","","",""
"080009","0000","0","265500","269000","271000","274000","274500","275000","276500","279500","285000","289000","265000","262500","261500","261000","260500","260000","257000","256000","255500","255000","16","218","1","33","90","10","100","6","20","20","8","4","1","8","48","3","10","1","1","201","514","285","0","0","0","0","0","-260500","5","-100.00","173","-24","0","0","0","","0","0","0","","",""
"080009","0001","0","265500","269000","271000","274000","274500","275000","276500","279500","285000","289000","265000","262500","261500","261000","260500","260000","257000","256000","255500","255000","6","218","1","33","90","10","100","6","20","20","8","4","1","8","48","3","10","1","1","201","504","285","0","0","0","0","0","-260500","5","-100.00","183","-10","0","0","0","","0","0","0","","",""
"080010","0000","0","265500","269000","271000","274000","274500","275000","276500","279500","285000","289000","265000","262500","261500","261000","260500","260000","257000","256000","255500","255000","6","218","1","33","90","10","100","6","20","20","8","44","1","8","48","3","10","1","1","201","504","325","0","0","0","0","0","-260500","5","-100.00","183","0","40","0","0","","0","0","0","","",""
"080011","0000","0","265500","269000","271000","274000","274500","275000","276500","279500","285000","289000","265000","262500","261500","261000","260500","260000","257000","256000","255500","255000","6","218","1","33","90","10","100","6","20","20","8","44","1","8","48","3","18","1","1","201","504","333","0","0","0","0","0","-260500","5","-100.00","183","0","8","0","0","","0","0","0","","",""
"080011","0001","0","265500","269000","271000","274000","274500","275000","276500","279500","285000","289000","265000","264000","262500","261500","261000","260500","260000","257000","256000","255500","6","218","1","33","90","10","100","6","20","20","8","1","44","11","8","48","3","18","1","1","504","143","0","0","0","0","0","-260500","5","-100.00","183","0","-200","0","0","","0","0","0","","",""
"080014","0000","0","265500","269000","271000","274000","274500","275000","276500","279500","283000","285000","265000","264000","262500","261500","261000","260500","260000","257000","256000","255500","6","218","1","33","90","10","100","6","212","20","8","1","44","11","8","48","3","18","1","1","696","143","0","0","0","0","0","-260500","5","-100.00","183","192","0","0","0","","0","0","0","","",""
"080014","0001","0","265500","269000","271000","274000","274500","275000","276500","279500","283000","285000","265000","264000","262500","261500","261000","260500","260000","257000","256000","255500","6","218","1","33","90","10","100","6","212","23","8","1","44","11","8","48","3","18","1","1","699","143","0","0","0","0","0","-260500","5","-100.00","183","3","0","0","0","","0","0","0","","",""
"080015","0000","0","265500","269000","271000","274000","274500","275000","276500","279500","280000","283000","265000","264000","262500","261500","261000","260500","260000","257000","256000","255500","6","218","1","33","90","10","100","6","2","212","8","1","44","11","8","48","3","18","1","1","678","143","0","0","0","0","0","-260500","5","-100.00","183","-21","0","0","0","","0","0","0","","",""
"080015","0001","0","265500","269000","271000","274000","274500","275000","276500","279500","280000","283000","265000","264000","262500","261500","261000","260500","260000","257000","256000","255500","6","218","1","53","90","10","100","6","2","212","8","1","44","11","8","48","3","18","1","1","698","143","0","0","0","0","0","-260500","5","-100.00","183","20","0","0","0","","0","0","0","","",""
"080016","0000","0","265500","269000","271000","274000","274500","275000","276500","279500","280000","283000","265000","264000","262500","261500","261000","260500","260000","257000","256000","255500","6","218","1","53","92","10","100","6","2","212","8","1","44","11","8","48","3","18","1","1","700","143","0","0","0","0","0","-260500","5","-100.00","183","2","0","0","0","","0","0","0","","",""
"080016","0001","0","265500","269000","271000","274000","274500","275000","276500","279500","280000","283000","265000","264000","262500","261500","261000","260500","260000","257000","256000","255500","12","218","1","68","92","10","100","6","2","212","8","1","44","11","8","48","3","18","1","1","721","143","0","0","0","0","0","-260500","5","-100.00","183","21","0","0","0","","0","0","0","","",""
"080016","0002","0","265500","269000","271000","274000","274500","275000","276500","279500","280000","283000","265000","264000","262500","261500","261000","260500","260000","258500","257000","256000","12","218","1","68","92","10","100","6","2","212","8","1","44","11","8","48","3","100","18","1","721","242","0","0","0","0","0","-260500","5","-100.00","183","0","99","0","0","","0","0","0","","",""
"080017","0000","0","265500","269000","271000","274000","274500","275000","276500","279500","280000","283000","265000","264000","262500","262000","261500","261000","260500","260000","258500","257000","12","218","1","68","92","10","100","6","2","212","8","1","44","1","11","8","48","38","100","18","721","277","0","0","0","0","0","-260500","5","-100.00","183","0","35","0","0","","0","0","0","","",""
"080018","0000","0","265500","269000","271000","274000","274500","275000","276500","279500","280000","283000","265000","264000","262500","262000","261500","261000","260500","260000","258500","257000","12","188","1","68","92","10","100","6","2","212","8","1","44","1","11","8","48","38","100","18","691","277","0","0","0","0","0","-260500","5","-100.00","183","-30","0","0","0","","0","0","0","","",""
"080018","0001","0","265500","269000","271000","274000","274500","275000","276500","279500","280000","283000","265000","264000","262500","262000","261500","261000","260500","260000","258500","257000","32","188","1","68","92","10","100","6","2","212","8","1","44","1","11","8","48","38","100","18","711","277","0","0","0","0","0","-260500","5","-100.00","183","20","0","0","0","","0","0","0","","",""
"080018","0002","0","265500","269000","271000","274000","274500","275000","276500","279500","280000","283000","265000","264000","262500","262000","261500","261000","260500","260000","258500","257000","32","188","1","68","92","10","100","6","2","212","8","1","44","1","11","8","48","38","100","22","711","281","0","0","0","0","0","-260500","5","-100.00","183","0","4","0","0","","0","0","0","","",""
"080019","0000","0","265500","269000","271000","274000","274500","275000","276500","277500","279500","280000","265000","264000","262500","262000","261500","261000","260500","260000","258500","257000","32","188","1","68","92","10","100","1","6","2","8","1","44","1","11","8","48","38","100","22","500","281","0","0","0","0","0","-260500","5","-100.00","183","-211","0","0","0","","0","0","0","","",""
"080019","0001","0","265500","269000","271000","274000","274500","275000","276500","277500","279500","280000","265000","264000","262500","262000","261500","261000","260500","260000","258500","257000","32","188","1","68","92","10","100","1","6","2","8","1","44","1","11","18","48","38","100","22","500","291","0","0","0","0","0","-260500","5","-100.00","183","0","10","0","0","","0","0","0","","",""
"080019","0002","0","265500","266000","269000","271000","274000","274500","275000","276500","277500","279500","265000","264000","262500","262000","261500","261000","260500","260000","258500","257000","32","2","188","1","68","92","10","100","1","6","8","1","44","1","11","18","48","38","100","22","500","291","0","0","0","0","0","-260500","5","-100.00","183","0","0","0","0","","0","0","0","","",""
"080020","0000","0","265500","266000","268000","269000","270000","271000","272000","274000","274500","275000","265000","264000","262500","262000","261500","261000","260500","260000","258500","257000","32","2","2","188","2","1","2","70","92","10","8","1","44","2","11","18","48","38","100","22","401","292","0","0","0","0","0","-260500","5","-100.00","183","-96","0","0","0","","0","0","0","","",""
"080021","0000","0","265500","266000","268000","269000","270000","271000","272000","274000","274500","275000","265000","264000","262500","262000","261500","261000","260500","260000","258500","257000","32","2","2","188","2","1","2","70","92","10","9","1","44","2","11","18","48","38","100","22","401","293","0","0","0","0","0","-260500","5","-100.00","183","0","1","0","0","","0","0","0","","",""
"080022","0000","0","265500","266000","268000","269000","270000","271000","272000","274000","274500","275000","265000","264000","262500","262000","261500","261000","260500","260000","258500","257000","32","2","2","188","2","1","2","70","92","10","9","1","44","2","11","18","48","39","100","22","401","294","0","0","0","0","0","-260500","5","-100.00","183","0","1","0","0","","0","0","0","","",""
"080022","0001","0","265500","266000","268000","269000","270000","271000","272000","274000","274500","275000","265000","264000","262500","262000","261500","261000","260500","260000","258500","257000","32","2","2","188","2","1","2","70","92","10","9","1","44","2","11","18","48","43","100","22","401","298","0","0","0","0","0","-260500","5","-100.00","183","0","4","0","0","","0","0","0","","",""
"080022","0002","0","265500","266000","267500","268000","269000","270000","271000","272000","274000","274500","265000","264000","262500","262000","261500","261000","260500","260000","258500","257000","64","2","2","2","188","2","1","2","38","92","9","1","44","2","11","18","48","43","100","22","393","298","0","0","0","0","0","-260500","5","-100.00","183","0","0","0","0","","0","0","0","","",""
"080022","0003","0","265500","266000","267500","268000","269000","270000","271000","272000","274000","274500","265000","264000","262500","262000","261500","261000","260500","260000","258500","258000","64","2","2","2","188","2","1","2","38","92","9","1","44","2","11","18","48","43","100","2","393","278","0","0","0","0","0","-260500","5","-100.00","183","0","-20","0","0","","0","0","0","","",""
"080023","0000","0","265500","266000","267500","268000","269000","270000","271000","272000","274000","274500","265000","264000","262500","262000","261500","261000","260500","260000","258500","258000","64","2","2","2","188","2","1","2","38","92","9","1","44","2","12","18","48","43","100","2","393","279","0","0","0","0","0","-260500","5","-100.00","183","0","1","0","0","","0","0","0","","",""
"080024","0000","0","265500","266000","266500","267500","268000","269000","270000","271000","272000","274000","265000","264000","262500","262000","261500","261000","260500","260000","258500","258000","64","2","5","7","2","193","12","1","12","38","9","1","44","2","12","18","48","43","100","2","336","279","0","0","0","0","0","-260500","5","-100.00","183","-57","0","0","0","","0","0","0","","",""
"080026","0000","0","265500","266000","266500","267500","268000","269000","270000","271000","272000","274000","265000","264000","262500","262000","261500","261000","260500","260000","258500","258000","65","2","5","7","2","193","12","1","12","38","9","1","44","2","12","18","48","43","100","2","337","279","0","0","0","0","0","-260500","5","-100.00","183","1","0","0","0","","0","0","0","","",""
"080027","0000","0","265500","266000","266500","267500","268000","269000","270000","271000","272000","274000","265000","264000","262500","262000","261500","261000","260500","260000","258500","258000","65","2","5","7","2","193","12","1","12","38","9","1","44","2","12","33","48","43","100","2","337","294","0","0","0","0","0","-260500","5","-100.00","183","0","15","0","0","","0","0","0","","",""
"080027","0001","0","265500","266000","266500","267500","268000","269000","270000","271000","272000","274000","265000","264000","262500","262000","261500","261000","260500","260000","258500","258000","59","2","5","7","2","193","12","1","12","38","9","1","44","2","12","33","48","43","100","2","331","294","0","0","0","0","0","-260500","5","-100.00","183","-6","0","0","0","","0","0","0","","",""
"080028","0000","0","265500","266000","266500","267500","268000","269000","270000","271000","272000","274000","265000","264000","263000","262500","262000","261500","261000","260500","260000","258500","59","2","5","7","2","193","12","1","12","38","9","1","1","44","2","12","33","48","43","100","331","293","0","0","0","0","0","-260500","5","-100.00","183","0","-1","0","0","","0","0","0","","",""
"080028","0001","0","265500","266000","266500","267500","268000","269000","270000","271000","272000","274000","265000","264000","263000","262500","262000","261500","261000","260500","260000","258500","59","3","5","7","2","193","12","1","12","38","9","1","1","44","2","12","33","48","43","100","332","293","0","0","0","0","0","-260500","5","-100.00","183","1","0","0","0","","0","0","0","","",""
"080030","0000","0","265500","266000","266500","267500","268000","269000","270000","271000","272000","274000","265000","264000","263000","262500","262000","261500","261000","260500","260000","258500","44","3","5","7","2","193","12","1","12","38","9","1","1","44","2","12","33","48","43","100","317","293","0","0","0","0","0","-260500","5","-100.00","198","-15","0","0","0","","0","0","0","","",""
"080030","0001","0","265500","266000","266500","267500","268000","269000","270000","271000","272000","274000","265000","264000","263000","262500","262000","261500","261000","260500","260000","258500","43","3","5","7","2","193","12","1","12","38","9","1","1","44","2","12","33","48","43","100","316","293","0","0","0","0","0","-260500","5","-100.00","199","-1","0","0","0","","0","0","0","","",""
"080030","0002","0","265500","266000","266500","267500","268000","269000","270000","271000","272000","274000","265000","264000","263000","262500","262000","261500","261000","260500","260000","258500","143","3","5","7","2","193","12","1","12","38","9","1","1","44","2","12","33","48","43","100","416","293","0","0","0","0","0","-260500","5","-100.00","199","100","0","0","0","","0","0","0","","",""
"080031","0000","0","265500","266000","266500","267500","268000","269000","270000","271000","272000","274000","265000","264000","263000","262500","262000","261500","261000","260500","260000","258500","143","3","5","7","2","193","12","1","12","38","24","1","1","44","2","12","33","48","43","100","416","308","0","0","0","0","0","-260500","5","-100.00","199","0","15","0","0","","0","0","0","","",""
"080031","0001","0","265500","266000","266500","267500","268000","269000","270000","271000","272000","274000","265000","264000","263000","262500","262000","261500","261000","260500","260000","258500","143","3","5","7","2","193","12","1","12","38","24","1","1","44","2","12","33","48","48","100","416","313","0","0","0","0","0","-260500","5","-100.00","199","0","5","0","0","","0","0","0","","",""
"080032","0000","0","265500","266000","266500","267500","268000","269000","270000","271000","272000","274000","265000","264000","263000","262500","262000","261500","261000","260500","260000","258500","143","3","5","7","2","193","12","1","12","38","24","16","51","44","2","12","33","48","48","100","416","378","0","0","0","0","0","-260500","5","-100.00","199","0","65","0","0","","0","0","0","","",""
"080032","0001","0","265500","266000","266500","267500","268000","269000","270000","271000","272000","274000","265000","264000","263000","262500","262000","261500","261000","260500","260000","258500","143","3","5","7","2","193","12","1","12","38","24","16","51","44","2","11","33","48","48","100","416","377","0","0","0","0","0","-260500","5","-100.00","199","0","-1","0","0","","0","0","0","","",""
"080032","0002","0","265500","266000","266500","267500","268000","269000","270000","271000","272000","273000","265000","264000","263000","262500","262000","261500","261000","260500","260000","258500","143","3","5","7","2","193","12","1","12","8","25","16","51","44","2","11","33","48","48","100","386","378","0","0","0","0","0","-260500","5","-100.00","199","-30","1","0","0","","0","0","0","","",""
"080033","0000","0","265500","266000","266500","267500","268000","269000","270000","271000","272000","273000","265000","264000","263000","262500","262000","261500","261000","260500","260000","258500","143","3","5","7","2","193","12","1","12","8","35","16","51","44","2","11","33","48","48","100","386","388","0","0","0","0","0","-260500","5","-100.00","199","0","10","0","0","","0","0","0","","",""
"080034","0000","0","265500","266000","266500","267500","268000","269000","270000","271000","272000","273000","265000","264000","263000","262500","262000","261500","261000","260500","260000","258500","141","3","5","7","2","193","12","1","12","8","35","16","51","44","2","11","33","48","48","100","384","388","0","0","0","0","0","-260500","5","-100.00","201","-2","0","0","0","","0","0","0","","",""
"080034","0001","0","265500","266000","266500","267500","268000","269000","270000","271000","272000","273000","265000","264000","263000","262500","262000","261500","261000","260500","260000","258500","141","3","5","7","2","193","12","1","12","8","36","16","51","44","2","11","33","48","48","100","384","389","0","0","0","0","0","-260500","5","-100.00","201","0","1","0","0","","0","0","0","","",""
"080034","0002","0","265500","266000","266500","267500","268000","269000","270000","271000","272000","273000","265000","264000","263000","262500","262000","261500","261000","260500","260000","258500","134","3","5","7","2","193","12","1","12","8","36","16","51","44","2","11","33","41","48","100","377","382","0","0","0","0","0","-260500","5","-100.00","208","-7","-7","0","0","","0","0","0","","",""
"080035","0000","0","265500","266000","266500","267500","268000","269000","270000","271000","272000","273000","265000","264000","263500","263000","262500","262000","261500","261000","260500","260000","138","3","5","7","2","193","12","1","12","8","36","16","1","51","44","2","11","33","41","48","381","283","0","0","0","0","0","-260500","5","-100.00","208","4","-99","0","0","","0","0","0","","",""
"080035","0001","0","265500","266000","266500","267500","268000","269000","270000","271000","272000","273000","265000","264000","263500","263000","262500","262000","261500","261000","260500","260000","118","3","5","7","2","193","12","1","12","8","36","16","1","51","44","2","11","33","41","48","361","283","0","0","0","0","0","-260500","5","-100.00","228","-20","0","0","0","","0","0","0","","",""
"080035","0002","0","265500","266000","266500","267500","268000","269000","270000","271000","272000","273000","265000","264000","263500","263000","262500","262000","261500","261000","260500","260000","118","3","5","7","2","193","12","1","12","8","36","16","1","51","44","2","11","33","41","51","361","286","0","0","0","0","0","-260500","5","-100.00","228","0","3","0","0","","0","0","0","","",""
"080036","0000","0","265500","266000","266500","267500","268000","269000","270000","271000","272000","273000","265000","264000","263500","263000","262500","262000","261500","261000","260500","260000","117","3","5","7","2","193","12","1","12","8","36","16","1","51","44","2","11","33","41","51","360","286","0","0","0","0","0","-260500","5","-100.00","229","-1","0","0","0","","0","0","0","","",""
"080038","0000","0","265500","266000","266500","267500","268000","269000","270000","271000","272000","273000","265000","264000","263500","263000","262500","262000","261500","261000","260500","260000","93","3","5","7","2","193","12","1","12","8","36","16","1","51","44","2","11","33","41","51","336","286","0","0","0","0","0","-260500","5","-100.00","253","0","0","0","0","","0","0","0","","",""
"080039","0000","0","265500","266000","266500","267500","268000","269000","270000","271000","272000","273000","265000","264000","263500","263000","262500","262000","261500","261000","260500","260000","93","3","5","7","2","193","12","1","12","8","26","16","1","51","44","2","11","33","41","51","336","276","0","0","0","0","0","-260500","5","-100.00","263","0","-10","0","0","","0","0","0","","",""
"080039","0001","0","265500","266000","266500","267500","268000","269000","270000","271000","272000","273000","265000","264000","263500","263000","262500","262000","261500","261000","260500","260000","69","3","5","7","2","193","12","1","12","8","26","16","1","51","44","2","11","33","41","51","312","276","0","0","0","0","0","-260500","5","-100.00","283","-24","0","0","0","","0","0","0","","",""
"080039","0002","0","265000","265500","266000","266500","267500","268000","269000","270000","271000","272000","264000","263500","263000","262500","262000","261500","261000","260500","260000","258500","74","69","3","5","7","2","193","12","1","12","16","1","51","44","2","11","33","41","51","100","378","350","0","0","0","0","0","-260500","5","-100.00","309","66","74","0","0","","0","0","0","","",""
"080039","0003","0","265000","265500","266000","266500","267500","268000","269000","270000","271000","272000","264000","263500","263000","262500","262000","261500","261000","260500","260000","258500","74","69","3","5","7","14","193","12","1","12","16","1","51","44","2","11","33","41","51","100","390","350","0","0","0","0","0","-260500","5","-100.00","309","12","0","0","0","","0","0","0","","",""
"080041","0000","0","265000","265500","266000","266500","267500","268000","269000","270000","271000","272000","264000","263500","263000","262500","262000","261500","261000","260500","260000","258500","74","69","3","5","7","14","193","12","1","12","16","9","51","44","2","11","33","41","51","100","390","358","0","0","0","0","0","-260500","5","-100.00","309","0","8","0","0","","0","0","0","","",""
"080041","0001","0","265000","265500","266000","266500","267500","268000","269000","270000","271000","272000","264000","263500","263000","262500","262000","261500","261000","260500","260000","258500","74","69","3","5","7","14","193","12","1","12","16","9","51","44","2","11","33","41","52","100","390","359","0","0","0","0","0","-260500","5","-100.00","309","0","1","0","0","","0","0","0","","",""
"080042","0000","0","265000","265500","266000","266500","267500","268000","269000","270000","271000","272000","264000","263500","263000","262500","262000","261500","261000","260500","260000","258500","40","69","3","5","7","14","193","12","1","12","16","10","51","44","2","11","33","41","52","100","356","360","0","0","0","0","0","-260500","5","-100.00","343","-32","1","0","0","","0","0","0","","",""
"080046","0000","0","265000","265500","266000","266500","267500","268000","269000","270000","271000","272000","264000","263500","263000","262500","262000","261500","261000","260500","260000","258500","10","69","3","5","7","14","193","12","1","12","16","10","51","44","2","11","53","41","52","100","326","380","0","0","0","0","0","-260500","5","-100.00","373","-30","20","0","0","","0","0","0","","",""
"080047","0000","0","265500","266000","266500","267500","268000","269000","270000","271000","272000","273000","264000","263500","263000","262500","262000","261500","261000","260500","260000","258500","59","3","5","7","14","193","12","1","12","8","16","10","51","44","2","11","53","41","52","100","314","380","0","0","0","0","0","-260500","5","-100.00","393","-12","0","0","0","","0","0","0","","",""
"080047","0001","0","265500","266000","266500","267500","268000","269000","270000","271000","272000","273000","264000","263500","263000","262500","262000","261500","261000","260500","260000","258500","59","3","5","7","14","193","12","1","12","8","16","10","51","44","2","11","53","41","52","100","314","380","0","0","0","0","0","-260500","5","-100.00","393","0","0","0","0","","0","0","0","","",""
"080048","0000","0","265500","266000","266500","267500","268000","269000","270000","271000","272000","273000","264000","263500","263000","262500","262000","261500","261000","260500","260000","258500","64","3","5","7","14","193","12","1","12","8","16","10","51","44","2","11","53","41","52","100","319","380","0","0","0","0","0","-260500","5","-100.00","393","5","0","0","0","","0","0","0","","",""
"080048","0001","0","265500","266000","266500","267500","268000","269000","270000","271000","272000","273000","265000","264000","263500","263000","262500","262000","261500","261000","260500","260000","40","3","5","7","14","193","12","1","12","8","10","66","10","51","44","2","11","53","41","52","295","340","0","0","0","0","0","-260500","5","-100.00","417","-24","-40","0","0","","0","0","0","","",""
"080049","0000","0","265500","266000","266500","267500","268000","269000","270000","271000","272000","273000","265000","264000","263500","263000","262500","262000","261500","261000","260500","260000","40","3","5","7","14","193","12","1","12","8","10","67","10","51","44","2","11","53","41","52","295","341","0","0","0","0","0","-260500","5","-100.00","417","0","1","0","0","","0","0","0","","",""
"080050","0000","0","265500","266000","266500","267500","268000","269000","270000","271000","272000","273000","265000","264000","263500","263000","262500","262000","261500","261000","260500","260000","40","3","5","7","14","193","12","1","12","8","10","67","10","51","44","2","11","53","40","52","295","340","0","0","0","0","0","-260500","5","-100.00","417","0","-1","0","0","","0","0","0","","",""
"080050","0001","0","265500","266000","266500","267500","268000","269000","270000","271000","272000","273000","265000","264000","263500","263000","262500","262000","261500","261000","260500","260000","40","3","5","7","14","268","12","1","12","8","11","67","10","51","44","2","11","53","40","52","370","341","0","0","0","0","0","-260500","5","-100.00","421","75","0","0","0","","0","0","0","","",""
"080051","0000","0","265500","266000","266500","267500","268000","269000","270000","271000","272000","273000","265000","264000","263500","263000","262500","262000","261500","261000","260500","260000","35","3","5","7","14","268","12","1","12","8","11","67","10","51","44","2","11","53","40","52","365","341","0","0","0","0","0","-260500","5","-100.00","426","-5","0","0","0","","0","0","0","","",""
"080052","0000","0","266000","266500","267500","268000","269000","270000","271000","272000","273000","274000","265500","265000","264000","263500","263000","262500","262000","261500","261000","260500","3","5","7","14","268","12","1","12","8","53","15","11","67","10","51","44","2","11","53","40","383","304","0","0","0","0","0","-260500","5","-100.00","461","18","-37","0","0","","0","0","0","","",""
"080052","0001","0","266000","266500","267500","268000","269000","270000","271000","272000","273000","274000","265500","265000","264000","263500","263000","262500","262000","261500","261000","260500","3","5","7","14","268","12","1","12","8","53","15","11","67","9","51","44","2","11","53","40","383","303","0","0","0","0","0","-260500","5","-100.00","461","0","-1","0","0","","0","0","0","","",""
"080054","0000","0","266000","266500","267500","268000","269000","270000","271000","272000","273000","274000","265500","265000","264000","263500","263000","262500","262000","261500","261000","260500","3","5","7","14","268","12","1","12","8","53","5","11","67","9","51","44","2","11","53","40","383","293","0","0","0","0","0","-260500","5","-100.00","471","0","-10","0","0","","0","0","0","","",""
"080054","0001","0","266000","266500","267500","268000","269000","270000","271000","272000","273000","274000","265500","265000","264000","263500","263000","262500","262000","261500","261000","260500","3","5","7","14","268","12","1","12","8","53","5","11","67","9","51","45","2","11","53","40","383","294","0","0","0","0","0","-260500","5","-100.00","471","0","1","0","0","","0","0","0","","",""
"080055","0000","0","266000","266500","267500","268000","269000","270000","271000","272000","273000","274000","265500","265000","264000","263500","263000","262500","262000","261500","261000","260500","3","5","7","14","368","12","1","12","8","53","3","11","67","9","51","45","2","11","53","40","483","292","0","0","0","0","0","-260500","5","-100.00","473","100","-2","0","0","","0","0","0","","",""
"080055","0001","0","265000","266000","266500","267500","268000","269000","270000","271000","272000","273000","264000","263500","263000","262500","262000","261500","261000","260500","260000","258500","36","3","5","7","14","368","12","1","12","8","67","9","51","45","2","11","53","40","52","103","466","433","0","0","0","0","0","-260500","5","-100.00","487","-17","141","0","0","","0","0","0","","",""
"080055","0002","0","265000","266000","266500","267500","268000","269000","270000","271000","272000","273000","264000","263500","263000","262500","262000","261500","261000","260500","260000","259500","36","3","5","7","14","368","12","1","12","8","67","9","51","45","2","11","53","40","52","1","466","331","0","0","0","0","0","-260500","5","-100.00","487","0","-102","0","0","","0","0","0","","",""
"080056","0000","0","265000","266000","266500","267500","268000","269000","270000","271000","272000","273000","264000","263500","263000","262500","262000","261500","261000","260500","260000","259500","36","3","5","7","14","368","12","1","12","8","67","9","51","45","2","11","53","38","52","1","466","329","0","0","0","0","0","-260500","5","-100.00","487","0","-2","0","0","","0","0","0","","",""
"080056","0001","0","265000","266000","266500","267500","268000","269000","270000","271000","272000","273000","264000","263500","263000","262500","262000","261500","261000","260500","260000","259500","34","3","5","7","14","368","12","1","12","8","67","9","51","45","2","11","53","38","52","1","464","329","0","0","0","0","0","-260500","5","-100.00","489","-2","0","0","0","","0","0","0","","",""
"080057","0000","0","265000","266000","266500","267500","268000","269000","270000","271000","272000","273000","264500","264000","263500","263000","262500","262000","261500","261000","260500","260000","34","3","5","7","14","368","12","1","12","8","3","67","9","51","45","2","11","53","38","52","464","331","0","0","0","0","0","-260500","5","-100.00","489","0","2","0","0","","0","0","0","","",""
"080057","0001","0","265000","266000","266500","267500","268000","269000","270000","271000","272000","273000","264500","264000","263500","263000","262500","262000","261500","261000","260500","260000","34","3","5","7","14","368","12","1","12","8","3","70","9","51","45","2","11","53","38","52","464","334","0","0","0","0","0","-260500","5","-100.00","489","0","3","0","0","","0","0","0","","",""
"080058","0000","0","265000","266000","266500","267500","268000","269000","270000","271000","272000","273000","264500","264000","263500","263000","262500","262000","261500","261000","260500","260000","23","3","5","7","14","368","13","1","12","8","3","69","9","51","45","2","11","53","38","52","454","333","0","0","0","0","0","-260500","5","-100.00","500","1","0","0","0","","0","0","0","","",""
"080058","0001","0","265000","266000","266500","267500","268000","269000","270000","271000","272000","273000","264500","264000","263500","263000","262500","262000","261500","261000","260500","260000","22","3","5","7","14","368","13","1","12","8","3","69","9","51","45","2","11","53","38","52","453","333","0","0","0","0","0","-260500","5","-100.00","501","-1","0","0","0","","0","0","0","","",""
"080059","0000","0","265000","266000","266500","267500","268000","269000","270000","271000","272000","273000","264500","264000","263500","263000","262500","262000","261500","261000","260500","260000","22","3","5","7","14","368","13","1","12","8","3","69","9","61","45","2","11","53","38","52","453","343","0","0","0","0","0","-260500","5","-100.00","501","0","10","0","0","","0","0","0","","",""
"080100","0000","0","265000","266000","266500","267500","268000","269000","270000","271000","272000","273000","264500","264000","263500","263000","262500","262000","261500","261000","260500","260000","22","3","5","7","14","368","13","1","12","8","4","69","9","61","45","2","11","53","38","52","453","344","0","0","0","0","0","-260500","5","-100.00","501","0","1","0","0","","0","0","0","","",""
"080100","0001","0","265000","266000","266500","267500","268000","269000","270000","271000","272000","273000","264500","264000","263500","263000","262500","262000","261500","261000","260500","260000","12","3","5","7","14","368","13","1","12","8","4","69","9","61","45","2","11","53","38","52","443","344","0","0","0","0","0","-260500","5","-100.00","511","-10","0","0","0","","0","0","0","","",""
"080101","0000","0","266000","266500","267500","268000","269000","270000","271000","272000","273000","274000","265000","264500","264000","263500","263000","262500","262000","261500","261000","260500","3","5","7","14","368","13","1","12","8","84","1","4","69","9","60","45","2","11","53","38","515","292","0","0","0","0","0","-260500","5","-100.00","523","72","-52","0","0","","0","0","0","","",""
"080101","0001","0","266000","266500","267500","268000","269000","270000","271000","272000","273000","274000","264500","264000","263500","263000","262500","262000","261500","261000","260500","260000","3","5","7","14","368","13","1","12","8","84","4","69","59","10","45","2","11","53","38","52","515","343","0","0","0","0","0","-260500","5","-100.00","523","0","51","0","0","","0","0","0","","",""
"080101","0002","0","266000","266500","267500","268000","269000","269500","270000","271000","272000","273000","264500","264000","263500","263000","262500","262000","261500","261000","260500","260000","3","5","7","14","368","50","13","1","12","8","4","69","59","10","45","2","11","53","38","52","481","343","0","0","0","0","0","-260500","5","-100.00","523","-34","0","0","0","","0","0","0","","",""
"080102","0000","0","266000","266500","267500","268000","269000","269500","270000","271000","272000","273000","264500","264000","263500","263000","262500","262000","261500","261000","260500","260000","3","5","7","14","368","50","13","1","12","8","4","69","59","10","45","2","11","53","38","52","481","343","0","0","0","0","0","-260500","5","-100.00","524","0","0","0","0","","0","0","0","","",""
"080102","0001","0","266000","266500","267500","268000","269000","269500","270000","271000","272000","273000","264500","264000","263500","263000","262500","262000","261500","261000","260500","260000","3","5","7","14","368","50","13","1","12","8","4","69","59","10","45","2","11","53","39","52","481","344","0","0","0","0","0","-260500","5","-100.00","524","0","1","0","0","","0","0","0","","",""
"080103","0000","0","266000","266500","267500","268000","269000","269500","270000","271000","272000","273000","265000","264500","264000","263500","263000","262500","262000","261500","261000","260500","3","5","7","14","368","50","13","1","12","8","1","5","69","59","10","45","2","11","53","39","481","294","0","0","0","0","0","-260500","5","-100.00","524","0","1","0","0","","0","0","0","","",""
"080103","0001","0","266000","266500","267500","268000","269000","269500","270000","271000","272000","273000","264000","263500","263000","262500","262000","261500","261000","260500","260000","259500","3","5","7","14","368","50","13","1","12","8","69","59","10","45","2","11","53","39","52","11","481","351","0","0","0","0","0","-260500","5","-100.00","544","0","57","0","0","","0","0","0","","",""
"080103","0002","0","266000","266500","267500","268000","269000","269500","270000","271000","272000","272500","264000","263500","263000","262500","262000","261500","261000","260500","260000","259500","3","5","7","14","368","50","13","1","12","1","69","59","10","45","2","11","53","39","52","11","474","351","0","0","0","0","0","-260500","5","-100.00","544","-7","0","0","0","","0","0","0","","",""
"080104","0000","0","266000","266500","267500","268000","269000","269500","270000","271000","272000","272500","265000","264000","263500","263000","262500","262000","261500","261000","260500","260000","3","5","7","14","368","50","13","1","12","1","28","69","59","10","45","2","11","53","40","52","474","369","0","0","0","0","0","-260500","5","-100.00","544","0","1","0","0","","0","0","0","","",""
"080105","0000","0","266000","266500","267500","268000","269000","269500","270000","271000","272000","272500","265500","265000","264000","263500","263000","262500","262000","261500","261000","260500","3","5","7","14","368","50","13","1","12","1","1","28","69","59","10","45","2","11","53","40","474","318","0","0","0","0","0","-260500","5","-100.00","544","0","-51","0","0","","0","0","0","","",""
"080107","0000","0","266000","266500","267500","268000","269000","269500","270000","271000","272000","272500","265000","264000","263500","263000","262500","262000","261500","261000","260500","260000","3","5","7","14","368","50","13","1","12","1","9","69","59","10","45","2","11","53","40","52","474","350","0","0","0","0","0","-260500","5","-100.00","564","0","32","0","0","","0","0","0","","",""
"080107","0001","0","266000","266500","267500","268000","269000","269500","270000","271000","272000","272500","265000","264000","263500","263000","262500","262000","261500","261000","260500","260000","3","5","7","14","368","50","13","1","12","1","9","70","59","10","45","2","11","53","40","52","474","351","0","0","0","0","0","-260500","5","-100.00","564","0","1","0","0","","0","0","0","","",""
"080108","0000","0","265500","266000","266500","267500","268000","269000","269500","270000","271000","272000","265000","264000","263500","263000","262500","262000","261500","261000","260500","260000","2","3","5","7","14","368","50","13","1","12","9","70","59","10","45","2","11","53","40","52","475","351","0","0","0","0","0","-260500","5","-100.00","564","1","0","0","0","","0","0","0","","",""
"080109","0000","0","265500","266000","266500","267500","268000","269000","269500","270000","271000","272000","265000","264000","263500","263000","262500","262000","261500","261000","260500","260000","2","3","5","7","14","368","50","13","1","12","9","70","59","10","45","2","11","53","40","52","475","351","0","0","0","0","0","-260500","5","-100.00","564","0","0","0","0","","0","0","0","","",""
"080109","0001","0","266000","266500","267500","268000","269000","269500","270000","271000","272000","272500","265500","265000","264000","263500","263000","262500","262000","261500","261000","260500","3","5","7","14","368","50","13","1","12","1","3","9","70","59","10","45","2","11","53","40","474","302","0","0","0","0","0","-260500","5","-100.00","566","-1","-49","0","0","","0","0","0","","",""
"080110","0000","0","266000","266500","267500","268000","269000","269500","270000","271000","272000","272500","265500","265000","264000","263500","263000","262500","262000","261500","261000","260500","3","5","8","14","368","50","13","1","12","1","3","9","69","60","10","45","2","11","53","40","475","302","0","0","0","0","0","-260500","5","-100.00","566","1","0","0","0","","0","0","0","","",""
"080110","0001","0","266000","266500","267500","268000","269000","269500","270000","271000","272000","272500","265500","265000","264000","263500","263000","262500","262000","261500","261000","260500","3","5","8","14","368","50","13","1","12","1","3","10","69","60","10","45","2","11","53","40","475","303","0","0","0","0","0","-260500","5","-100.00","566","0","1","0","0","","0","0","0","","",""
"080111","0000","0","266000","266500","267500","268000","269000","269500","270000","271000","272000","272500","265500","265000","264500","264000","263500","263000","262500","262000","261500","261000","3","5","8","14","368","50","13","1","12","1","3","11","10","69","60","10","45","2","11","53","475","274","0","0","0","0","0","-260500","5","-100.00","566","0","1","0","0","","0","0","0","","",""
"080112","0000","0","266000","266500","267500","268000","269000","269500","270000","271000","272000","272500","265500","265000","264500","264000","263500","263000","262500","262000","261500","261000","3","5","8","14","368","50","13","1","12","1","6","11","10","69","60","10","45","2","11","53","475","277","0","0","0","0","0","-260500","5","-100.00","566","0","3","0","0","","0","0","0","","",""
"080112","0001","0","266000","266500","267500","268000","269000","269500","270000","271000","272000","272500","265500","265000","264500","264000","263500","263000","262500","262000","261500","261000","3","5","8","14","370","50","13","1","12","1","6","11","10","69","60","10","45","2","11","53","477","277","0","0","0","0","0","-260500","5","-100.00","566","2","0","0","0","","0","0","0","","",""
"080113","0000","0","266000","266500","267500","268000","269000","269500","270000","271000","272000","272500","265500","265000","264500","264000","263500","263000","262500","262000","261500","261000","3","5","8","14","370","50","13","1","12","1","6","21","10","69","60","10","45","2","11","53","477","287","0","0","0","0","0","-260500","5","-100.00","566","0","10","0","0","","0","0","0","","",""
"080115","0000","0","266000","266500","267500","268000","269000","269500","270000","271000","272000","272500","265500","265000","264500","264000","263500","263000","262500","262000","261500","261000","3","5","8","14","370","50","13","1","12","1","6","21","60","69","10","10","45","2","11","53","477","287","0","0","0","0","0","-260500","5","-100.00","566","0","0","0","0","","0","0","0","","",""
"080115","0001","0","266000","266500","267500","268000","269000","269500","270000","271000","272000","272500","265500","265000","264500","264000","263500","263000","262500","262000","261500","261000","3","5","8","14","370","50","13","1","12","1","6","21","60","70","10","10","45","2","11","53","477","288","0","0","0","0","0","-260500","5","-100.00","566","0","1","0","0","","0","0","0","","",""
"080116","0000","0","266000","266500","267500","268000","269000","269500","270000","271000","272000","272500","265500","265000","264500","264000","263500","263000","262500","262000","261500","261000","3","5","8","14","370","50","13","2","12","1","6","21","60","70","10","10","45","2","11","53","478","288","0","0","0","0","0","-260500","5","-100.00","566","1","0","0","0","","0","0","0","","",""
"080116","0001","0","266000","266500","267500","268000","269000","269500","270000","271000","272000","272500","265500","265000","264500","264000","263500","263000","262500","262000","261500","261000","3","5","8","14","370","50","13","2","12","1","36","20","60","70","10","10","15","2","11","53","478","287","0","0","0","0","0","-260500","5","-100.00","566","0","-1","0","0","","0","0","0","","",""
"080117","0000","0","266000","266500","267500","268000","269000","269500","270000","271000","272000","272500","265500","265000","264500","264000","263500","263000","262500","262000","261500","261000","3","5","8","14","370","50","13","2","12","1","36","20","60","70","9","10","15","2","11","53","478","286","0","0","0","0","0","-260500","5","-100.00","566","0","-1","0","0","","0","0","0","","",""
"080118","0000","0","266000","266500","267500","268000","269000","269500","270000","271000","272000","272500","265500","265000","264500","264000","263500","263000","262500","262000","261500","261000","3","5","8","14","372","50","13","2","12","1","36","20","60","70","9","10","15","2","11","53","480","286","0","0","0","0","0","-260500","5","-100.00","566","2","0","0","0","","0","0","0","","",""
"080119","0000","0","266000","266500","267500","268000","269000","269500","270000","271000","272000","272500","265500","265000","264500","264000","263500","263000","262500","262000","261500","261000","3","5","8","14","372","50","13","2","12","1","36","20","60","70","9","10","15","1","11","53","480","285","0","0","0","0","0","-260500","5","-100.00","566","0","-1","0","0","","0","0","0","","",""
"080119","0001","0","266000","266500","267500","268000","269000","269500","270000","271000","272000","272500","265500","265000","264500","264000","263500","263000","262500","262000","261500","261000","3","5","8","14","372","50","13","2","12","1","29","20","60","70","9","10","15","2","11","53","480","279","0","0","0","0","0","-260500","5","-100.00","573","0","1","0","0","","0","0","0","","",""
"080119","0002","0","266000","266500","267500","268000","269000","269500","270000","271000","272000","272500","265500","265000","264500","264000","263500","263000","262500","262000","261500","261000","3","5","8","14","372","50","13","2","112","1","29","20","60","70","9","10","15","2","11","53","580","279","0","0","0","0","0","-260500","5","-100.00","573","100","0","0","0","","0","0","0","","",""
"080120","0000","0","266000","266500","267500","268000","269000","269500","270000","271000","272000","272500","265500","265000","264500","264000","263500","263000","262500","262000","261500","261000","3","5","8","14","372","50","13","2","112","1","29","20","60","71","9","10","15","2","11","53","580","280","0","0","0","0","0","-260500","5","-100.00","573","0","1","0","0","","0","0","0","","",""
"080120","0001","0","266000","266500","267500","268000","269000","269500","270000","271000","272000","272500","265500","265000","264500","264000","263500","263000","262500","262000","261500","261000","3","5","8","14","372","50","13","2","112","1","38","11","60","71","9","10","15","2","11","53","580","280","0","0","0","0","0","-260500","5","-100.00","573","0","0","0","0","","0","0","0","","",""
"080121","0000","0","266000","266500","267500","268000","269000","269500","270000","271000","272000","272500","265500","265000","264500","264000","263500","263000","262500","262000","261500","261000","5","5","8","14","372","50","13","2","112","1","38","11","60","71","9","10","15","2","11","53","582","280","0","0","0","0","0","-260500","5","-100.00","573","2","0","0","0","","0","0","0","","",""
"080121","0001","0","266000","266500","267500","268000","269000","269500","270000","271000","272000","272500","265500","265000","264500","264000","263500","263000","262500","262000","261500","261000","5","5","8","14","372","50","13","2","112","1","38","11","61","74","9","10","15","2","11","53","582","284","0","0","0","0","0","-260500","5","-100.00","573","0","3","0","0","","0","0","0","","",""
"080122","0000","0","266000","266500","267500","268000","269000","269500","270000","271000","272000","272500","265500","265000","264500","264000","263500","263000","262500","262000","261500","261000","5","5","8","14","372","50","13","2","112","1","38","31","61","74","9","10","15","2","11","53","582","304","0","0","0","0","0","-260500","5","-100.00","573","0","20","0","0","","0","0","0","","",""
"080122","0001","0","266000","266500","267500","268000","269000","269500","270000","271000","272000","272500","265500","265000","264500","264000","263500","263000","262500","262000","261500","261000","5","5","8","14","372","50","13","2","112","1","38","31","61","74","9","10","15","2","11","53","582","304","0","0","0","0","0","-260500","5","-100.00","573","0","0","0","0","","0","0","0","","",""
"080124","0000","0","266000","266500","267500","268000","269000","269500","270000","271000","272000","272500","265500","265000","264500","264000","263500","263000","262500","262000","261500","261000","5","5","8","14","372","50","13","2","112","1","47","31","61","74","9","10","15","2","11","53","582","313","0","0","0","0","0","-260500","5","-100.00","573","0","9","0","0","","0","0","0","","",""
"080124","0001","0","266000","266500","267500","268000","269000","269500","270000","271000","272000","272500","265500","265000","264500","264000","263500","263000","262500","262000","261500","261000","4","5","8","14","372","50","13","2","112","1","47","31","61","74","9","10","15","2","11","53","581","313","0","0","0","0","0","-260500","5","-100.00","574","-1","0","0","0","","0","0","0","","",""
"080125","0000","0","266000","266500","267500","268000","269000","269500","270000","271000","272000","272500","265500","265000","264500","264000","263500","263000","262500","262000","261500","261000","9","5","8","14","372","50","13","2","112","1","47","31","61","74","9","10","15","2","11","53","586","313","0","0","0","0","0","-260500","5","-100.00","574","5","0","0","0","","0","0","0","","",""
"080126","0000","0","266000","266500","267500","268000","269000","269500","270000","271000","272000","272500","265500","265000","264500","264000","263500","263000","262500","262000","261500","261000","9","5","8","14","372","50","13","2","112","1","59","31","61","74","9","10","15","2","11","53","586","325","0","0","0","0","0","-260500","5","-100.00","574","0","12","0","0","","0","0","0","","",""
"080128","0000","0","266000","266500","267500","268000","269000","269500","270000","271000","272000","272500","265500","265000","264500","264000","263500","263000","262500","262000","261500","261000","9","5","8","14","372","50","13","2","112","1","59","39","61","74","9","10","15","2","11","53","586","333","0","0","0","0","0","-260500","5","-100.00","574","0","8","0","0","","0","0","0","","",""
"080128","0001","0","266000","266500","267500","268000","269000","269500","270000","270500","271000","272000","265500","265000","264500","264000","263500","263000","262500","262000","261500","261000","9","5","8","14","372","50","13","1","2","112","60","39","61","74","9","10","15","2","11","53","586","334","0","0","0","0","0","-260500","5","-100.00","574","0","0","0","0","","0","0","0","","",""
"080129","0000","0","266000","266500","267500","268000","269000","269500","270000","270500","271000","272000","265500","265000","264500","264000","263500","263000","262500","262000","261500","261000","9","5","8","14","372","50","13","1","2","112","60","39","60","74","10","10","15","2","11","53","586","334","0","0","0","0","0","-260500","5","-100.00","574","0","0","0","0","","0","0","0","","",""
"080130","0000","0","266000","266500","267500","268000","269000","269500","270000","270500","271000","272000","265500","265000","264500","264000","263500","263000","262500","262000","261500","261000","24","5","8","19","372","50","13","1","2","112","60","39","60","74","10","10","15","2","11","53","606","334","0","0","0","0","0","-260500","5","-100.00","574","20","0","0","0","","0","0","0","","",""
"080131","0000","0","266000","266500","267500","268000","269000","269500","270000","270500","271000","272000","265500","265000","264500","264000","263500","263000","262500","262000","261500","261000","23","5","8","19","377","50","13","1","2","112","60","39","60","74","10","10","15","2","11","53","610","334","0","0","0","0","0","-260500","5","-100.00","575","5","0","0","0","","0","0","0","","",""
"080131","0001","0","266000","266500","267500","268000","269000","269500","270000","270500","271000","272000","265500","265000","264500","264000","263500","263000","262500","262000","261500","261000","24","5","8","19","377","50","13","1","3","112","60","39","60","74","10","10","15","2","11","53","612","334","0","0","0","0","0","-260500","5","-100.00","575","1","0","0","0","","0","0","0","","",""
"080132","0000","0","266000","266500","267500","268000","269000","269500","270000","270500","271000","272000","265500","265000","264500","264000","263500","263000","262500","262000","261500","261000","28","5","8","19","377","50","13","1","3","112","60","39","60","74","10","10","15","2","11","53","616","334","0","0","0","0","0","-260500","5","-100.00","575","4","0","0","0","","0","0","0","","",""
"080133","0000","0","266000","266500","267500","268000","269000","269500","270000","270500","271000","272000","265500","265000","264500","264000","263500","263000","262500","262000","261500","261000","8","5","8","19","377","50","13","1","3","112","60","39","60","74","10","10","15","2","11","53","596","334","0","0","0","0","0","-260500","5","-100.00","595","-20","0","0","0","","0","0","0","","",""
"080133","0001","0","266500","267500","268000","269000","269500","270000","270500","271000","272000","272500","265500","265000","264500","264000","263500","263000","262500","262000","261500","261000","5","8","19","377","50","13","1","3","112","1","51","39","60","74","10","10","15","2","11","53","589","325","0","0","0","0","0","-260500","5","-100.00","605","-9","-9","0","0","","0","0","0","","",""
"080134","0000","0","266500","267500","268000","269000","269500","270000","270500","271000","271500","272000","265500","265000","264500","264000","263500","263000","262500","262000","261500","261000","5","8","19","377","50","13","1","3","1","112","51","39","60","74","10","10","15","2","11","53","589","325","0","0","0","0","0","-260500","5","-100.00","605","0","0","0","0","","0","0","0","","",""
"080136","0000","0","266500","267500","268000","269000","269500","270000","270500","271000","271500","272000","266000","265500","265000","264500","264000","263500","263000","262500","262000","261500","5","8","19","377","50","13","1","3","1","112","2","51","39","60","74","10","10","15","2","11","589","274","0","0","0","0","0","-260500","5","-100.00","605","0","-51","0","0","","0","0","0","","",""
"080137","0000","0","266500","267500","268000","269000","269500","270000","270500","271000","271500","272000","266000","265500","265000","264500","264000","263500","263000","262500","262000","261500","5","8","24","377","50","13","1","3","1","112","2","71","19","60","74","10","10","15","2","11","594","274","0","0","0","0","0","-260500","5","-100.00","605","5","0","0","0","","0","0","0","","",""
"080137","0001","0","266500","267500","268000","269000","269500","270000","270500","271000","271500","272000","266000","265500","265000","264500","264000","263500","263000","262500","262000","261500","5","8","24","382","50","18","1","8","1","117","2","71","19","60","74","10","10","15","2","11","614","274","0","0","0","0","0","-260500","5","-100.00","605","10","0","0","0","","0","0","0","","",""
"080138","0000","0","266500","267500","268000","269000","269500","270000","270500","271000","271500","272000","266000","265500","265000","264500","264000","263500","263000","262500","262000","261500","5","11","24","382","50","18","1","8","1","117","2","71","19","60","74","10","10","15","2","11","617","274","0","0","0","0","0","-260500","5","-100.00","605","3","0","0","0","","0","0","0","","",""
"080138","0001","0","266500","267500","268000","269000","269500","270000","270500","271000","271500","272000","266000","265500","265000","264500","264000","263500","263000","262500","262000","261500","5","11","24","382","50","18","1","8","1","118","3","71","19","60","74","10","10","15","2","11","618","275","0","0","0","0","0","-260500","5","-100.00","605","0","1","0","0","","0","0","0","","",""
"080139","0000","0","266500","267500","268000","269000","269500","270000","270500","271000","271500","272000","266000","265500","265000","264500","264000","263500","263000","262500","262000","261500","5","11","24","382","50","18","1","8","1","120","3","71","19","60","74","10","10","15","2","11","620","275","0","0","0","0","0","-260500","5","-100.00","605","2","0","0","0","","0","0","0","","",""
"080139","0001","0","266500","267500","268000","269000","269500","270000","270500","271000","271500","272000","266000","265500","265000","264500","264000","263500","263000","262500","262000","261500","5","11","24","382","50","18","1","8","1","120","18","71","19","60","74","10","10","15","2","11","620","290","0","0","0","0","0","-260500","5","-100.00","605","0","15","0","0","","0","0","0","","",""
"080140","0000","0","266500","267500","268000","269000","269500","270000","270500","271000","271500","272000","266000","265500","265000","264500","264000","263500","263000","262500","262000","261500","5","11","25","382","50","18","1","8","1","120","18","71","19","60","74","10","10","15","2","11","621","290","0","0","0","0","0","-260500","5","-100.00","605","1","0","0","0","","0","0","0","","",""
"080141","0000","0","266500","267500","268000","269000","269500","270000","270500","271000","271500","272000","266000","265500","265000","264500","264000","263500","263000","262500","262000","261500","5","11","125","382","50","18","1","8","1","20","18","71","19","60","74","10","10","15","2","11","621","290","0","0","0","0","0","-260500","5","-100.00","605","0","0","0","0","","0","0","0","","",""
"080142","0000","0","266500","267000","267500","268000","269000","269500","270000","270500","271000","271500","266000","265500","265000","264500","264000","263500","263000","262500","262000","261500","5","3","11","125","382","50","18","1","8","1","18","71","19","60","74","10","10","15","2","11","604","290","0","0","0","0","0","-260500","5","-100.00","605","-17","0","0","0","","0","0","0","","",""
"080142","0001","0","266500","267000","267500","268000","269000","269500","270000","270500","271000","271500","266000","265500","265000","264500","264000","263500","263000","262500","262000","261500","5","3","11","125","382","50","18","1","8","3","19","71","19","60","74","10","10","75","2","11","606","351","0","0","0","0","0","-260500","5","-100.00","605","0","60","0","0","","0","0","0","","",""
"080144","0000","0","267000","267500","268000","269000","269500","270000","270500","271000","271500","272000","266500","266000","265500","265000","264500","264000","263500","263000","262500","262000","9","11","125","382","50","18","1","8","3","20","4","19","62","20","60","74","10","10","75","2","627","336","0","0","0","0","0","-260500","5","-100.00","610","21","-15","0","0","","0","0","0","","",""
"080144","0001","0","267000","267500","268000","269000","269500","270000","270500","271000","271500","272000","266500","266000","265500","265000","264500","264000","263500","263000","262500","262000","9","11","125","382","50","18","1","8","3","20","4","19","62","20","60","74","10","10","75","12","627","346","0","0","0","0","0","-260500","5","-100.00","610","0","10","0","0","","0","0","0","","",""
"080144","0002","0","267000","267500","268000","269000","269500","270000","270500","271000","271500","272000","266500","266000","265500","265000","264500","264000","263500","263000","262500","262000","9","11","125","382","50","18","1","8","3","20","3","19","62","20","60","74","10","10","75","12","627","345","0","0","0","0","0","-260500","5","-100.00","611","0","-1","0","0","","0","0","0","","",""
"080145","0000","0","267000","267500","268000","269000","269500","270000","270500","271000","271500","272000","266500","266000","265500","265000","264500","264000","263500","263000","262500","262000","9","11","125","382","50","18","1","8","3","20","3","19","62","20","64","74","10","10","75","12","627","349","0","0","0","0","0","-260500","5","-100.00","611","0","4","0","0","","0","0","0","","",""
"080146","0000","0","267000","267500","268000","269000","269500","270000","271000","271500","272000","272500","266500","266000","265500","265000","264500","264000","263500","263000","262500","262000","9","11","125","382","50","18","8","3","20","32","3","19","62","20","64","74","10","10","75","12","658","349","0","0","0","0","0","-260500","5","-100.00","611","31","0","0","0","","0","0","0","","",""
"080147","0000","0","267000","267500","268000","269000","269500","270000","271000","271500","272000","272500","266500","266000","265500","265000","264500","264000","263500","263000","262500","262000","9","11","125","382","50","18","8","3","20","32","3","34","62","20","64","74","10","10","75","12","658","364","0","0","0","0","0","-260500","5","-100.00","611","0","15","0","0","","0","0","0","","",""
"080148","0000","0","267000","267500","268000","269000","269500","270000","271000","271500","272000","272500","266500","266000","265500","265000","264500","264000","263500","263000","262500","262000","9","12","125","382","50","18","8","3","20","32","3","34","62","20","64","74","10","10","75","12","659","364","0","0","0","0","0","-260500","5","-100.00","611","1","0","0","0","","0","0","0","","",""
"080149","0000","0","267000","267500","268000","269000","269500","270000","271000","271500","272000","272500","266500","266000","265500","265000","264500","264000","263500","263000","262500","262000","11","12","125","382","50","18","8","3","20","32","3","34","62","20","64","74","10","10","75","12","661","364","0","0","0","0","0","-260500","5","-100.00","611","2","0","0","0","","0","0","0","","",""
"080150","0000","0","267000","267500","268000","269000","269500","270000","271000","271500","272000","272500","266500","266000","265500","265000","264500","264000","263500","263000","262500","262000","11","12","125","382","50","18","8","3","20","32","13","35","62","20","64","74","10","10","75","12","661","375","0","0","0","0","0","-260500","5","-100.00","611","0","10","0","0","","0","0","0","","",""
"080150","0001","0","267000","267500","268000","269000","269500","270000","271000","271500","272000","272500","266500","266000","265500","265000","264500","264000","263500","263000","262500","262000","11","12","125","382","50","18","8","3","20","32","13","38","62","20","65","74","10","10","75","12","661","379","0","0","0","0","0","-260500","5","-100.00","611","0","4","0","0","","0","0","0","","",""
"080152","0000","0","267000","267500","268000","269000","269500","270000","271000","271500","272000","272500","266500","266000","265500","265000","264500","264000","263500","263000","262500","262000","18","12","125","382","50","18","8","3","20","32","13","38","62","20","65","74","10","10","75","12","668","379","0","0","0","0","0","-260500","5","-100.00","611","7","0","0","0","","0","0","0","","",""
"080152","0001","0","267000","267500","268000","269000","269500","270000","271000","271500","272000","272500","266500","266000","265500","265000","264500","264000","263500","263000","262500","262000","18","12","125","382","50","18","8","3","20","32","13","38","82","22","65","74","10","10","75","12","668","401","0","0","0","0","0","-260500","5","-100.00","611","0","20","0","0","","0","0","0","","",""
"080155","0000","0","267000","267500","268000","269000","269500","270000","271000","271500","272000","272500","266500","266000","265500","265000","264500","264000","263500","263000","262500","262000","18","14","125","382","50","18","8","3","20","32","13","38","82","22","65","74","10","10","75","12","670","401","0","0","0","0","0","-260500","5","-100.00","611","2","0","0","0","","0","0","0","","",""
"080155","0001","0","267000","267500","268000","269000","269500","270000","271000","271500","272000","272500","266500","266000","265500","265000","264500","264000","263500","263000","262500","262000","19","14","125","382","50","18","8","3","20","32","13","38","82","22","65","74","10","10","75","12","671","401","0","0","0","0","0","-260500","5","-100.00","611","1","0","0","0","","0","0","0","","",""
"080156","0000","0","267000","267500","268000","269000","269500","270000","271000","271500","272000","272500","266500","266000","265500","265000","264500","264000","263500","263000","262500","262000","19","19","125","382","50","18","8","3","20","32","13","38","82","22","65","74","10","10","75","12","676","401","0","0","0","0","0","-260500","5","-100.00","611","5","0","0","0","","0","0","0","","",""
"080157","0000","0","267000","267500","268000","269000","269500","270000","271000","271500","272000","272500","266500","266000","265500","265000","264500","264000","263500","263000","262500","262000","19","19","125","382","50","18","8","3","20","32","15","38","82","22","65","74","10","10","75","12","676","403","0","0","0","0","0","-260500","5","-100.00","611","0","2","0","0","","0","0","0","","",""
"080157","0001","0","267000","267500","268000","269000","270000","271000","271500","272000","272500","273000","266500","266000","265500","265000","264500","264000","263500","263000","262500","262000","19","19","125","382","18","8","3","20","82","13","15","38","82","22","65","74","10","10","75","12","689","403","0","0","0","0","0","-260500","5","-100.00","611","13","0","0","0","","0","0","0","","",""
"080157","0002","0","267000","267500","268000","269000","270000","271000","271500","272000","272500","273000","266500","266000","265500","265000","264500","264000","263500","263000","262500","262000","19","19","125","382","18","8","3","20","82","13","14","38","82","22","65","74","10","10","75","12","689","402","0","0","0","0","0","-260500","5","-100.00","612","0","-1","0","0","","0","0","0","","",""
"080158","0000","0","267000","267500","268000","269000","270000","271000","271500","272000","272500","273000","266500","266000","265500","265000","264500","264000","263500","263000","262500","262000","19","19","125","382","18","8","3","20","82","13","4","38","82","22","65","74","10","10","75","12","689","392","0","0","0","0","0","-260500","5","-100.00","622","0","-10","0","0","","0","0","0","","",""
"080158","0001","0","267000","267500","268000","269000","270000","271000","271500","272000","272500","273000","266500","266000","265500","265000","264500","264000","263500","263000","262500","262000","21","19","125","382","18","8","3","20","82","13","28","38","82","22","65","74","10","10","75","12","691","416","0","0","0","0","0","-260500","5","-100.00","622","2","24","0","0","","0","0","0","","",""
"080159","0000","0","267000","267500","268000","269000","270000","271000","271500","272000","272500","273000","266500","266000","265500","265000","264500","264000","263500","263000","262500","262000","21","19","125","382","18","8","3","20","82","13","29","38","82","22","65","74","10","10","75","12","691","417","0","0","0","0","0","-260500","5","-100.00","622","0","1","0","0","","0","0","0","","",""
"080159","0001","0","267000","267500","268000","269000","270000","271000","271500","272000","272500","273000","266500","266000","265500","265000","264500","264000","263500","263000","262500","262000","21","19","125","382","18","8","3","20","82","13","24","38","82","22","65","74","10","10","75","12","691","412","0","0","0","0","0","-260500","5","-100.00","627","0","-5","0","0","","0","0","0","","",""
"080200","0000","0","267000","267500","268000","269000","270000","271000","271500","272000","272500","273000","266500","266000","265500","265000","264500","264000","263500","263000","262500","262000","21","19","125","382","18","8","3","20","82","13","26","38","82","22","65","74","10","10","75","12","691","414","0","0","0","0","0","-260500","5","-100.00","627","0","2","0","0","","0","0","0","","",""
"080201","0000","0","267000","267500","268000","269000","270000","271000","271500","272000","272500","273000","266500","266000","265500","265000","264500","264000","263500","263000","262500","262000","21","19","125","382","18","8","3","20","82","13","24","38","82","22","65","74","10","10","75","12","691","412","0","0","0","0","0","-260500","5","-100.00","629","0","-2","0","0","","0","0","0","","",""
"080201","0001","0","267000","267500","268000","269000","270000","271000","271500","272000","272500","273000","266500","266000","265500","265000","264500","264000","263500","263000","262500","262000","19","19","125","382","18","8","3","20","82","13","24","38","82","22","65","74","10","10","75","12","689","412","0","0","0","0","0","-260500","5","-100.00","631","-2","0","0","0","","0","0","0","","",""
"080201","0002","0","267000","267500","268000","269000","270000","271000","271500","272000","272500","273000","266500","266000","265500","265000","264500","264000","263500","263000","262500","262000","19","19","125","382","18","8","3","20","82","13","24","138","82","22","65","74","10","10","75","12","689","512","0","0","0","0","0","-260500","5","-100.00","631","0","100","0","0","","0","0","0","","",""
"080202","0000","0","267000","267500","268000","269000","270000","271000","271500","272000","272500","273000","266500","266000","265500","265000","264500","264000","263500","263000","262500","262000","19","19","125","382","18","8","3","20","82","13","4","138","82","22","65","74","10","10","75","12","689","492","0","0","0","0","0","-260500","5","-100.00","651","0","-20","0","0","","0","0","0","","",""
"080202","0001","0","267000","267500","268000","269000","270000","271000","271500","272000","272500","273000","266500","266000","265500","265000","264500","264000","263500","263000","262500","262000","19","19","125","382","18","8","3","20","82","13","14","138","82","22","65","74","10","10","75","12","689","502","0","0","0","0","0","-260500","5","-100.00","651","0","10","0","0","","0","0","0","","",""
"080203","0000","0","267000","267500","268000","269000","270000","271000","271500","272000","272500","273000","266500","266000","265500","265000","264500","264000","263500","263000","262500","262000","19","19","125","382","18","8","3","20","82","13","14","138","82","27","65","74","10","10","75","12","689","507","0","0","0","0","0","-260500","5","-100.00","651","0","5","0","0","","0","0","0","","",""
"080203","0001","0","267000","267500","268000","269000","270000","271000","271500","272000","272500","273000","266500","266000","265500","265000","264500","264000","263500","263000","262500","262000","19","19","125","382","18","8","3","20","82","13","14","138","82","27","65","74","10","10","76","12","689","508","0","0","0","0","0","-260500","5","-100.00","651","0","1","0","0","","0","0","0","","",""
"080204","0000","0","267000","267500","268000","269000","269500","270000","271000","271500","272000","272500","266500","266000","265500","265000","264500","264000","263500","263000","262500","262000","19","19","125","382","10","18","8","3","20","82","10","138","82","27","65","74","10","10","76","12","686","504","0","0","0","0","0","-260500","5","-100.00","655","-3","0","0","0","","0","0","0","","",""
"080204","0001","0","267000","267500","268000","269000","269500","270000","271000","271500","272000","272500","266500","266000","265500","265000","264500","264000","263500","263000","262500","262000","4","19","125","382","10","18","8","3","20","82","10","123","82","27","65","74","10","10","76","12","671","489","0","0","0","0","0","-260500","5","-100.00","670","-15","-15","0","0","","0","0","0","","",""
"080205","0000","0","267000","267500","268000","269000","269500","270000","271000","271500","272000","272500","266500","266000","265500","265000","264500","264000","263500","263000","262500","262000","10","19","125","382","10","18","8","3","20","82","9","123","82","27","65","74","10","10","76","12","677","488","0","0","0","0","0","-260500","5","-100.00","671","6","-1","0","0","","0","0","0","","",""
"080206","0000","0","267500","268000","269000","269500","270000","271000","271500","272000","272500","273000","266500","266000","265500","265000","264500","264000","263500","263000","262500","262000","19","125","382","10","18","8","3","20","82","13","9","123","82","27","65","74","10","10","76","12","680","488","0","0","0","0","0","-260500","5","-100.00","687","3","0","0","0","","0","0","0","","",""
"080206","0001","0","267000","267500","268000","269000","269500","270000","271000","271500","272000","272500","266500","266000","265500","265000","264500","264000","263500","263000","262500","262000","13","19","125","382","10","18","8","3","20","82","9","123","82","27","65","74","10","10","76","12","680","488","0","0","0","0","0","-260500","5","-100.00","687","0","0","0","0","","0","0","0","","",""
"080207","0000","0","267000","267500","268000","269000","269500","270000","271000","271500","272000","272500","266500","266000","265500","265000","264500","264000","263500","263000","262500","262000","13","19","125","382","10","18","8","3","20","82","2","123","82","27","65","74","10","10","76","12","680","481","0","0","0","0","0","-260500","5","-100.00","694","0","-7","0","0","","0","0","0","","",""
"080207","0001","0","267000","267500","268000","269000","269500","270000","271000","271500","272000","272500","266500","266000","265500","265000","264500","264000","263500","263000","262500","262000","13","19","125","382","10","18","8","3","20","82","12","123","82","27","65","74","10","10","76","12","680","491","0","0","0","0","0","-260500","5","-100.00","694","0","10","0","0","","0","0","0","","",""
"080208","0000","0","267000","267500","268000","269000","269500","270000","271000","271500","272000","272500","266500","266000","265500","265000","264500","264000","263500","263000","262500","262000","13","19","125","382","10","18","8","3","20","82","12","108","82","27","65","74","10","10","76","12","680","476","0","0","0","0","0","-260500","5","-100.00","694","0","-15","0","0","","0","0","0","","",""
"080209","0000","0","267000","267500","268000","269000","269500","270000","271000","271500","272000","272500","266500","266000","265500","265000","264500","264000","263500","263000","262500","262000","13","19","125","382","10","18","8","3","20","82","22","108","82","27","65","74","10","10","76","12","680","486","0","0","0","0","0","-260500","5","-100.00","694","0","10","0","0","","0","0","0","","",""
"080210","0000","0","267000","267500","268000","269000","269500","270000","271000","271500","272000","272500","266500","266000","265500","265000","264500","264000","263500","263000","262500","262000","13","19","125","382","10","58","8","3","20","82","22","108","82","27","65","74","10","10","76","12","720","486","0","0","0","0","0","-260500","5","-100.00","694","40","0","0","0","","0","0","0","","",""
"080211","0000","0","267000","267500","268000","269000","269500","270000","271000","271500","272000","272500","266500","266000","265500","265000","264500","264000","263500","263000","262500","262000","13","19","125","382","10","58","8","3","20","82","34","108","70","27","65","74","10","10","76","12","720","486","0","0","0","0","0","-260500","5","-100.00","694","0","0","0","0","","0","0","0","","",""
"080211","0001","0","267000","267500","268000","269000","269500","270000","271000","271500","272000","272500","266500","266000","265500","265000","264500","264000","263500","263000","262500","262000","13","19","125","382","10","58","8","3","49","82","34","108","70","27","65","74","10","10","76","12","749","486","0","0","0","0","0","-260500","5","-100.00","694","29","0","0","0","","0","0","0","","",""
"080211","0002","0","267500","268000","269000","269500","270000","271000","271500","272000","272500","273000","266500","266000","265500","265000","264500","264000","263500","263000","262500","262000","6","93","382","10","58","8","29","49","82","13","34","108","70","27","65","74","10","10","76","12","730","486","0","0","0","0","0","-260500","5","-100.00","764","-45","0","0","0","","0","0","0","","",""
"080212","0000","0","267500","268000","269000","269500","270000","270500","271000","271500","272000","272500","266500","266000","265500","265000","264500","264000","263500","263000","262500","262000","6","93","383","10","77","21","32","29","49","82","34","108","70","27","65","74","10","10","76","12","782","486","0","0","0","0","0","-260500","5","-100.00","764","28","0","0","0","","0","0","0","","",""
"080212","0001","0","267500","268000","269000","269500","270000","270500","271000","271500","272000","272500","266500","266000","265500","265000","264500","264000","263500","263000","262500","262000","6","93","383","27","77","21","32","29","49","82","34","108","70","27","65","74","10","10","76","12","799","486","0","0","0","0","0","-260500","5","-100.00","764","17","0","0","0","","0","0","0","","",""
"080212","0002","0","267500","268000","269000","269500","270000","270500","271000","271500","272000","272500","267000","266500","266000","265500","265000","264500","264000","263500","263000","262500","6","93","397","27","77","21","32","29","49","82","4","35","108","70","27","65","74","10","10","76","813","479","0","0","0","0","0","-260500","5","-100.00","764","0","-7","0","0","","0","0","0","","",""
"080212","0003","0","267500","268000","268500","269000","269500","270000","270500","271000","271500","272000","267000","266500","266000","265500","265000","264500","264000","263500","263000","262500","6","103","12","397","27","77","21","32","29","49","4","35","108","70","27","65","74","10","10","76","753","479","0","0","0","0","0","-260500","5","-100.00","764","-60","0","0","0","","0","0","0","","",""
"080213","0000","0","267000","267500","268000","268500","269000","269500","270000","270500","271000","271500","266500","266000","265500","265000","264500","264000","263500","263000","262500","262000","1","13","107","12","397","27","77","21","32","29","35","108","70","27","65","74","10","10","76","12","716","487","0","0","0","0","0","-260500","5","-100.00","768","-44","8","0","0","","0","0","0","","",""
"080213","0001","0","267000","267500","268000","268500","269000","269500","270000","270500","271000","271500","266500","266000","265500","265000","264500","264000","263500","263000","262500","262000","1","13","107","12","397","27","77","21","32","29","33","108","70","27","65","74","10","10","76","12","716","485","0","0","0","0","0","-260500","5","-100.00","770","0","-2","0","0","","0","0","0","","",""
"080214","0000","0","267000","267500","268000","268500","269000","269500","270000","270500","271000","271500","266500","266000","265500","265000","264500","264000","263500","263000","262500","262000","1","13","107","12","397","27","77","21","32","29","33","108","70","28","65","74","10","10","76","12","716","486","0","0","0","0","0","-260500","5","-100.00","770","0","1","0","0","","0","0","0","","",""
"080215","0000","0","267000","267500","268000","268500","269000","269500","270000","270500","271000","271500","266500","266000","265500","265000","264500","264000","263500","263000","262500","262000","1","13","107","12","397","27","77","21","32","29","34","108","70","28","65","74","10","10","76","12","716","487","0","0","0","0","0","-260500","5","-100.00","770","0","1","0","0","","0","0","0","","",""
"080215","0001","0","267000","267500","268000","268500","269000","269500","270000","270500","271000","271500","266500","266000","265500","265000","264500","264000","263500","263000","262500","262000","7","13","107","12","397","27","77","21","32","29","4","108","80","28","65","74","10","10","76","12","722","467","0","0","0","0","0","-260500","5","-100.00","800","0","10","0","0","","0","0","0","","",""
"080215","0002","0","267000","267500","268000","268500","269000","269500","270000","270500","271000","271500","266500","266000","265500","265000","264500","264000","263500","263000","262500","262000","7","13","107","12","397","27","77","21","32","29","4","108","80","28","65","74","10","10","76","12","722","467","0","0","0","0","0","-260500","5","-100.00","800","0","0","0","0","","0","0","0","","",""
"080216","0000","0","267000","267500","268000","268500","269000","269500","270000","270500","271000","271500","266500","266000","265500","265000","264500","264000","263500","263000","262500","262000","19","13","107","12","397","27","77","21","32","29","7","108","80","28","65","74","10","10","76","12","734","470","0","0","0","0","0","-260500","5","-100.00","800","12","2","0","0","","0","0","0","","",""
"080216","0001","0","267000","267500","268000","268500","269000","269500","270000","270500","271000","271500","266500","266000","265500","265000","264500","264000","263500","263000","262500","262000","12","13","107","12","397","27","77","21","32","29","17","108","80","28","65","74","10","10","76","12","727","480","0","0","0","0","0","-260500","5","-100.00","801","-7","0","0","0","","0","0","0","","",""
"080217","0000","0","267000","267500","268000","268500","269000","269500","270000","270500","271000","271500","266500","266000","265500","265000","264500","264000","263500","263000","262500","262000","12","13","107","12","397","27","77","21","32","29","19","108","80","28","65","74","10","10","76","12","727","482","0","0","0","0","0","-260500","5","-100.00","801","0","2","0","0","","0","0","0","","",""
"080218","0000","0","267000","267500","268000","268500","269000","269500","270000","270500","271000","271500","266500","266000","265500","265000","264500","264000","263500","263000","262500","262000","12","13","107","12","397","27","77","21","32","29","19","108","80","28","65","74","10","10","76","12","727","482","0","0","0","0","0","-260500","5","-100.00","801","0","1","0","0","","0","0","0","","",""
"080218","0001","0","267000","267500","268000","268500","269000","269500","270000","270500","271000","271500","266500","266000","265500","265000","264500","264000","263500","263000","262500","262000","12","13","107","13","397","27","77","21","32","29","18","108","80","28","65","74","10","10","76","12","728","481","0","0","0","0","0","-260500","5","-100.00","802","0","-1","0","0","","0","0","0","","",""
"080220","0000","0","267000","267500","268000","268500","269000","269500","270000","270500","271000","271500","266500","266000","265500","265000","264500","264000","263500","263000","262500","262000","12","13","107","13","397","27","77","21","32","29","18","108","80","28","15","74","10","60","76","12","728","481","0","0","0","0","0","-260500","5","-100.00","802","0","0","0","0","","0","0","0","","",""
"080220","0001","0","267000","267500","268000","268500","269000","269500","270000","270500","271000","271500","266500","266000","265500","265000","264500","264000","263500","263000","262500","262000","12","13","107","13","397","27","77","21","32","29","25","108","80","28","15","74","10","60","76","12","728","488","0","0","0","0","0","-260500","5","-100.00","802","0","7","0","0","","0","0","0","","",""
"080221","0000","0","267000","267500","268000","268500","269000","269500","270000","270500","271000","271500","266500","266000","265500","265000","264500","264000","263500","263000","262500","262000","12","13","107","13","397","27","77","21","32","29","27","108","80","28","15","74","10","60","76","12","728","490","0","0","0","0","0","-260500","5","-100.00","802","0","1","0","0","","0","0","0","","",""
"080221","0001","0","267000","267500","268000","268500","269000","269500","270000","270500","271000","271500","266500","266000","265500","265000","264500","264000","263500","263000","262500","262000","12","13","109","13","397","27","77","21","32","29","27","108","80","28","15","74","10","60","76","12","730","490","0","0","0","0","0","-260500","5","-100.00","802","2","0","0","0","","0","0","0","","",""
"080222","0000","0","267000","267500","268000","268500","269000","269500","270000","270500","271000","271500","266500","266000","265500","265000","264500","264000","263500","263000","262500","262000","9","13","109","13","397","27","77","21","32","29","32","108","80","28","15","74","10","60","76","12","727","495","0","0","0","0","0","-260500","5","-100.00","805","-3","5","0","0","","0","0","0","","",""
"080222","0001","0","267000","267500","268000","268500","269000","269500","270000","270500","271000","271500","266500","266000","265500","265000","264500","264000","263500","263000","262500","262000","6","13","109","13","397","27","77","21","32","29","32","108","80","28","15","74","10","60","76","12","724","495","0","0","0","0","0","-260500","5","-100.00","808","-3","0","0","0","","0","0","0","","",""
"080223","0000","0","267000","267500","268000","268500","269000","269500","270000","270500","271000","271500","266500","266000","265500","265000","264500","264000","263500","263000","262500","262000","7","13","109","13","397","27","77","21","32","29","32","108","80","28","15","74","10","60","76","12","725","495","0","0","0","0","0","-260500","5","-100.00","808","1","0","0","0","","0","0","0","","",""
"080223","0001","0","267000","267500","268000","268500","269000","269500","270000","270500","271000","271500","266500","266000","265500","265000","264500","264000","263500","263000","262500","262000","10","13","109","13","397","27","77","21","32","29","32","108","80","28","15","74","10","60","76","12","728","495","0","0","0","0","0","-260500","5","-100.00","808","1","0","0","0","","0","0","0","","",""
"080224","0000","0","267000","267500","268000","268500","269000","269500","270000","270500","271000","271500","266500","266000","265500","265000","264500","264000","263500","263000","262500","262000","10","13","109","13","397","27","77","21","32","29","32","108","80","29","15","74","10","60","76","12","728","496","0","0","0","0","0","-260500","5","-100.00","808","0","1","0","0","","0","0","0","","",""
"080225","0000","0","267000","267500","268000","268500","269000","269500","270000","270500","271000","271500","266500","266000","265500","265000","264500","264000","263500","263000","262500","262000","9","13","109","13","397","27","77","21","32","29","32","108","80","29","15","74","10","60","76","12","727","496","0","0","0","0","0","-260500","5","-100.00","809","-1","0","0","0","","0","0","0","","",""
"080225","0001","0","267000","267500","268000","268500","269000","269500","270000","270500","271000","271500","266500","266000","265500","265000","264500","264000","263500","263000","262500","262000","9","13","109","14","397","27","77","21","32","29","32","108","80","29","15","74","10","60","76","12","728","496","0","0","0","0","0","-260500","5","-100.00","809","1","0","0","0","","0","0","0","","",""
"080225","0002","0","267500","268000","268500","269000","269500","270000","270500","271000","271500","272000","267000","266500","266000","265500","265000","264500","264000","263500","263000","262500","13","109","14","397","27","77","21","32","29","49","41","32","108","80","29","15","74","10","60","76","768","525","0","0","0","0","0","-260500","5","-100.00","818","40","29","0","0","","0","0","0","","",""
"080226","0000","0","266500","267500","268000","268500","269000","269500","270000","270500","271000","271500","266000","265500","265000","264500","264000","263500","263000","262500","262000","261500","27","7","109","14","397","27","77","21","32","29","108","80","29","15","74","10","60","76","12","11","740","475","0","0","0","0","0","-260500","5","-100.00","891","-28","-50","0","0","","0","0","0","","",""
"080228","0000","0","266500","267500","268000","268500","269000","269500","270000","270500","271000","271500","266000","265500","265000","264500","264000","263500","263000","262500","262000","261500","27","7","111","14","397","28","77","21","32","29","108","80","29","15","74","10","60","76","12","11","743","475","0","0","0","0","0","-260500","5","-100.00","891","2","0","0","0","","0","0","0","","",""
"080229","0000","0","266500","267500","268000","268500","269000","269500","270000","270500","271000","271500","266000","265500","265000","264500","264000","263500","263000","262500","262000","261500","27","7","111","14","397","28","77","21","32","29","108","80","29","16","74","10","60","76","12","11","743","476","0","0","0","0","0","-260500","5","-100.00","891","0","1","0","0","","0","0","0","","",""
"080229","0001","0","266500","267500","268000","268500","269000","269500","270000","270500","271000","271500","266000","265500","265000","264500","264000","263500","263000","262500","262000","261500","27","7","111","18","397","28","77","21","32","29","108","80","29","16","74","11","60","76","12","11","747","477","0","0","0","0","0","-260500","5","-100.00","891","4","1","0","0","","0","0","0","","",""
"080229","0002","0","266500","267500","268000","268500","269000","269500","270000","270500","271000","271500","266000","265500","265000","264500","264000","263500","263000","262500","262000","261500","27","7","111","18","397","28","77","21","32","29","108","80","29","16","74","11","60","76","12","12","747","478","0","0","0","0","0","-260500","5","-100.00","891","0","1","0","0","","0","0","0","","",""
"080230","0000","0","266500","267500","268000","268500","269000","269500","270000","270500","271000","271500","266000","265500","265000","264500","264000","263500","263000","262500","262000","261500","27","7","111","19","397","28","77","21","32","29","108","80","29","16","74","11","60","76","12","12","748","478","0","0","0","0","0","-260500","5","-100.00","891","1","0","0","0","","0","0","0","","",""
"080230","0001","0","266500","267500","268000","268500","269000","269500","270000","270500","271000","271500","266000","265500","265000","264500","264000","263500","263000","262500","262000","261500","26","7","111","19","397","28","77","21","32","29","109","80","29","16","74","11","60","76","12","12","747","479","0","0","0","0","0","-260500","5","-100.00","892","-1","0","0","0","","0","0","0","","",""
"080231","0000","0","266500","267500","268000","268500","269000","269500","270000","270500","271000","271500","266000","265500","265000","264500","264000","263500","263000","262500","262000","261500","26","8","111","19","397","28","77","21","32","29","109","80","29","16","74","11","60","76","12","12","748","479","0","0","0","0","0","-260500","5","-100.00","892","1","0","0","0","","0","0","0","","",""
"080231","0001","0","266500","267500","268000","268500","269000","269500","270000","270500","271000","271500","266000","265500","265000","264500","264000","263500","263000","262500","262000","261500","25","8","111","19","397","28","77","21","32","29","109","80","29","16","74","11","60","76","12","12","747","479","0","0","0","0","0","-260500","5","-100.00","893","-1","0","0","0","","0","0","0","","",""
"080231","0002","0","267500","268000","268500","269000","269500","270000","270500","271000","271500","272000","266500","266000","265500","265000","264500","264000","263500","263000","262500","262000","14","111","19","397","28","77","21","32","29","49","8","110","80","29","16","74","11","60","76","12","777","476","0","0","0","0","0","-260500","5","-100.00","918","30","-4","0","0","","0","0","0","","",""
"080232","0000","0","267000","267500","268000","268500","269000","269500","270000","270500","271000","271500","266500","266000","265500","265000","264500","264000","263500","263000","262500","262000","4","14","111","39","397","28","77","21","32","34","8","110","80","29","16","74","11","60","76","12","757","476","0","0","0","0","0","-260500","5","-100.00","918","-25","0","0","0","","0","0","0","","",""
"080232","0001","0","267000","267500","268000","268500","269000","269500","270000","270500","271000","271500","266500","266000","265500","265000","264500","264000","263500","263000","262500","262000","4","19","111","39","392","28","77","21","32","34","8","110","80","29","16","74","11","60","76","12","757","476","0","0","0","0","0","-260500","5","-100.00","918","0","0","0","0","","0","0","0","","",""
"080232","0002","0","267000","267500","268000","268500","269000","269500","270000","270500","271000","271500","266500","266000","265500","265000","264500","264000","263500","263000","262500","262000","4","39","111","39","392","28","77","21","32","34","8","110","80","29","16","74","11","60","76","12","777","476","0","0","0","0","0","-260500","5","-100.00","918","20","0","0","0","","0","0","0","","",""
"080232","0003","0","267000","267500","268000","268500","269000","269500","270000","270500","271000","271500","266500","266000","265500","265000","264500","264000","263500","263000","262500","262000","10","39","111","39","392","28","77","21","32","34","8","110","80","29","16","74","11","60","76","12","783","476","0","0","0","0","0","-260500","5","-100.00","918","6","0","0","0","","0","0","0","","",""
