"time","millisec","HOUR_CLS_CODE","ASKP1","ASKP2","ASKP3","ASKP4","ASKP5","ASKP6","ASKP7","ASKP8","ASKP9","ASKP10","BIDP1","BIDP2","BIDP3","BIDP4","BIDP5","BIDP6","BIDP7","BIDP8","BIDP9","BIDP10","ASKP_RSQN1","ASKP_RSQN2","ASKP_RSQN3","ASKP_RSQN4","ASKP_RSQN5","ASKP_RSQN6","ASKP_RSQN7","ASKP_RSQN8","ASKP_RSQN9","ASKP_RSQN10","BIDP_RSQN1","BIDP_RSQN2","BIDP_RSQN3","BIDP_RSQN4","BIDP_RSQN5","BIDP_RSQN6","BIDP_RSQN7","BIDP_RSQN8","BIDP_RSQN9","BIDP_RSQN10","TOTAL_ASKP_RSQN","TOTAL_BIDP_RSQN","OVTM_TOTAL_ASKP_RSQN","OVTM_TOTAL_BIDP_RSQN","ANTC_CNPR","ANTC_CNQN","ANTC_VOL","ANTC_CNTG_VRSS","ANTC_CNTG_VRSS_SIGN","ANTC_CNTG_PRDY_CTRT","ACML_VOL","TOTAL_ASKP_RSQN_ICDC","TOTAL_BIDP_RSQN_ICDC","OVTM_TOTAL_ASKP_ICDC","OVTM_TOTAL_BIDP_ICDC","STCK_DEAL_CLS_CODE","KMID_PRC","KMID_TOTAL_RSQN","KMID_CLS_CODE","NMID_PRC","NMID_TOTAL_RSQN","NMID_CLS_CODE"
"080000","0000","0","194800","199800","204000","208500","0","0","0","0","0","0","157100","0","0","0","0","0","0","0","0","0","1","1","1","2","0","0","0","0","0","0","50","0","0","0","0","0","0","0","0","0","5","50","0","0","0","0","0","-160500","5","-100.00","0","0","0","0","0","","0","0","0","","",""
"080000","0001","0","161900","163400","164300","164900","165300","184800","194800","199800","204000","208500","160500","159200","159100","158600","158400","158100","157600","157100","0","0","50","95","6","10","160","1","2","1","2","2","2","5","50","50","35","50","50","50","0","0","329","292","0","0","0","0","0","-160500","5","-100.00","0","324","242","0","0","","0","0","0","","",""
"080001","0000","0","161900","163400","164300","164900","165300","184800","194800","199800","204000","208500","160500","159200","159100","158600","158400","158100","157600","157200","157100","156600","80","95","6","10","160","1","2","1","2","2","2","5","50","50","35","140","50","8","50","200","359","590","0","0","0","0","0","-160500","5","-100.00","0","30","298","0","0","","0","0","0","","",""
"080002","0000","0","161900","162400","163400","164300","164900","165300","167000","168000","170000","184800","160500","159400","159200","159100","158600","158400","158100","157600","157200","157100","8","3","95","6","10","160","12","220","778","1","2","30","5","50","50","35","140","50","8","50","1293","420","0","0","0","0","0","-160500","5","-100.00","72","934","-170","0","0","","0","0","0","","",""
"080002","0001","0","161900","162400","163400","164000","164300","164900","165300","167000","168000","170000","160500","159600","159400","159200","159100","158600","158400","158100","157600","157200","7","3","95","10","6","10","160","12","220","778","1","10","30","5","50","50","35","140","50","8","1301","379","0","0","0","0","0","-160500","5","-100.00","74","8","-41","0","0","","0","0","0","","",""
"080003","0000","0","161900","162400","163400","164000","164300","164900","165300","167000","168000","170000","160700","160500","159600","159400","159200","159100","158600","158400","158100","157600","7","3","95","10","6","10","160","12","220","778","600","2","10","30","5","50","50","35","140","50","1301","972","0","0","0","0","0","-160500","5","-100.00","74","0","593","0","0","","0","0","0","","",""
"080003","0001","0","161900","162400","163400","164000","164300","164900","165300","167000","168000","170000","160700","160500","159600","159400","159200","159100","158600","158400","158100","157600","7","3","95","10","6","330","160","12","220","778","600","2","10","30","5","50","50","35","140","50","1621","972","0","0","0","0","0","-160500","5","-100.00","74","320","0","0","0","","0","0","0","","",""
"080005","0000","0","161900","162400","163400","164000","164300","164900","165300","167000","168000","170000","160700","160500","159600","159500","159400","159200","159100","158600","158400","158100","7","3","95","10","6","330","160","12","220","778","600","2","10","5","30","5","50","50","35","140","1621","927","0","0","0","0","0","-160500","5","-100.00","74","0","-45","0","0","","0","0","0","","",""
"080005","0001","0","161900","162400","163400","164000","164300","164900","165300","165800","167000","168000","160700","160500","159600","159500","159400","159200","159100","158600","158400","158100","7","3","95","10","6","330","160","165","12","220","600","2","10","5","30","5","50","50","35","140","1008","927","0","0","0","0","0","-160500","5","-100.00","74","-613","0","0","0","","0","0","0","","",""
"080006","0000","0","161900","162400","163400","164000","164300","164900","165300","165800","167000","168000","160700","160500","159700","159600","159500","159400","159200","159100","158600","158400","7","3","95","10","6","330","160","165","12","220","600","2","8","10","5","30","5","50","50","35","1008","795","0","0","0","0","0","-160500","5","-100.00","74","0","-132","0","0","","0","0","0","","",""
"080006","0001","0","161900","162400","163400","164000","164300","164900","165000","165300","165800","167000","160700","160500","159700","159600","159500","159400","159200","159100","158600","158400","7","3","95","10","6","330","300","160","165","12","600","2","8","10","5","30","5","50","50","35","1088","795","0","0","0","0","0","-160500","5","-100.00","74","80","0","0","0","","0","0","0","","",""
"080006","0002","0","161900","162400","163400","164000","164300","164900","165000","165300","165800","167000","160700","160500","159700","159600","159500","159400","159200","159100","158600","158400","7","3","95","10","6","330","301","160","165","12","600","2","8","10","5","30","5","50","50","35","1089","795","0","0","0","0","0","-160500","5","-100.00","74","1","0","0","0","","0","0","0","","",""
"080007","0000","0","161900","162400","163400","164000","164300","164900","165000","165300","165800","167000","160700","160500","159700","159600","159500","159400","159200","159100","159000","158600","7","3","95","10","6","330","301","160","165","12","600","2","8","10","5","30","5","50","1","50","1089","761","0","0","0","0","0","-160500","5","-100.00","74","0","-34","0","0","","0","0","0","","",""
"080007","0001","0","161900","162400","163400","164000","164300","164900","165000","165300","165800","167000","160700","160500","159700","159600","159500","159400","159200","159100","159000","158600","7","3","95","10","6","330","301","160","165","12","600","4","8","10","5","30","5","50","1","50","1089","763","0","0","0","0","0","-160500","5","-100.00","74","0","2","0","0","","0","0","0","","",""
"080008","0000","0","161900","162400","163400","164000","164300","164900","165000","165300","165800","167000","160800","160700","160500","159600","159500","159400","159200","159100","159000","158600","7","3","95","10","6","330","302","160","165","12","8","600","4","10","5","30","5","50","1","50","1090","763","0","0","0","0","0","-160500","5","-100.00","74","1","0","0","0","","0","0","0","","",""
"080008","0001","0","161900","162400","163400","164000","164300","164900","165000","165300","165800","167000","160800","160700","160500","159600","159500","159400","159200","159100","159000","158600","7","3","95","10","6","330","302","160","165","12","3","600","19","10","5","30","5","50","1","50","1090","773","0","0","0","0","0","-160500","5","-100.00","79","0","10","0","0","","0","0","0","","",""
"080009","0000","0","161900","162400","163300","163400","164000","164300","164900","165000","165300","165800","161200","160800","160700","160500","159600","159500","159400","159200","159100","159000","7","3","5","95","10","6","330","302","160","165","4","3","600","19","10","5","30","5","50","1","1083","727","0","0","0","0","0","-160500","5","-100.00","79","-7","-46","0","0","","0","0","0","","",""
"080009","0001","0","161900","162400","163300","163400","164000","164300","164900","165000","165300","165800","161200","160800","160700","160500","159600","159500","159400","159200","159100","159000","7","3","5","95","10","6","330","302","160","165","4","3","800","19","10","5","30","17","50","1","1083","939","0","0","0","0","0","-160500","5","-100.00","79","0","212","0","0","","0","0","0","","",""
"080010","0000","0","161900","162400","163300","163400","163900","164000","164300","164900","165000","165300","161200","160800","160700","160500","159600","159500","159400","159200","159100","159000","7","3","5","95","2","12","6","330","302","160","18","3","800","19","10","5","30","17","50","1","922","953","0","0","0","0","0","-160500","5","-100.00","79","-161","14","0","0","","0","0","0","","",""
"080011","0000","0","161900","162400","163300","163400","163900","164000","164300","164900","165000","165300","161200","160800","160700","160500","159600","159500","159400","159200","159100","159000","7","3","5","95","2","12","6","330","302","160","18","3","800","19","13","5","30","17","50","1","922","956","0","0","0","0","0","-160500","5","-100.00","79","0","3","0","0","","0","0","0","","",""
"080011","0001","0","161900","162400","163300","163400","163900","164000","164300","164900","165000","165300","161200","160800","160700","160500","159600","159500","159400","159200","159100","159000","7","3","5","95","2","12","6","330","302","160","18","5","800","19","13","5","30","17","50","1","922","958","0","0","0","0","0","-160500","5","-100.00","79","0","2","0","0","","0","0","0","","",""
"080012","0000","0","161900","162000","162400","163300","163400","163900","164000","164300","164900","165000","161200","160800","160700","160500","159600","159500","159400","159200","159100","159000","7","20","3","5","95","2","12","6","330","302","18","5","800","19","13","5","30","17","50","1","782","958","0","0","0","0","0","-160500","5","-100.00","79","-140","0","0","0","","0","0","0","","",""
"080012","0001","0","161800","161900","162000","162400","163400","163900","164000","164300","164900","165000","161200","160800","160700","160500","159600","159500","159400","159200","159100","159000","5","7","20","3","95","2","12","6","330","302","18","5","800","19","13","5","30","17","50","1","782","958","0","0","0","0","0","-160500","5","-100.00","79","0","0","0","0","","0","0","0","","",""
"080012","0002","0","161800","161900","162000","162400","163400","163900","164000","164300","164900","165000","161200","160800","160700","160500","160300","159600","159500","159400","159200","159100","5","7","20","3","95","2","12","6","330","302","18","5","800","19","2","13","5","30","17","50","782","959","0","0","0","0","0","-160500","5","-100.00","79","0","1","0","0","","0","0","0","","",""
"080013","0000","0","161800","161900","162000","162400","163000","163400","163700","163900","164000","164300","161200","160800","160700","160500","160300","159600","159500","159400","159200","159100","5","7","20","3","10","95","10","2","12","6","18","5","800","19","2","13","5","30","17","50","170","959","0","0","0","0","0","-160500","5","-100.00","79","-612","0","0","0","","0","0","0","","",""
"080014","0000","0","161800","161900","162000","162400","163000","163400","163700","163900","164000","164300","161200","160800","160700","160500","160300","159600","159500","159400","159200","159100","5","7","20","3","10","95","10","2","12","6","18","55","800","19","2","13","5","30","17","50","170","1009","0","0","0","0","0","-160500","5","-100.00","79","0","50","0","0","","0","0","0","","",""
"080014","0001","0","161800","161900","162000","162400","163000","163400","163700","163900","164000","164300","161200","160800","160700","160500","160300","159600","159500","159400","159200","159100","5","7","20","3","10","95","10","2","22","6","18","55","800","19","2","13","5","30","17","50","180","1009","0","0","0","0","0","-160500","5","-100.00","79","10","0","0","0","","0","0","0","","",""
"080015","0000","0","161800","161900","162000","162400","163000","163400","163700","163900","164000","164300","161200","160800","160700","160500","160300","159600","159500","159400","159200","159100","5","7","20","3","10","95","10","2","22","6","19","55","800","19","2","13","5","30","17","50","180","1010","0","0","0","0","0","-160500","5","-100.00","79","0","1","0","0","","0","0","0","","",""
"080016","0000","0","161800","161900","162000","162400","163000","163400","163700","163900","164000","164300","161200","160800","160700","160500","160300","159600","159500","159400","159200","159100","25","7","20","3","10","95","10","2","22","6","19","55","800","19","2","13","5","30","17","50","200","1010","0","0","0","0","0","-160500","5","-100.00","79","20","0","0","0","","0","0","0","","",""
"080016","0001","0","161800","161900","162000","162400","163000","163400","163700","163900","164000","164300","161200","160800","160700","160500","160300","159600","159500","159400","159200","159100","25","7","20","3","10","95","10","2","22","6","21","55","800","19","2","13","5","30","17","50","200","1012","0","0","0","0","0","-160500","5","-100.00","79","0","2","0","0","","0","0","0","","",""
"080017","0000","0","161800","161900","162000","162400","163000","163400","163700","163900","164000","164300","161200","160800","160700","160500","160300","160200","159600","159500","159400","159200","25","7","20","3","10","95","10","2","22","6","22","55","800","19","2","1","13","5","30","17","200","964","0","0","0","0","0","-160500","5","-100.00","79","0","-48","0","0","","0","0","0","","",""
"080017","0001","0","161800","161900","162000","162400","163000","163400","163700","163900","164000","164300","161200","160800","160700","160500","160300","160200","159600","159500","159400","159200","15","7","20","3","10","95","10","2","22","6","22","55","800","19","2","1","13","5","30","17","190","964","0","0","0","0","0","-160500","5","-100.00","89","-10","0","0","0","","0","0","0","","",""
"080017","0002","0","161800","161900","162000","162400","163000","163400","163700","163900","164000","164300","161200","160800","160700","160500","160300","160200","159600","159500","159400","159200","15","7","20","3","10","95","10","2","22","6","22","75","800","19","2","1","13","5","30","17","190","984","0","0","0","0","0","-160500","5","-100.00","89","0","20","0","0","","0","0","0","","",""
"080018","0000","0","161800","161900","162000","162400","163000","163400","163700","163900","164000","164300","161200","160800","160700","160500","160300","160200","159600","159500","159400","159200","15","7","20","3","10","95","10","2","22","8","22","75","800","19","2","1","13","5","30","17","192","984","0","0","0","0","0","-160500","5","-100.00","89","2","0","0","0","","0","0","0","","",""
"080019","0000","0","161800","161900","162000","162400","163000","163400","163700","163900","164000","164300","161200","160800","160700","160500","160300","160200","159600","159500","159400","159200","15","7","20","3","10","95","10","2","22","8","22","75","802","19","2","1","293","5","30","17","192","1266","0","0","0","0","0","-160500","5","-100.00","89","0","282","0","0","","0","0","0","","",""
"080019","0001","0","161800","161900","162000","162400","163000","163400","163700","163900","164000","164300","161200","160800","160700","160500","160300","160200","159600","159500","159400","159200","15","7","20","3","10","95","10","3","22","8","22","75","802","19","2","1","293","5","30","17","193","1266","0","0","0","0","0","-160500","5","-100.00","89","1","0","0","0","","0","0","0","","",""
"080019","0002","0","161800","161900","162000","162400","163000","163400","163700","163900","164000","164300","161200","160800","160700","160500","160300","160200","160000","159600","159500","159400","15","7","20","3","10","95","10","3","22","8","22","75","802","19","2","1","25","293","5","30","193","1274","0","0","0","0","0","-160500","5","-100.00","89","0","8","0","0","","0","0","0","","",""
"080020","0000","0","161800","161900","162000","162400","162800","163000","163400","163700","163900","164000","161200","160800","160700","160500","160300","160200","160000","159600","159500","159400","15","7","20","3","5","10","95","10","3","22","22","75","802","19","2","1","25","293","5","30","190","1274","0","0","0","0","0","-160500","5","-100.00","89","-3","0","0","0","","0","0","0","","",""
"080020","0001","0","161800","161900","162000","162400","162800","163000","163400","163700","163900","164000","161200","160800","160700","160500","160300","160200","160000","159600","159500","159400","13","12","20","3","5","10","95","10","3","22","22","75","802","19","2","1","25","293","5","30","193","1274","0","0","0","0","0","-160500","5","-100.00","91","3","0","0","0","","0","0","0","","",""
"080021","0000","0","161800","161900","162000","162400","162800","163000","163400","163700","163900","164000","161200","160800","160700","160500","160300","160200","160000","159600","159500","159400","13","12","20","3","5","10","95","10","33","22","22","75","802","19","2","1","25","293","5","30","223","1274","0","0","0","0","0","-160500","5","-100.00","91","30","0","0","0","","0","0","0","","",""
"080021","0001","0","161800","161900","162000","162400","162800","163000","163400","163700","163900","164000","161200","160800","160700","160500","160300","160200","160000","159600","159500","159400","13","12","20","33","5","10","95","10","33","22","24","75","802","19","2","1","25","293","5","30","253","1276","0","0","0","0","0","-160500","5","-100.00","91","30","2","0","0","","0","0","0","","",""
"080022","0000","0","161800","161900","162000","162400","162800","163000","163400","163700","163900","164000","161200","160800","160700","160500","160300","160200","160000","159600","159500","159400","13","12","20","33","5","10","95","10","33","22","24","75","802","19","2","1","37","293","5","30","253","1288","0","0","0","0","0","-160500","5","-100.00","91","0","12","0","0","","0","0","0","","",""
"080022","0001","0","161800","161900","162000","162400","162800","163000","163400","163700","163900","164000","161300","161200","160800","160700","160500","160300","160200","160000","159600","159500","13","12","20","33","5","10","95","10","33","22","200","24","75","1502","19","2","1","37","293","5","253","2158","0","0","0","0","0","-160500","5","-100.00","91","0","870","0","0","","0","0","0","","",""
"080023","0000","0","161800","161900","162400","162700","162800","163000","163400","163700","163900","164000","161300","161200","160800","160700","160500","160300","160200","160000","159600","159500","13","12","33","20","5","10","95","10","33","22","200","24","75","1502","19","2","1","37","293","6","253","2159","0","0","0","0","0","-160500","5","-100.00","91","0","1","0","0","","0","0","0","","",""
"080023","0001","0","161900","162400","162700","162800","163000","163400","163700","163900","164000","164300","161800","161300","161200","160800","160700","160500","160300","160200","160000","159600","12","33","20","5","10","95","10","33","22","8","7","200","24","75","1502","19","2","1","37","293","248","2160","0","0","0","0","0","-160500","5","-100.00","104","-5","1","0","0","","0","0","0","","",""
"080025","0000","0","161900","162400","162700","162800","163000","163400","163700","163900","164000","164300","161800","161300","161200","160800","160700","160500","160300","160200","160000","159600","12","33","20","5","10","95","10","33","22","8","21","200","10","75","1502","19","2","1","37","293","248","2160","0","0","0","0","0","-160500","5","-100.00","104","0","0","0","0","","0","0","0","","",""
"080026","0000","0","161700","161900","162400","162700","162800","163000","163400","163700","163900","164000","161300","161200","160800","160700","160500","160300","160200","160000","159600","159500","40","12","33","20","5","10","95","10","33","22","200","10","72","1502","19","2","1","37","293","6","280","2142","0","0","0","0","0","-160500","5","-100.00","125","32","-18","0","0","","0","0","0","","",""
"080027","0000","0","161700","161900","162400","162700","162800","163000","163400","163700","163900","164000","161300","161200","160800","160700","160500","160300","160200","160000","159700","159600","40","12","33","20","5","10","95","10","41","22","200","10","72","1502","19","2","1","37","100","293","288","2236","0","0","0","0","0","-160500","5","-100.00","125","8","94","0","0","","0","0","0","","",""
"080028","0000","0","161700","161900","162400","162700","162800","163000","163400","163700","163900","164000","161300","161200","160800","160700","160500","160300","160200","160000","159700","159600","40","12","33","20","5","10","95","10","41","24","200","10","72","1502","19","2","1","37","100","293","290","2236","0","0","0","0","0","-160500","5","-100.00","125","2","0","0","0","","0","0","0","","",""
"080028","0001","0","161700","161900","162400","162700","162800","163000","163400","163700","163900","164000","161300","161200","160800","160700","160500","160300","160200","160000","159700","159600","40","12","33","20","5","10","95","10","41","27","200","10","72","1502","19","2","1","37","100","293","293","2236","0","0","0","0","0","-160500","5","-100.00","125","3","0","0","0","","0","0","0","","",""
"080029","0000","0","161700","161900","162400","162700","162800","163000","163400","163700","163900","164000","161300","161200","160800","160700","160500","160300","160200","160000","159700","159600","40","12","33","20","5","10","95","10","41","27","200","10","122","1502","19","2","1","37","100","293","293","2286","0","0","0","0","0","-160500","5","-100.00","125","0","50","0","0","","0","0","0","","",""
"080029","0001","0","161700","161800","161900","162400","162700","162800","163000","163400","163700","163900","161300","161200","160800","160700","160500","160300","160200","160000","159700","159600","40","1","12","33","20","5","10","95","10","41","200","10","122","1502","19","2","1","37","100","293","267","2286","0","0","0","0","0","-160500","5","-100.00","125","-26","0","0","0","","0","0","0","","",""
"080030","0000","0","161700","161800","161900","162400","162700","162800","163000","163400","163700","163900","161300","161200","160800","160700","160500","160300","160200","160000","159700","159600","36","1","12","33","20","5","10","95","10","41","200","10","122","1502","19","2","1","37","100","293","263","2286","0","0","0","0","0","-160500","5","-100.00","129","-4","0","0","0","","0","0","0","","",""
"080030","0001","0","161700","161800","161900","162400","162700","162800","163000","163400","163700","163900","161300","161200","160800","160700","160500","160300","160200","160000","159900","159700","36","1","12","33","20","5","10","95","10","41","200","10","122","1502","19","2","1","37","20","100","263","2013","0","0","0","0","0","-160500","5","-100.00","129","0","-273","0","0","","0","0","0","","",""
"080030","0002","0","161700","161800","161900","162400","162600","162700","162800","163000","163100","163400","161300","161200","160800","160700","160500","160300","160200","160000","159900","159700","36","1","12","33","10","20","5","10","10","95","200","10","122","1502","19","2","1","37","20","100","232","2013","0","0","0","0","0","-160500","5","-100.00","129","-31","0","0","0","","0","0","0","","",""
"080031","0000","0","161700","161800","161900","162400","162600","162700","162800","163000","163100","163400","161300","161200","160800","160700","160500","160300","160200","160000","159900","159700","51","1","12","33","10","20","5","10","10","95","200","10","122","1502","19","2","1","37","20","100","247","2013","0","0","0","0","0","-160500","5","-100.00","129","15","0","0","0","","0","0","0","","",""
"080031","0001","0","161700","161800","161900","162400","162600","162700","162800","163000","163100","163400","161300","161200","160800","160700","160500","160300","160200","160000","159900","159700","51","1","12","33","10","20","5","10","10","95","200","10","122","1502","19","2","1","37","20","100","247","2013","0","0","0","0","0","-160500","5","-100.00","134","0","0","0","0","","0","0","0","","",""
"080032","0000","0","161700","161800","161900","162400","162600","162800","163000","163100","163400","163500","161300","161200","160800","160700","160500","160300","160200","160000","159900","159700","51","1","12","33","10","5","10","10","115","40","200","10","122","1502","19","2","1","37","20","100","287","2013","0","0","0","0","0","-160500","5","-100.00","134","40","0","0","0","","0","0","0","","",""
"080033","0000","0","161700","161800","161900","162400","162600","162800","163000","163100","163400","163500","161300","161200","160800","160700","160500","160300","160200","160000","159900","159700","51","1","12","33","10","5","10","10","115","40","200","10","122","1502","39","2","1","37","20","100","287","2033","0","0","0","0","0","-160500","5","-100.00","134","0","20","0","0","","0","0","0","","",""
"080034","0000","0","161700","161800","161900","162400","162600","162800","163000","163100","163400","163500","161300","161200","160800","160700","160500","160300","160200","160000","159900","159700","52","1","12","33","10","5","10","10","115","40","200","10","122","1502","39","2","1","37","20","100","288","2033","0","0","0","0","0","-160500","5","-100.00","384","1","0","0","0","","0","0","0","","",""
"080035","0000","0","161700","161800","161900","162400","162600","162800","163000","163100","163400","163500","161300","161200","160800","160700","160500","160300","160200","160000","159900","159700","52","1","12","33","10","5","10","10","115","40","200","10","126","1502","39","2","1","37","20","100","288","2037","0","0","0","0","0","-160500","5","-100.00","384","0","4","0","0","","0","0","0","","",""
"080035","0001","0","161700","161800","161900","162400","162600","162800","163000","163100","163400","163500","161300","161200","160800","160700","160500","160300","160200","160000","159900","159700","52","6","12","33","10","5","10","10","115","40","200","10","126","1502","39","2","1","37","20","100","293","2037","0","0","0","0","0","-160500","5","-100.00","384","5","0","0","0","","0","0","0","","",""
"080035","0002","0","161700","161800","161900","162400","162600","162800","163000","163100","163400","163500","161300","161200","160800","160700","160500","160300","160200","160000","159900","159700","53","5","12","33","10","5","10","10","115","40","200","10","126","1502","39","2","1","37","20","100","293","2037","0","0","0","0","0","-160500","5","-100.00","384","0","0","0","0","","0","0","0","","",""
"080036","0000","0","161700","161800","161900","162400","162600","162800","163000","163100","163400","163500","161300","161200","160800","160700","160500","160300","160200","160000","159900","159700","53","5","12","33","10","5","10","10","115","40","200","10","130","1502","39","2","1","37","20","100","293","2041","0","0","0","0","0","-160500","5","-100.00","384","0","4","0","0","","0","0","0","","",""
"080037","0000","0","161700","161800","161900","162400","162600","162800","163000","163100","163400","163500","161300","161200","161000","160800","160700","160500","160300","160200","160000","159900","53","5","12","33","10","5","10","10","115","40","200","10","3","130","1502","39","2","1","37","20","293","1944","0","0","0","0","0","-160500","5","-100.00","384","0","-97","0","0","","0","0","0","","",""
"080037","0001","0","161700","161800","161900","162400","162600","162800","163000","163100","163400","163500","161300","161200","161000","160800","160700","160500","160300","160200","160000","159900","47","5","12","33","10","5","10","10","115","40","201","10","3","130","1502","39","2","1","37","20","287","1945","0","0","0","0","0","-160500","5","-100.00","390","-6","1","0","0","","0","0","0","","",""
"080038","0000","0","161700","161800","161900","162400","162600","162800","163000","163100","163400","163500","161300","161200","161000","160800","160700","160500","160300","160200","160000","159900","51","5","12","33","10","5","10","10","115","40","201","10","3","130","1502","39","2","1","37","20","291","1945","0","0","0","0","0","-160500","5","-100.00","650","4","0","0","0","","0","0","0","","",""
"080039","0000","0","161700","161800","161900","162400","162600","162800","162900","163000","163100","163400","161300","161200","161000","160800","160700","160500","160300","160200","160000","159900","51","5","12","33","10","5","30","10","10","115","201","10","3","130","1502","39","2","1","37","20","281","1945","0","0","0","0","0","-160500","5","-100.00","650","-10","0","0","0","","0","0","0","","",""
"080040","0000","0","161700","161800","161900","162400","162600","162800","162900","163000","163100","163400","161300","161200","161000","160800","160700","160500","160300","160200","160000","159900","51","5","12","33","10","5","30","10","10","115","201","10","3","130","1502","39","2","1","37","24","281","1949","0","0","0","0","0","-160500","5","-100.00","650","0","4","0","0","","0","0","0","","",""
"080040","0001","0","161700","161800","161900","162400","162600","162800","162900","163000","163100","163400","161300","161200","161000","160800","160700","160500","160300","160200","160000","159900","31","5","17","33","10","5","30","10","10","115","201","10","3","130","1502","39","2","1001","37","24","266","2949","0","0","0","0","0","-160500","5","-100.00","670","-15","1000","0","0","","0","0","0","","",""
"080041","0000","0","161700","161800","161900","162400","162600","162800","162900","163000","163100","163400","161300","161200","161000","160800","160700","160500","160300","160200","160000","159900","31","5","17","33","10","5","30","10","10","115","201","10","3","130","1502","39","2","1001","37","28","266","2953","0","0","0","0","0","-160500","5","-100.00","670","0","4","0","0","","0","0","0","","",""
"080042","0000","0","161600","161700","161800","161900","162400","162600","162800","162900","163000","163100","161300","161200","161000","160800","160700","160500","160300","160200","160000","159900","50","31","5","17","33","10","5","30","10","10","206","10","3","130","1502","39","2","1001","37","28","201","2958","0","0","0","0","0","-160500","5","-100.00","670","-65","5","0","0","","0","0","0","","",""
"080043","0000","0","161600","161700","161800","161900","162400","162600","162800","162900","163000","163100","161300","161200","161000","160800","160700","160500","160300","160200","160000","159900","50","31","5","17","33","10","5","30","15","10","206","10","3","130","1502","39","2","1001","37","28","206","2958","0","0","0","0","0","-160500","5","-100.00","670","5","0","0","0","","0","0","0","","",""
"080044","0000","0","161600","161700","161800","161900","162400","162600","162800","162900","163000","163100","161500","161300","161200","161000","160800","160700","160500","160300","160200","160000","50","31","5","17","33","10","5","30","15","10","20","206","10","3","130","1502","39","2","1001","37","206","2950","0","0","0","0","0","-160500","5","-100.00","670","0","-8","0","0","","0","0","0","","",""
"080044","0001","0","161600","161700","161800","161900","162400","162600","162800","162900","163000","163100","161500","161300","161200","161000","160800","160700","160500","160300","160200","160000","50","31","5","17","34","10","5","30","15","10","20","206","10","3","130","1502","39","2","1001","37","207","2950","0","0","0","0","0","-160500","5","-100.00","670","1","0","0","0","","0","0","0","","",""
"080046","0000","0","161600","161700","161800","161900","162100","162400","162600","162800","162900","163000","161500","161300","161200","161000","160800","160700","160500","160300","160200","160000","50","31","5","37","1","34","10","5","30","15","20","206","10","3","130","1502","39","2","1001","37","218","2950","0","0","0","0","0","-160500","5","-100.00","670","11","0","0","0","","0","0","0","","",""
"080047","0000","0","161600","161700","161800","161900","162100","162400","162600","162800","162900","163000","161500","161400","161300","161200","161000","160800","160700","160500","160300","160200","50","31","5","42","1","34","10","5","30","15","20","2","206","10","3","230","1502","39","2","1001","223","3015","0","0","0","0","0","-160500","5","-100.00","670","5","65","0","0","","0","0","0","","",""
"080047","0001","0","161600","161700","161800","161900","162100","162400","162600","162800","162900","163000","161500","161400","161300","161200","161000","160800","160700","160500","160300","160200","50","32","5","42","1","34","10","5","30","15","20","2","206","10","3","230","1502","39","2","1001","224","3015","0","0","0","0","0","-160500","5","-100.00","670","1","0","0","0","","0","0","0","","",""
"080047","0002","0","161600","161700","161800","161900","162100","162400","162600","162800","162900","163000","161500","161400","161300","161200","161000","160800","160700","160500","160300","160200","48","32","5","42","1","34","10","5","30","15","17","2","206","10","3","230","1502","39","2","1001","222","3012","0","0","0","0","0","-160500","5","-100.00","675","-2","-3","0","0","","0","0","0","","",""
"080048","0000","0","161600","161700","161800","161900","162100","162400","162600","162800","162900","163000","161500","161400","161300","161200","161000","160800","160700","160500","160300","160200","48","32","5","52","1","34","10","5","30","15","17","2","206","10","3","230","1502","39","2","1001","232","3012","0","0","0","0","0","-160500","5","-100.00","675","10","0","0","0","","0","0","0","","",""
"080049","0000","0","161600","161700","161800","161900","162100","162400","162600","162800","162900","163000","161500","161400","161300","161200","161000","160800","160700","160500","160300","160200","48","32","5","52","1","34","10","5","30","15","17","2","206","10","3","231","1502","39","2","1001","232","3013","0","0","0","0","0","-160500","5","-100.00","675","0","1","0","0","","0","0","0","","",""
"080049","0001","0","161600","161700","161800","161900","162100","162400","162600","162800","162900","163000","161500","161400","161300","161200","161000","160800","160700","160500","160300","160200","48","32","5","52","1","34","10","5","30","15","17","2","206","10","3","231","1502","39","2","1001","232","3013","0","0","0","0","0","-160500","5","-100.00","675","0","0","0","0","","0","0","0","","",""
"080050","0000","0","161600","161700","161800","161900","162100","162400","162600","162800","162900","163000","161500","161400","161300","161200","161000","160800","160700","160500","160300","160200","48","32","5","52","1","34","10","5","30","15","17","2","206","10","3","231","1502","39","2","1001","232","3013","0","0","0","0","0","-160500","5","-100.00","675","0","0","0","0","","0","0","0","","",""
"080050","0001","0","161600","161700","161800","161900","162100","162400","162600","162800","162900","163000","161500","161400","161300","161200","161000","160800","160700","160500","160300","160200","48","32","5","52","1","34","10","5","30","15","17","2","206","10","3","231","1502","39","102","1001","232","3113","0","0","0","0","0","-160500","5","-100.00","675","0","100","0","0","","0","0","0","","",""
"080051","0000","0","161600","161700","161800","161900","162100","162300","162400","162600","162800","162900","161500","161400","161300","161200","161000","160800","160700","160500","160300","160200","48","32","5","52","1","1","34","10","5","30","17","2","206","10","3","231","1502","39","102","1001","218","3113","0","0","0","0","0","-160500","5","-100.00","675","-14","0","0","0","","0","0","0","","",""
"080051","0001","0","161600","161700","161800","161900","162100","162300","162400","162600","162800","162900","161500","161400","161300","161200","161000","160800","160700","160500","160300","160200","49","32","5","52","1","1","34","10","5","30","17","2","206","10","3","231","1502","39","102","1002","219","3114","0","0","0","0","0","-160500","5","-100.00","675","1","1","0","0","","0","0","0","","",""
"080051","0002","0","161600","161700","161800","161900","162100","162300","162400","162600","162800","162900","161500","161400","161300","161200","161000","160800","160700","160500","160300","160200","49","32","6","52","6","1","34","10","5","30","17","2","206","10","3","231","1502","39","102","1002","225","3114","0","0","0","0","0","-160500","5","-100.00","675","6","0","0","0","","0","0","0","","",""
"080052","0000","0","161600","161700","161800","161900","162100","162300","162400","162600","162800","162900","161500","161400","161300","161200","161000","160800","160700","160500","160300","160200","47","32","6","52","6","1","34","10","5","30","17","2","206","10","3","231","1502","39","102","1002","223","3114","0","0","0","0","0","-160500","5","-100.00","677","-2","0","0","0","","0","0","0","","",""
"080053","0000","0","161600","161700","161800","161900","162100","162300","162400","162600","162800","162900","161500","161400","161300","161200","161000","160800","160700","160500","160300","160200","47","33","6","52","6","1","34","10","5","30","17","2","206","10","23","231","1502","39","102","1002","224","3134","0","0","0","0","0","-160500","5","-100.00","677","1","20","0","0","","0","0","0","","",""
"080053","0001","0","161600","161700","161800","161900","162100","162300","162400","162600","162800","162900","161500","161400","161300","161200","161000","160800","160700","160500","160300","160200","47","33","6","52","6","1","34","10","55","30","17","2","206","11","23","231","1502","39","102","1002","274","3135","0","0","0","0","0","-160500","5","-100.00","677","50","1","0","0","","0","0","0","","",""
"080053","0002","0","161600","161700","161800","161900","162100","162300","162400","162600","162800","162900","161500","161400","161300","161200","161000","160800","160700","160500","160300","160200","47","34","6","52","6","1","34","10","55","30","17","2","206","11","23","231","1502","39","102","1002","275","3135","0","0","0","0","0","-160500","5","-100.00","677","1","0","0","0","","0","0","0","","",""
"080054","0000","0","161600","161700","161800","161900","162100","162300","162400","162600","162800","162900","161500","161400","161300","161200","161000","160800","160700","160500","160300","160200","47","34","6","52","6","1","34","10","55","30","17","2","206","11","23","231","1502","39","103","1002","275","3136","0","0","0","0","0","-160500","5","-100.00","677","0","1","0","0","","0","0","0","","",""
"080055","0000","0","161600","161700","161800","161900","162100","162300","162400","162600","162800","162900","161500","161400","161300","161200","161000","160800","160700","160500","160300","160200","47","34","6","52","9","1","34","10","55","30","17","2","206","11","23","231","1502","39","103","1002","278","3136","0","0","0","0","0","-160500","5","-100.00","677","3","0","0","0","","0","0","0","","",""
"080055","0001","0","161600","161700","161800","161900","162000","162100","162300","162400","162600","162800","161500","161400","161300","161200","161000","160800","160700","160500","160300","160200","47","34","6","53","1","9","1","34","10","55","17","2","206","11","23","231","1502","39","103","1002","250","3136","0","0","0","0","0","-160500","5","-100.00","677","-28","0","0","0","","0","0","0","","",""
"080056","0000","0","161600","161700","161800","161900","162000","162100","162300","162400","162600","162800","161500","161400","161300","161200","161000","160800","160700","160500","160300","160200","47","34","6","53","1","9","6","34","10","55","18","2","206","11","23","231","1502","39","103","1002","255","3137","0","0","0","0","0","-160500","5","-100.00","677","5","1","0","0","","0","0","0","","",""
"080056","0001","0","161600","161700","161800","161900","162000","162100","162300","162400","162600","162800","161500","161400","161300","161200","161000","160800","160700","160500","160300","160200","51","34","6","53","1","9","6","34","10","55","18","2","206","11","23","231","1502","39","103","1002","259","3137","0","0","0","0","0","-160500","5","-100.00","683","4","0","0","0","","0","0","0","","",""
"080057","0000","0","161600","161700","161800","161900","162000","162100","162300","162400","162600","162800","161500","161400","161300","161200","161000","160800","160700","160500","160300","160200","51","34","6","53","1","9","6","34","10","55","18","2","206","21","23","231","1502","39","103","1002","259","3147","0","0","0","0","0","-160500","5","-100.00","683","0","10","0","0","","0","0","0","","",""
"080058","0000","0","161600","161700","161800","161900","162000","162100","162300","162400","162600","162800","161500","161400","161300","161200","161000","160800","160700","160500","160300","160200","51","34","6","53","1","9","6","34","10","55","18","2","206","31","23","231","1502","39","103","1002","259","3157","0","0","0","0","0","-160500","5","-100.00","683","0","10","0","0","","0","0","0","","",""
"080058","0001","0","161600","161700","161800","161900","162000","162100","162300","162400","162600","162800","161500","161400","161300","161200","161000","160800","160700","160500","160300","160200","51","34","6","53","1","9","6","34","10","55","17","2","206","31","23","231","1502","39","103","1002","259","3156","0","0","0","0","0","-160500","5","-100.00","684","0","-1","0","0","","0","0","0","","",""
"080059","0000","0","161600","161700","161800","161900","162000","162100","162300","162400","162600","162800","161500","161400","161300","161200","161000","160800","160700","160500","160300","160200","51","34","6","53","1","9","6","34","10","55","17","2","206","231","23","231","1502","39","103","1002","259","3356","0","0","0","0","0","-160500","5","-100.00","684","0","200","0","0","","0","0","0","","",""
"080100","0000","0","161600","161700","161800","161900","162000","162100","162300","162400","162600","162800","161500","161400","161300","161200","161000","160800","160700","160500","160300","160200","51","34","6","53","3","9","6","34","10","55","17","2","206","231","23","231","1502","39","103","1002","261","3356","0","0","0","0","0","-160500","5","-100.00","684","2","0","0","0","","0","0","0","","",""
"080100","0001","0","161600","161700","161800","161900","162000","162100","162300","162400","162600","162800","161500","161400","161300","161200","161000","160800","160700","160500","160300","160200","51","34","6","53","3","9","6","34","10","55","17","2","206","231","123","231","1502","39","103","1002","261","3456","0","0","0","0","0","-160500","5","-100.00","684","0","100","0","0","","0","0","0","","",""
"080100","0002","0","161600","161700","161800","161900","162000","162100","162300","162400","162600","162800","161500","161400","161300","161200","161000","160800","160700","160500","160300","160200","51","34","6","53","3","9","6","34","10","55","17","2","206","231","123","231","1502","39","103","1002","261","3456","0","0","0","0","0","-160500","5","-100.00","689","0","0","0","0","","0","0","0","","",""
"080102","0000","0","161500","161600","161700","161800","161900","162000","162100","162300","162400","162600","161400","161300","161200","161000","160800","160700","160500","160300","160200","160000","51","51","34","6","53","3","9","6","34","10","2","206","231","123","231","1502","39","103","1002","37","257","3476","0","0","0","0","0","-160500","5","-100.00","738","-4","20","0","0","","0","0","0","","",""
"080103","0000","0","161500","161600","161700","161800","161900","162000","162100","162300","162400","162600","161400","161300","161200","161000","160800","160700","160500","160300","160200","160000","51","51","34","6","53","3","9","6","34","10","4","206","231","123","231","1502","39","103","1002","37","257","3478","0","0","0","0","0","-160500","5","-100.00","738","0","2","0","0","","0","0","0","","",""
"080104","0000","0","161500","161600","161700","161800","161900","162000","162100","162300","162400","162600","161400","161300","161200","161000","160800","160700","160500","160300","160200","160000","51","52","34","6","53","3","9","6","34","10","4","206","231","123","231","1502","39","103","1002","37","258","3478","0","0","0","0","0","-160500","5","-100.00","788","1","0","0","0","","0","0","0","","",""
"080104","0001","0","161500","161600","161700","161800","161900","162000","162100","162300","162400","162600","161400","161300","161200","161000","160800","160700","160500","160300","160200","160000","50","52","34","6","53","3","9","6","34","10","4","206","231","123","231","1502","39","103","1002","37","257","3478","0","0","0","0","0","-160500","5","-100.00","789","-1","0","0","0","","0","0","0","","",""
"080104","0002","0","161500","161600","161700","161800","161900","162000","162100","162300","162400","162600","161400","161300","161200","161000","160800","160700","160500","160300","160200","160000","50","52","34","6","53","3","9","6","54","10","4","206","231","123","231","1502","39","103","1002","37","277","3478","0","0","0","0","0","-160500","5","-100.00","789","20","0","0","0","","0","0","0","","",""
"080105","0000","0","161500","161600","161700","161800","161900","162000","162100","162300","162400","162600","161400","161300","161200","161000","160800","160700","160500","160300","160200","160000","48","52","34","6","53","3","9","6","54","10","4","206","231","123","231","1502","39","103","1002","37","275","3478","0","0","0","0","0","-160500","5","-100.00","791","-2","0","0","0","","0","0","0","","",""
"080107","0000","0","161600","161700","161800","161900","162000","162100","162300","162400","162600","162800","161500","161400","161300","161200","161000","160800","160700","160500","160300","160200","52","34","6","53","3","9","6","54","10","55","2","4","206","231","123","231","1502","39","103","1002","282","3443","0","0","0","0","0","-160500","5","-100.00","839","7","-35","0","0","","0","0","0","","",""
"080107","0001","0","161600","161700","161800","161900","162000","162100","162300","162400","162600","162800","161500","161400","161300","161200","161000","160800","160700","160500","160300","160200","52","34","6","54","3","9","6","54","10","55","2","4","206","231","123","231","1502","39","103","1002","283","3443","0","0","0","0","0","-160500","5","-100.00","839","1","0","0","0","","0","0","0","","",""
"080107","0002","0","161600","161700","161800","161900","162000","162100","162300","162400","162600","162800","161500","161400","161300","161200","161000","160800","160700","160500","160300","160200","52","34","6","54","3","9","6","54","10","55","2","6","206","231","123","231","1502","39","103","1002","283","3445","0","0","0","0","0","-160500","5","-100.00","839","0","2","0","0","","0","0","0","","",""
"080108","0000","0","161600","161700","161800","161900","162000","162100","162300","162400","162600","162800","161500","161400","161300","161200","161000","160800","160700","160500","160300","160200","52","34","6","54","3","9","6","54","10","55","2","7","206","231","123","231","1502","39","103","1002","283","3446","0","0","0","0","0","-160500","5","-100.00","839","0","1","0","0","","0","0","0","","",""
"080108","0001","0","161600","161700","161800","161900","162000","162100","162300","162400","162600","162800","161500","161400","161300","161200","161000","160800","160700","160500","160300","160200","52","34","6","54","3","9","6","54","10","55","2","7","206","231","123","231","1517","39","103","1002","283","3461","0","0","0","0","0","-160500","5","-100.00","839","0","15","0","0","","0","0","0","","",""
"080109","0000","0","161600","161700","161800","161900","162000","162100","162300","162400","162600","162800","161500","161400","161300","161200","161000","160800","160700","160500","160300","160200","52","34","6","54","3","9","6","54","10","55","1","7","206","231","123","231","1517","39","103","1002","283","3460","0","0","0","0","0","-160500","5","-100.00","840","0","-1","0","0","","0","0","0","","",""
"080109","0001","0","161600","161700","161800","161900","162000","162100","162300","162400","162600","162800","161500","161400","161300","161200","161000","160800","160700","160500","160300","160200","33","34","6","54","3","9","6","54","10","55","1","7","206","231","123","231","1517","39","103","1002","264","3460","0","0","0","0","0","-160500","5","-100.00","859","-19","0","0","0","","0","0","0","","",""
"080110","0000","0","161600","161700","161800","161900","162000","162100","162300","162400","162600","162800","161500","161400","161300","161200","161000","160800","160700","160500","160300","160200","33","34","6","54","3","9","6","54","10","55","1","7","206","234","123","231","1517","39","103","1002","264","3463","0","0","0","0","0","-160500","5","-100.00","859","0","3","0","0","","0","0","0","","",""
"080111","0000","0","161600","161700","161800","161900","162000","162100","162300","162400","162600","162800","161500","161400","161300","161200","161000","160800","160700","160500","160400","160300","33","34","6","54","3","9","6","54","10","55","1","7","206","234","123","231","1517","39","31","103","264","2492","0","0","0","0","0","-160500","5","-100.00","859","0","-971","0","0","","0","0","0","","",""
"080112","0000","0","161500","161600","161700","161800","161900","162000","162100","162300","162400","162600","161400","161300","161200","161000","160800","160700","160500","160400","160300","160200","2","33","34","6","54","3","9","6","54","10","7","206","234","123","231","1517","39","31","103","1002","211","3493","0","0","0","0","0","-160500","5","-100.00","860","-53","1001","0","0","","0","0","0","","",""
"080113","0000","0","161600","161700","161800","161900","162000","162100","162300","162400","162600","162800","161500","161400","161300","161200","161000","160800","160700","160500","160400","160300","33","34","6","54","3","9","6","54","10","55","8","7","206","234","123","231","1517","39","31","103","264","2499","0","0","0","0","0","-160500","5","-100.00","862","53","-994","0","0","","0","0","0","","",""
"080114","0000","0","161600","161700","161800","161900","162000","162100","162300","162400","162600","162800","161500","161400","161300","161200","161000","160800","160700","160500","160400","160300","33","34","6","54","3","9","6","54","10","55","8","7","206","234","123","231","1540","39","31","103","264","2522","0","0","0","0","0","-160500","5","-100.00","862","0","23","0","0","","0","0","0","","",""
"080114","0001","0","161600","161700","161800","161900","162000","162100","162300","162400","162600","162800","161500","161400","161300","161200","161000","160800","160700","160500","160400","160300","33","34","6","54","3","9","6","54","10","55","10","7","206","234","123","231","1540","39","31","103","264","2524","0","0","0","0","0","-160500","5","-100.00","862","0","2","0","0","","0","0","0","","",""
"080114","0002","0","161600","161700","161800","161900","162000","162100","162300","162400","162600","162800","161500","161400","161300","161200","161000","160800","160700","160500","160400","160300","33","34","6","54","4","9","6","54","10","55","10","7","206","234","123","231","1540","39","31","103","265","2524","0","0","0","0","0","-160500","5","-100.00","862","1","0","0","0","","0","0","0","","",""
"080115","0000","0","161600","161700","161800","161900","162000","162100","162300","162400","162600","162800","161500","161400","161300","161200","161000","160800","160700","160500","160400","160300","33","34","6","54","4","9","16","54","10","55","10","7","206","234","123","231","1540","39","31","103","275","2524","0","0","0","0","0","-160500","5","-100.00","862","10","0","0","0","","0","0","0","","",""
"080115","0001","0","161600","161700","161800","161900","162000","162100","162300","162400","162600","162800","161500","161400","161300","161200","161000","160800","160700","160500","160400","160300","33","34","6","54","4","9","16","54","10","55","11","7","206","234","123","231","1540","39","31","103","275","2525","0","0","0","0","0","-160500","5","-100.00","862","0","1","0","0","","0","0","0","","",""
"080117","0000","0","161600","161700","161800","161900","162000","162100","162300","162400","162600","162700","161500","161400","161300","161200","161000","160800","160700","160500","160400","160300","33","34","6","54","4","9","16","54","10","5","11","7","206","234","123","231","1540","39","31","103","225","2525","0","0","0","0","0","-160500","5","-100.00","862","-50","0","0","0","","0","0","0","","",""
"080118","0000","0","161600","161700","161800","161900","162000","162100","162300","162400","162600","162700","161500","161400","161300","161200","161000","160800","160700","160500","160400","160300","33","34","6","54","4","9","16","54","10","5","11","7","206","234","123","231","1540","44","31","108","225","2535","0","0","0","0","0","-160500","5","-100.00","862","0","10","0","0","","0","0","0","","",""
"080119","0000","0","161600","161700","161800","161900","162000","162100","162300","162400","162600","162700","161500","161400","161300","161200","161000","160800","160700","160500","160400","160300","34","34","6","54","4","9","16","54","10","5","11","7","206","234","123","231","1540","44","31","108","226","2535","0","0","0","0","0","-160500","5","-100.00","862","1","0","0","0","","0","0","0","","",""
"080119","0001","0","161600","161700","161800","161900","162000","162100","162300","162400","162600","162700","161500","161400","161300","161200","161000","160800","160700","160500","160400","160300","40","34","6","54","4","9","16","54","10","5","11","7","206","234","123","231","1540","44","31","108","232","2535","0","0","0","0","0","-160500","5","-100.00","862","6","0","0","0","","0","0","0","","",""
"080120","0000","0","161600","161700","161800","161900","162000","162100","162300","162400","162600","162700","161500","161400","161300","161200","161000","160800","160700","160500","160400","160300","40","34","6","54","4","9","16","54","10","5","11","22","206","234","123","231","1540","44","31","108","232","2550","0","0","0","0","0","-160500","5","-100.00","862","0","15","0","0","","0","0","0","","",""
"080120","0001","0","161600","161700","161800","161900","162000","162100","162300","162400","162600","162700","161500","161400","161300","161200","161000","160800","160700","160500","160400","160300","40","34","6","54","4","9","16","54","10","5","10","22","206","234","123","231","1540","44","31","108","232","2549","0","0","0","0","0","-160500","5","-100.00","863","0","-1","0","0","","0","0","0","","",""
"080120","0002","0","161600","161700","161800","161900","162000","162100","162300","162400","162600","162700","161500","161400","161300","161200","161000","160800","160700","160500","160400","160300","40","34","6","54","4","9","16","54","10","5","20","22","206","234","123","231","1540","44","31","108","232","2559","0","0","0","0","0","-160500","5","-100.00","863","0","10","0","0","","0","0","0","","",""
"080121","0000","0","161600","161700","161800","161900","162000","162100","162300","162400","162600","162700","161500","161400","161300","161200","161000","160800","160700","160500","160400","160300","40","34","6","54","4","9","16","54","10","5","20","22","206","234","123","231","1540","54","31","108","232","2569","0","0","0","0","0","-160500","5","-100.00","863","0","10","0","0","","0","0","0","","",""
"080122","0000","0","161600","161700","161800","161900","162000","162100","162300","162400","162600","162700","161400","161300","161200","161000","160800","160700","160500","160400","160300","160200","40","34","6","54","4","9","16","54","10","5","22","206","234","123","231","1540","54","31","108","1002","232","3551","0","0","0","0","0","-160500","5","-100.00","883","0","982","0","0","","0","0","0","","",""
"080123","0000","0","161500","161600","161700","161800","161900","162000","162100","162300","162400","162600","161400","161300","161200","161000","160800","160700","160500","160400","160300","160200","10","40","34","6","54","4","9","16","54","10","22","206","234","123","231","1540","54","31","108","1002","237","3551","0","0","0","0","0","-160500","5","-100.00","883","5","0","0","0","","0","0","0","","",""
"080124","0000","0","161500","161600","161700","161800","161900","162000","162100","162300","162400","162600","161400","161300","161200","161000","160800","160700","160500","160400","160300","160200","10","41","34","6","54","4","9","16","54","10","22","206","234","123","231","1540","54","31","108","1002","238","3551","0","0","0","0","0","-160500","5","-100.00","883","1","0","0","0","","0","0","0","","",""
"080125","0000","0","161500","161600","161700","161800","161900","162000","162100","162300","162400","162600","161400","161300","161200","161000","160800","160700","160500","160400","160300","160200","11","41","34","6","54","4","9","16","54","10","22","206","234","123","231","1540","54","31","108","1002","239","3551","0","0","0","0","0","-160500","5","-100.00","883","1","0","0","0","","0","0","0","","",""
"080125","0001","0","161500","161600","161700","161800","161900","162000","162100","162300","162400","162600","161400","161300","161200","161000","160800","160700","160500","160400","160300","160200","11","104","34","6","54","4","9","16","54","10","22","206","234","123","231","1540","54","31","108","1002","302","3551","0","0","0","0","0","-160500","5","-100.00","883","63","0","0","0","","0","0","0","","",""
"080125","0002","0","161500","161600","161700","161800","161900","162000","162100","162300","162400","162600","161400","161300","161200","161000","160800","160700","160500","160400","160300","160200","33","104","34","6","54","4","9","16","54","10","22","206","234","123","231","1540","54","31","108","1002","324","3551","0","0","0","0","0","-160500","5","-100.00","883","22","0","0","0","","0","0","0","","",""
"080125","0003","0","161500","161600","161700","161800","161900","162000","162100","162300","162400","162600","161400","161300","161200","161000","160800","160700","160500","160400","160300","160200","33","104","34","6","54","4","9","16","54","10","22","206","234","123","231","1540","54","31","108","1002","324","3551","0","0","0","0","0","-160500","5","-100.00","883","0","0","0","0","","0","0","0","","",""
"080126","0000","0","161500","161600","161700","161800","161900","162000","162100","162300","162400","162600","161400","161300","161200","161000","160800","160700","160500","160400","160300","160200","37","104","34","6","54","4","9","16","54","10","21","206","234","123","231","1540","54","31","108","1002","328","3550","0","0","0","0","0","-160500","5","-100.00","884","4","-1","0","0","","0","0","0","","",""
"080127","0000","0","161500","161600","161700","161800","161900","162000","162100","162300","162400","162600","161400","161300","161200","161000","160800","160700","160500","160400","160300","160200","37","104","34","6","54","4","9","16","54","10","46","206","234","123","231","1540","54","31","108","1002","328","3575","0","0","0","0","0","-160500","5","-100.00","884","0","25","0","0","","0","0","0","","",""
"080128","0000","0","161500","161600","161700","161800","161900","162000","162100","162300","162400","162600","161400","161300","161200","161000","160800","160700","160500","160400","160300","160200","37","104","35","6","54","4","9","16","54","10","46","206","234","123","231","1540","54","31","108","1002","329","3575","0","0","0","0","0","-160500","5","-100.00","884","1","0","0","0","","0","0","0","","",""
"080129","0000","0","161500","161600","161700","161800","161900","162000","162100","162300","162400","162600","161400","161300","161200","161000","160800","160700","160500","160400","160300","160200","37","104","35","6","54","5","9","16","54","10","46","206","234","123","231","1540","54","31","108","1002","330","3575","0","0","0","0","0","-160500","5","-100.00","884","1","0","0","0","","0","0","0","","",""
"080129","0001","0","161500","161600","161700","161800","161900","162000","162100","162300","162400","162600","161400","161300","161200","161000","160800","160700","160500","160400","160300","160200","38","104","35","6","54","5","9","16","54","10","46","206","234","123","231","1540","54","31","108","1002","331","3575","0","0","0","0","0","-160500","5","-100.00","884","1","0","0","0","","0","0","0","","",""
"080130","0000","0","161500","161600","161700","161800","161900","162000","162100","162300","162400","162600","161400","161300","161200","161000","160800","160700","160500","160400","160300","160200","38","104","35","6","54","5","9","16","54","10","46","206","234","123","231","1540","54","31","108","1002","331","3575","0","0","0","0","0","-160500","5","-100.00","884","0","0","0","0","","0","0","0","","",""
"080130","0001","0","161500","161600","161700","161800","161900","162000","162100","162300","162400","162600","161400","161300","161200","161000","160800","160700","160500","160400","160300","160200","16","104","35","6","54","5","9","16","54","10","26","206","234","123","231","1540","54","31","108","1002","309","3555","0","0","0","0","0","-160500","5","-100.00","906","-22","-20","0","0","","0","0","0","","",""
"080131","0000","0","161500","161600","161700","161800","161900","162000","162100","162300","162400","162600","161400","161300","161200","161000","160800","160700","160500","160400","160300","160200","3","104","35","6","54","5","9","16","54","10","26","206","234","123","231","1540","54","31","108","1002","296","3555","0","0","0","0","0","-160500","5","-100.00","919","-13","0","0","0","","0","0","0","","",""
"080132","0000","0","161500","161600","161700","161800","161900","162000","162100","162300","162400","162600","161400","161300","161200","161000","160800","160700","160500","160400","160300","160200","3","104","35","6","54","5","9","16","54","10","26","206","234","123","231","1540","53","31","108","1002","296","3554","0","0","0","0","0","-160500","5","-100.00","919","0","-1","0","0","","0","0","0","","",""
"080133","0000","0","161500","161600","161700","161800","161900","162000","162100","162300","162400","162600","161400","161300","161200","161000","160800","160700","160500","160400","160300","160200","3","104","35","6","54","5","9","16","54","10","24","206","234","123","231","1540","53","31","108","1002","296","3552","0","0","0","0","0","-160500","5","-100.00","921","0","-2","0","0","","0","0","0","","",""
"080133","0001","0","161500","161600","161700","161800","161900","162000","162100","162300","162400","162600","161400","161300","161200","161000","160800","160700","160500","160400","160300","160200","3","104","35","6","54","5","9","16","54","10","34","206","234","123","231","1540","53","31","108","1002","296","3562","0","0","0","0","0","-160500","5","-100.00","921","0","10","0","0","","0","0","0","","",""
"080134","0000","0","161500","161600","161700","161800","161900","162000","162100","162300","162400","162600","161400","161300","161200","161000","160800","160700","160500","160400","160300","160200","2","104","35","6","54","5","9","16","54","10","34","206","234","123","231","1540","53","31","108","1002","295","3562","0","0","0","0","0","-160500","5","-100.00","922","-1","0","0","0","","0","0","0","","",""
"080134","0001","0","161500","161600","161700","161800","161900","162000","162100","162300","162400","162600","161400","161300","161200","161000","160800","160700","160500","160400","160300","160200","2","104","35","6","54","5","9","16","54","10","234","206","234","123","231","1540","53","31","108","1002","295","3762","0","0","0","0","0","-160500","5","-100.00","922","0","200","0","0","","0","0","0","","",""
"080135","0000","0","161500","161600","161700","161800","161900","162000","162100","162300","162400","162600","161400","161300","161200","161000","160800","160700","160500","160400","160300","160200","2","104","35","6","54","5","9","16","54","10","234","206","234","123","241","1540","53","31","108","1002","295","3772","0","0","0","0","0","-160500","5","-100.00","922","0","10","0","0","","0","0","0","","",""
"080135","0001","0","161500","161600","161700","161800","161900","162000","162100","162300","162400","162600","161400","161300","161200","161000","160800","160700","160500","160400","160300","160200","2","104","35","6","54","5","9","16","54","10","237","206","234","123","241","1540","53","31","108","1002","295","3775","0","0","0","0","0","-160500","5","-100.00","922","0","3","0","0","","0","0","0","","",""
"080136","0000","0","161500","161600","161700","161800","161900","162000","162100","162300","162400","162600","161400","161300","161200","161000","160800","160700","160500","160400","160300","160200","2","104","35","6","54","5","9","16","54","10","217","206","234","123","242","1540","53","31","108","1002","295","3756","0","0","0","0","0","-160500","5","-100.00","942","0","-19","0","0","","0","0","0","","",""
"080137","0000","0","161500","161600","161700","161800","161900","162000","162100","162300","162400","162600","161400","161300","161200","161000","160800","160700","160500","160400","160300","160200","2","104","35","6","56","5","9","16","54","10","217","206","234","123","242","1540","53","31","108","1002","297","3756","0","0","0","0","0","-160500","5","-100.00","942","2","0","0","0","","0","0","0","","",""
"080138","0000","0","161500","161600","161700","161800","161900","162000","162100","162300","162400","162600","161400","161300","161200","161000","160800","160700","160500","160400","160300","160200","1","104","35","6","56","5","9","16","54","10","217","206","234","123","242","1540","53","31","108","1002","296","3756","0","0","0","0","0","-160500","5","-100.00","943","-1","0","0","0","","0","0","0","","",""
"080138","0001","0","161700","161800","161900","162000","162100","162300","162400","162600","162700","162800","161500","161400","161300","161200","161000","160800","160700","160500","160400","160300","35","6","56","5","9","16","54","10","5","155","1","218","205","234","123","242","1540","53","31","108","351","2755","0","0","0","0","0","-160500","5","-100.00","1042","55","-1001","0","0","","0","0","0","","",""
"080139","0000","0","161700","161800","161900","162000","162100","162300","162400","162600","162700","162800","161500","161400","161300","161200","161000","160800","160700","160500","160400","160300","35","6","56","5","9","16","54","10","5","155","1","227","205","234","123","242","1540","53","31","108","351","2764","0","0","0","0","0","-160500","5","-100.00","1042","0","9","0","0","","0","0","0","","",""
"080139","0001","0","161500","161700","161800","161900","162000","162100","162300","162400","162600","162700","161400","161300","161200","161000","160800","160700","160500","160400","160300","160200","2","35","6","56","5","9","16","54","10","5","227","205","234","123","242","1540","53","31","108","1002","198","3765","0","0","0","0","0","-160500","5","-100.00","1043","-153","1001","0","0","","0","0","0","","",""
"080140","0000","0","161500","161700","161800","161900","162000","162100","162300","162400","162600","162700","161400","161300","161200","161000","160800","160700","160500","160400","160300","160200","2","35","6","56","5","11","16","54","10","5","227","205","234","123","242","1540","53","31","108","1002","200","3765","0","0","0","0","0","-160500","5","-100.00","1043","2","0","0","0","","0","0","0","","",""
"080141","0000","0","161700","161800","161900","162000","162100","162300","162400","162600","162700","162800","161500","161400","161300","161200","161000","160800","160700","160500","160400","160300","35","6","56","5","11","16","54","10","5","155","480","227","205","234","123","242","1540","53","31","108","353","3243","0","0","0","0","0","-160500","5","-100.00","1045","153","-522","0","0","","0","0","0","","",""
"080142","0000","0","161800","161900","162000","162100","162300","162400","162600","162700","162800","162900","161700","161500","161400","161300","161200","161000","160800","160700","160500","160400","6","56","5","11","16","54","40","5","155","30","445","30","227","205","234","123","242","1540","53","31","378","3130","0","0","0","0","0","-160500","5","-100.00","1080","25","-113","0","0","","0","0","0","","",""
"080142","0001","0","162000","162100","162300","162400","162600","162700","162800","162900","163000","163100","161800","161500","161400","161300","161200","161000","160800","160700","160500","160400","5","11","16","54","40","5","155","30","56","11","439","32","227","205","234","123","242","1540","53","31","383","3126","0","0","0","0","0","-160500","5","-100.00","1142","5","-4","0","0","","0","0","0","","",""
"080143","0000","0","162000","162100","162300","162400","162600","162700","162800","162900","163000","163100","161800","161500","161400","161300","161200","161000","160800","160700","160500","160400","5","11","16","54","40","5","155","30","56","11","439","33","227","205","233","123","242","1540","53","31","383","3126","0","0","0","0","0","-160500","5","-100.00","1142","0","0","0","0","","0","0","0","","",""
"080144","0000","0","162000","162100","162300","162400","162600","162700","162800","162900","163000","163100","161800","161500","161400","161300","161200","161000","160800","160700","160500","160400","5","11","16","54","40","5","155","30","56","11","439","36","227","205","33","123","242","1540","53","31","383","2929","0","0","0","0","0","-160500","5","-100.00","1142","0","-197","0","0","","0","0","0","","",""
"080144","0001","0","162000","162100","162300","162400","162600","162700","162800","162900","163000","163100","161800","161500","161400","161300","161200","161000","160800","160700","160500","160400","5","11","18","54","40","5","155","30","56","11","439","36","227","205","33","123","242","1540","53","31","385","2929","0","0","0","0","0","-160500","5","-100.00","1142","2","0","0","0","","0","0","0","","",""
"080145","0000","0","162000","162100","162300","162400","162600","162700","162800","162900","163000","163100","161800","161500","161400","161300","161200","161000","160800","160700","160500","160400","5","11","18","54","40","5","155","30","56","11","439","39","227","205","33","123","242","1540","53","31","385","2932","0","0","0","0","0","-160500","5","-100.00","1142","0","3","0","0","","0","0","0","","",""
"080146","0000","0","162000","162100","162300","162400","162600","162700","162800","162900","163000","163100","161800","161500","161400","161300","161200","161000","160800","160700","160500","160400","5","11","18","54","40","5","155","30","56","11","439","39","227","283","33","123","242","1540","53","31","385","3010","0","0","0","0","0","-160500","5","-100.00","1142","0","78","0","0","","0","0","0","","",""
"080147","0000","0","162000","162100","162300","162400","162600","162700","162800","162900","163000","163100","161800","161500","161400","161300","161200","161000","160800","160700","160500","160400","5","11","18","54","40","5","155","30","56","11","439","39","227","283","33","123","242","840","53","31","385","2310","0","0","0","0","0","-160500","5","-100.00","1142","0","-700","0","0","","0","0","0","","",""
"080149","0000","0","162000","162100","162300","162400","162600","162700","162800","162900","163000","163100","161800","161500","161400","161300","161200","161000","160800","160700","160500","160400","5","11","18","54","40","5","155","30","56","11","439","139","227","283","33","123","242","840","53","31","385","2410","0","0","0","0","0","-160500","5","-100.00","1142","0","100","0","0","","0","0","0","","",""
"080150","0000","0","162000","162100","162300","162400","162600","162700","162800","162900","163000","163100","161800","161500","161400","161300","161200","161000","160800","160700","160500","160400","5","11","18","54","42","5","155","30","56","11","439","139","227","283","33","123","242","840","53","31","387","2410","0","0","0","0","0","-160500","5","-100.00","1142","2","0","0","0","","0","0","0","","",""
"080150","0001","0","162000","162100","162300","162400","162600","162700","162800","162900","163000","163100","161800","161500","161400","161300","161200","161000","160800","160700","160500","160400","5","11","18","54","42","5","155","30","56","11","439","139","227","283","33","223","242","840","53","31","387","2510","0","0","0","0","0","-160500","5","-100.00","1142","0","100","0","0","","0","0","0","","",""
"080151","0000","0","162000","162100","162300","162400","162600","162700","162800","162900","163000","163100","161800","161500","161400","161300","161200","161000","160800","160700","160500","160400","5","11","18","54","42","5","155","30","56","11","439","151","227","283","33","223","242","840","53","31","387","2522","0","0","0","0","0","-160500","5","-100.00","1142","0","12","0","0","","0","0","0","","",""
"080151","0001","0","162000","162100","162300","162400","162600","162700","162800","162900","163000","163100","161800","161500","161400","161300","161200","161000","160800","160700","160500","160400","5","11","18","54","42","5","155","30","56","11","439","151","227","284","33","223","242","840","52","31","387","2522","0","0","0","0","0","-160500","5","-100.00","1142","0","0","0","0","","0","0","0","","",""
"080151","0002","0","162000","162100","162300","162400","162500","162600","162700","162800","162900","163000","161800","161500","161400","161300","161200","161000","160800","160700","160500","160400","5","11","18","54","3","42","5","155","30","56","439","151","227","284","33","223","242","840","52","31","379","2522","0","0","0","0","0","-160500","5","-100.00","1142","-8","0","0","0","","0","0","0","","",""
"080152","0000","0","162000","162100","162300","162400","162500","162600","162700","162800","162900","163000","161900","161800","161500","161400","161300","161200","161000","160800","160700","160500","5","11","18","54","3","42","5","155","30","56","20","439","151","227","284","33","223","242","840","52","379","2511","0","0","0","0","0","-160500","5","-100.00","1142","0","-11","0","0","","0","0","0","","",""
"080153","0000","0","162000","162100","162300","162400","162500","162600","162700","162800","162900","163000","161900","161800","161500","161400","161300","161200","161000","160800","160700","160500","6","11","18","54","3","42","5","155","30","56","20","439","151","227","284","33","223","242","840","52","380","2511","0","0","0","0","0","-160500","5","-100.00","1142","1","0","0","0","","0","0","0","","",""
"080153","0001","0","162000","162100","162300","162400","162500","162600","162700","162800","162900","163000","161900","161800","161500","161400","161300","161200","161000","160800","160700","160500","6","11","18","54","3","42","5","155","30","56","20","439","121","227","284","33","223","242","840","52","380","2481","0","0","0","0","0","-160500","5","-100.00","1142","0","-30","0","0","","0","0","0","","",""
"080153","0002","0","162000","162100","162300","162400","162500","162600","162700","162800","162900","163000","161900","161800","161500","161400","161300","161200","161000","160800","160700","160500","6","11","18","54","3","42","5","155","30","116","20","439","121","227","284","33","223","242","840","52","440","2481","0","0","0","0","0","-160500","5","-100.00","1142","60","0","0","0","","0","0","0","","",""
"080154","0000","0","162000","162100","162300","162400","162500","162600","162700","162800","162900","163000","161900","161800","161500","161400","161300","161200","161000","160800","160700","160500","6","11","18","54","3","42","5","155","30","117","20","439","121","227","284","33","223","242","840","52","441","2481","0","0","0","0","0","-160500","5","-100.00","1142","1","0","0","0","","0","0","0","","",""
"080154","0001","0","162000","162100","162300","162400","162500","162600","162700","162800","162900","163000","161900","161800","161500","161400","161300","161200","161000","160800","160700","160500","12","11","18","54","3","42","5","155","30","117","20","439","121","227","284","33","223","242","840","52","447","2481","0","0","0","0","0","-160500","5","-100.00","1142","6","0","0","0","","0","0","0","","",""
"080155","0000","0","162000","162100","162300","162400","162500","162600","162700","162800","162900","163000","161900","161800","161500","161400","161300","161200","161000","160800","160700","160500","15","11","18","54","3","43","5","155","30","117","20","439","121","227","284","33","223","242","840","52","451","2481","0","0","0","0","0","-160500","5","-100.00","1142","4","0","0","0","","0","0","0","","",""
"080155","0001","0","162000","162100","162300","162400","162500","162600","162700","162800","162900","163000","161900","161800","161500","161400","161300","161200","161000","160800","160700","160500","15","11","18","54","3","43","5","155","30","117","30","439","121","227","284","33","223","242","840","52","451","2491","0","0","0","0","0","-160500","5","-100.00","1142","0","10","0","0","","0","0","0","","",""
"080157","0000","0","162000","162100","162300","162400","162500","162600","162700","162800","162900","163000","161900","161800","161500","161400","161300","161200","161000","160800","160700","160500","15","11","18","54","3","43","5","155","30","118","30","439","121","227","284","33","223","242","840","52","452","2491","0","0","0","0","0","-160500","5","-100.00","1142","1","0","0","0","","0","0","0","","",""
"080157","0001","0","162000","162100","162300","162400","162500","162600","162700","162800","162900","163000","161900","161800","161500","161400","161300","161200","161000","160800","160700","160500","15","11","18","54","3","43","5","155","33","118","31","439","121","227","284","33","223","242","840","52","455","2492","0","0","0","0","0","-160500","5","-100.00","1142","3","1","0","0","","0","0","0","","",""
"080158","0000","0","162000","162100","162300","162400","162500","162600","162700","162800","162900","163000","161900","161800","161500","161400","161300","161200","161000","160800","160700","160500","12","11","18","54","3","43","5","155","33","118","71","439","121","227","284","33","223","242","840","52","452","2532","0","0","0","0","0","-160500","5","-100.00","1145","-3","40","0","0","","0","0","0","","",""
"080158","0001","0","162000","162100","162300","162400","162500","162600","162700","162800","162900","163000","161900","161800","161500","161400","161300","161200","161000","160800","160700","160500","12","11","20","54","3","43","5","155","33","119","71","439","121","227","284","33","223","242","840","52","455","2532","0","0","0","0","0","-160500","5","-100.00","1145","3","0","0","0","","0","0","0","","",""
"080159","0000","0","162000","162100","162300","162400","162500","162600","162700","162800","162900","163000","161900","161800","161500","161400","161300","161200","161000","160800","160700","160500","12","11","20","54","4","43","5","155","33","119","71","439","121","227","284","33","223","242","840","52","456","2532","0","0","0","0","0","-160500","5","-100.00","1145","1","0","0","0","","0","0","0","","",""
"080200","0000","0","162000","162100","162300","162400","162500","162600","162700","162800","162900","163000","161900","161800","161500","161400","161300","161200","161000","160800","160700","160500","12","11","20","54","6","43","5","155","33","119","71","439","121","227","284","33","223","242","840","52","458","2532","0","0","0","0","0","-160500","5","-100.00","1145","2","0","0","0","","0","0","0","","",""
"080201","0000","0","162000","162100","162300","162400","162500","162600","162700","162800","162900","163000","161900","161800","161500","161400","161300","161200","161000","160800","160700","160500","12","11","20","54","6","43","5","155","33","119","91","439","121","227","284","33","223","242","840","52","458","2552","0","0","0","0","0","-160500","5","-100.00","1145","0","20","0","0","","0","0","0","","",""
"080202","0000","0","162000","162100","162300","162400","162500","162600","162700","162800","162900","163000","161900","161800","161500","161400","161300","161200","161000","160800","160700","160500","12","11","20","154","6","43","5","155","33","119","91","439","121","227","284","33","223","242","840","52","558","2552","0","0","0","0","0","-160500","5","-100.00","1145","100","0","0","0","","0","0","0","","",""
"080202","0001","0","162000","162100","162300","162400","162500","162600","162700","162800","162900","163000","161900","161800","161500","161400","161300","161200","161000","160800","160700","160500","12","11","20","134","6","43","27","155","33","119","91","439","121","227","284","33","223","242","840","52","560","2552","0","0","0","0","0","-160500","5","-100.00","1145","2","0","0","0","","0","0","0","","",""
"080203","0000","0","162000","162100","162300","162400","162500","162600","162700","162800","162900","163000","161900","161800","161500","161400","161300","161200","161000","160800","160700","160500","12","11","20","134","6","43","27","155","34","119","91","439","121","227","284","33","223","242","840","52","561","2552","0","0","0","0","0","-160500","5","-100.00","1145","1","0","0","0","","0","0","0","","",""
"080203","0001","0","162000","162100","162300","162400","162500","162600","162700","162800","162900","163000","161900","161800","161500","161400","161300","161200","161000","160800","160700","160500","13","11","20","134","6","43","27","155","34","119","91","439","121","227","284","33","223","242","840","52","562","2552","0","0","0","0","0","-160500","5","-100.00","1145","1","0","0","0","","0","0","0","","",""
"080204","0000","0","162100","162300","162400","162500","162600","162700","162800","162900","163000","163100","162000","161900","161800","161500","161400","161300","161200","161000","160800","160700","11","20","135","6","43","27","155","34","119","12","187","91","439","121","227","84","33","223","242","840","562","2487","0","0","0","0","0","-160500","5","-100.00","1158","0","-65","0","0","","0","0","0","","",""
"080204","0001","0","162100","162300","162400","162500","162600","162700","162800","162900","163000","163100","162000","161900","161800","161500","161400","161300","161200","161000","160800","160700","11","20","135","6","43","27","155","34","119","12","187","93","439","119","227","84","33","223","242","840","562","2487","0","0","0","0","0","-160500","5","-100.00","1158","0","0","0","0","","0","0","0","","",""
"080204","0002","0","162100","162300","162400","162500","162600","162700","162800","162900","163000","163100","162000","161900","161800","161500","161400","161300","161200","161000","160800","160700","11","20","135","6","43","27","155","36","119","12","187","96","439","119","227","84","33","223","242","840","564","2490","0","0","0","0","0","-160500","5","-100.00","1158","2","3","0","0","","0","0","0","","",""
"080206","0000","0","162100","162300","162400","162500","162600","162700","162800","162900","163000","163100","162000","161900","161800","161500","161400","161300","161200","161000","160800","160700","11","20","135","6","43","27","155","36","119","12","186","96","439","119","227","84","33","223","242","840","564","2489","0","0","0","0","0","-160500","5","-100.00","1159","0","-1","0","0","","0","0","0","","",""
"080206","0001","0","162100","162300","162400","162500","162600","162700","162800","162900","163000","163100","162000","161900","161800","161500","161400","161300","161200","161000","160800","160700","11","20","135","6","43","27","155","36","119","12","185","96","439","119","227","84","33","223","242","840","564","2488","0","0","0","0","0","-160500","5","-100.00","1160","0","-1","0","0","","0","0","0","","",""
"080207","0000","0","162100","162300","162400","162500","162600","162700","162800","162900","163000","163100","162000","161900","161800","161500","161400","161300","161200","161000","160800","160700","11","20","135","6","43","27","155","36","119","12","200","96","439","119","227","84","33","223","242","840","564","2503","0","0","0","0","0","-160500","5","-100.00","1160","0","15","0","0","","0","0","0","","",""
"080208","0000","0","162100","162300","162400","162500","162600","162700","162800","162900","163000","163100","162000","161900","161800","161500","161400","161300","161200","161000","160800","160700","11","20","135","6","43","27","155","36","119","12","199","96","439","119","227","84","33","223","242","840","564","2502","0","0","0","0","0","-160500","5","-100.00","1161","0","-1","0","0","","0","0","0","","",""
"080208","0001","0","162100","162300","162400","162500","162600","162700","162800","162900","163000","163100","162000","161900","161800","161500","161400","161300","161200","161000","160800","160700","11","20","135","6","43","27","155","36","119","12","187","96","469","119","227","84","33","223","242","840","564","2520","0","0","0","0","0","-160500","5","-100.00","1173","0","18","0","0","","0","0","0","","",""
"080208","0002","0","162000","162100","162300","162400","162500","162600","162700","162800","162900","163000","161900","161800","161500","161400","161300","161200","161000","160800","160700","160500","1","11","20","135","6","43","27","155","36","119","96","469","119","227","84","33","223","242","840","52","553","2385","0","0","0","0","0","-160500","5","-100.00","1360","-11","-135","0","0","","0","0","0","","",""
"080209","0000","0","162000","162100","162300","162400","162500","162600","162700","162800","162900","163000","161900","161800","161500","161400","161300","161200","161000","160800","160700","160500","1","11","20","135","8","43","27","155","36","119","96","469","119","227","84","33","223","242","840","52","555","2385","0","0","0","0","0","-160500","5","-100.00","1360","2","0","0","0","","0","0","0","","",""
"080210","0000","0","162000","162100","162300","162400","162500","162600","162700","162800","162900","163000","161900","161800","161500","161400","161300","161200","161000","160800","160700","160500","2","11","20","135","8","43","27","155","36","119","96","469","119","227","84","33","223","242","840","52","556","2385","0","0","0","0","0","-160500","5","-100.00","1360","1","0","0","0","","0","0","0","","",""
"080210","0001","0","162000","162100","162300","162400","162500","162600","162700","162800","162900","163000","161900","161800","161500","161400","161300","161200","161000","160800","160700","160500","2","11","20","135","8","43","27","155","36","119","96","469","119","227","84","33","223","242","840","52","556","2385","0","0","0","0","0","-160500","5","-100.00","1360","0","0","0","0","","0","0","0","","",""
"080210","0002","0","162000","162100","162300","162400","162500","162600","162700","162800","162900","163000","161900","161800","161500","161400","161300","161200","161000","160800","160700","160500","3","11","20","135","8","43","27","155","36","119","96","469","119","227","84","33","223","242","840","52","557","2385","0","0","0","0","0","-160500","5","-100.00","1360","1","0","0","0","","0","0","0","","",""
"080211","0000","0","162000","162100","162300","162400","162500","162600","162700","162800","162900","163000","161900","161800","161500","161400","161300","161200","161000","160800","160700","160500","18","11","20","135","8","43","27","155","36","119","96","469","119","227","84","33","223","242","840","52","572","2385","0","0","0","0","0","-160500","5","-100.00","1360","15","0","0","0","","0","0","0","","",""
"080211","0001","0","162000","162100","162300","162400","162500","162600","162700","162800","162900","163000","161900","161800","161500","161400","161300","161200","161000","160800","160700","160500","18","11","20","135","8","43","27","155","36","124","96","469","119","227","84","33","223","242","840","52","577","2385","0","0","0","0","0","-160500","5","-100.00","1360","5","0","0","0","","0","0","0","","",""
"080211","0002","0","162000","162100","162300","162400","162500","162600","162700","162800","162900","163000","161900","161800","161500","161400","161300","161200","161000","160800","160700","160500","28","11","20","135","8","43","27","155","36","124","96","469","119","227","84","33","223","242","840","52","587","2385","0","0","0","0","0","-160500","5","-100.00","1360","10","0","0","0","","0","0","0","","",""
"080212","0000","0","162000","162100","162300","162400","162500","162600","162700","162800","162900","163000","161900","161800","161500","161400","161300","161200","161000","160800","160700","160500","28","11","20","135","8","43","27","155","36","124","94","469","119","227","84","33","223","242","840","52","587","2383","0","0","0","0","0","-160500","5","-100.00","1362","0","-2","0","0","","0","0","0","","",""
"080213","0000","0","162000","162100","162300","162400","162500","162600","162700","162800","162900","163000","161900","161800","161500","161400","161300","161200","161000","160800","160700","160500","28","16","20","135","8","48","27","155","36","124","94","469","119","227","84","33","223","242","840","52","597","2383","0","0","0","0","0","-160500","5","-100.00","1362","10","0","0","0","","0","0","0","","",""
"080213","0001","0","162000","162100","162200","162300","162400","162500","162600","162700","162800","162900","161900","161800","161500","161400","161300","161200","161000","160800","160700","160500","28","16","2","20","135","8","48","27","155","36","94","469","119","227","84","33","223","242","840","52","475","2383","0","0","0","0","0","-160500","5","-100.00","1362","-122","0","0","0","","0","0","0","","",""
"080214","0000","0","162000","162100","162200","162300","162400","162500","162600","162700","162800","162900","161900","161800","161500","161400","161300","161200","161000","160800","160700","160500","28","16","3","20","135","13","48","27","155","36","94","469","119","227","84","33","223","242","840","52","481","2383","0","0","0","0","0","-160500","5","-100.00","1362","6","0","0","0","","0","0","0","","",""
"080214","0001","0","162000","162100","162200","162300","162400","162500","162600","162700","162800","162900","161900","161800","161500","161400","161300","161200","161000","160800","160700","160500","27","16","3","20","135","13","48","27","155","36","94","469","119","227","84","33","223","242","840","52","480","2383","0","0","0","0","0","-160500","5","-100.00","1363","-1","0","0","0","","0","0","0","","",""
"080216","0000","0","162000","162100","162200","162300","162400","162500","162600","162700","162800","162900","161900","161800","161500","161400","161300","161200","161000","160800","160700","160500","27","16","3","20","135","13","48","27","155","36","63","469","119","227","84","33","223","242","840","52","480","2352","0","0","0","0","0","-160500","5","-100.00","1394","0","-31","0","0","","0","0","0","","",""
"080216","0001","0","162000","162100","162200","162300","162400","162500","162600","162700","162800","162900","161900","161800","161500","161400","161300","161200","161000","160800","160700","160500","27","16","3","20","135","13","48","27","155","45","63","469","119","227","84","33","223","242","840","52","489","2352","0","0","0","0","0","-160500","5","-100.00","1394","9","0","0","0","","0","0","0","","",""
"080216","0002","0","162000","162100","162200","162300","162400","162500","162600","162700","162800","162900","161900","161800","161500","161400","161300","161200","161000","160800","160700","160500","32","16","3","20","135","13","48","27","155","45","63","469","119","227","84","33","223","242","840","52","494","2352","0","0","0","0","0","-160500","5","-100.00","1394","5","0","0","0","","0","0","0","","",""
"080216","0003","0","162000","162100","162200","162300","162400","162500","162600","162700","162800","162900","161900","161800","161500","161400","161300","161200","161000","160800","160700","160500","35","16","3","20","135","13","48","27","155","45","63","469","119","227","84","33","223","242","840","52","497","2352","0","0","0","0","0","-160500","5","-100.00","1394","3","0","0","0","","0","0","0","","",""
"080217","0000","0","162000","162100","162200","162300","162400","162500","162600","162700","162800","162900","161900","161800","161500","161400","161300","161200","161000","160800","160700","160600","35","16","12","20","135","13","48","27","155","45","63","469","119","227","84","33","223","242","840","30","506","2330","0","0","0","0","0","-160500","5","-100.00","1394","9","-22","0","0","","0","0","0","","",""
"080217","0001","0","162000","162100","162200","162300","162400","162500","162600","162700","162800","162900","161900","161800","161500","161400","161300","161200","161000","160800","160700","160600","161","16","12","20","136","13","48","27","155","45","63","469","119","227","84","33","223","242","840","30","633","2330","0","0","0","0","0","-160500","5","-100.00","1394","127","0","0","0","","0","0","0","","",""
"080219","0000","0","162000","162100","162200","162300","162400","162500","162600","162700","162800","162900","161900","161800","161500","161400","161300","161200","161000","160800","160700","160600","161","16","12","20","136","13","48","27","155","45","65","469","119","225","84","33","223","242","840","30","633","2330","0","0","0","0","0","-160500","5","-100.00","1394","0","0","0","0","","0","0","0","","",""
"080219","0001","0","162000","162100","162200","162300","162400","162500","162600","162700","162800","162900","161900","161800","161500","161400","161300","161200","161000","160800","160700","160600","161","16","12","20","136","13","48","27","155","45","67","469","119","225","84","33","223","242","840","30","633","2332","0","0","0","0","0","-160500","5","-100.00","1394","0","2","0","0","","0","0","0","","",""
"080219","0002","0","162000","162100","162200","162300","162400","162500","162600","162700","162800","162900","161900","161800","161500","161400","161300","161200","161000","160800","160700","160600","159","16","12","20","136","13","48","27","155","45","67","469","119","225","84","33","223","242","840","30","631","2332","0","0","0","0","0","-160500","5","-100.00","1396","-2","0","0","0","","0","0","0","","",""
"080220","0000","0","162000","162100","162200","162300","162400","162500","162600","162700","162800","162900","161900","161800","161500","161400","161300","161200","161000","160800","160700","160600","159","16","12","20","136","13","48","27","155","45","67","469","119","225","84","33","223","298","840","30","631","2388","0","0","0","0","0","-160500","5","-100.00","1396","0","56","0","0","","0","0","0","","",""
"080220","0001","0","162000","162100","162200","162300","162400","162500","162600","162700","162800","162900","161900","161800","161500","161400","161300","161200","161000","160800","160700","160600","159","16","12","20","136","13","48","27","155","45","66","469","119","225","84","33","223","298","840","30","631","2387","0","0","0","0","0","-160500","5","-100.00","1397","0","-1","0","0","","0","0","0","","",""
"080221","0000","0","162000","162100","162200","162300","162400","162500","162600","162700","162800","162900","161900","161800","161500","161400","161300","161200","161000","160800","160700","160600","159","16","17","20","136","13","49","27","155","45","66","469","119","225","84","33","223","298","840","30","637","2387","0","0","0","0","0","-160500","5","-100.00","1397","6","0","0","0","","0","0","0","","",""
"080222","0000","0","162000","162100","162200","162300","162400","162500","162600","162700","162800","162900","161800","161500","161400","161300","161200","161000","160800","160700","160600","160500","159","16","17","20","136","13","49","27","155","45","469","119","225","84","33","223","298","840","30","52","637","2373","0","0","0","0","0","-160500","5","-100.00","1463","0","-14","0","0","","0","0","0","","",""
"080222","0001","0","162000","162100","162200","162300","162400","162500","162600","162700","162800","162900","161800","161500","161400","161300","161200","161000","160800","160700","160600","160500","154","16","17","20","136","15","49","27","155","45","469","119","225","84","33","223","298","840","30","52","634","2373","0","0","0","0","0","-160500","5","-100.00","1468","-3","0","0","0","","0","0","0","","",""
"080222","0002","0","162000","162100","162200","162300","162400","162500","162600","162700","162800","162900","161800","161500","161400","161300","161200","161000","160800","160700","160600","160500","154","16","17","20","136","15","49","27","155","45","469","119","225","84","33","223","298","840","30","52","634","2373","0","0","0","0","0","-160500","5","-100.00","1468","0","0","0","0","","0","0","0","","",""
"080223","0000","0","161900","162000","162100","162200","162300","162400","162500","162600","162700","162800","161800","161500","161400","161300","161200","161000","160800","160700","160600","160500","1","154","16","17","20","136","15","49","27","155","469","119","225","84","33","223","298","840","30","52","590","2373","0","0","0","0","0","-160500","5","-100.00","1468","-44","0","0","0","","0","0","0","","",""
"080224","0000","0","161900","162000","162100","162200","162300","162400","162500","162600","162700","162800","161800","161500","161400","161300","161200","161000","160800","160700","160600","160500","1","204","16","17","20","136","15","49","27","155","474","119","225","84","33","223","298","840","30","52","640","2378","0","0","0","0","0","-160500","5","-100.00","1468","50","5","0","0","","0","0","0","","",""
"080224","0001","0","161900","162000","162100","162200","162300","162400","162500","162600","162700","162800","161800","161500","161400","161300","161200","161000","160800","160700","160600","160500","1","204","16","17","25","136","15","49","27","155","474","119","225","84","33","223","298","840","30","52","645","2378","0","0","0","0","0","-160500","5","-100.00","1468","5","0","0","0","","0","0","0","","",""
"080225","0000","0","161900","162000","162100","162200","162300","162400","162500","162600","162700","162800","161800","161500","161400","161300","161200","161000","160800","160700","160600","160500","1","204","16","17","25","136","15","49","27","156","474","119","225","84","33","223","298","840","30","52","646","2378","0","0","0","0","0","-160500","5","-100.00","1468","1","0","0","0","","0","0","0","","",""
"080227","0000","0","161900","162000","162100","162200","162300","162400","162500","162600","162700","162800","161800","161500","161400","161300","161200","161000","160800","160700","160600","160500","1","209","16","17","25","136","15","49","27","156","474","119","225","84","33","223","298","840","30","52","651","2378","0","0","0","0","0","-160500","5","-100.00","1468","5","0","0","0","","0","0","0","","",""
"080228","0000","0","161900","162000","162100","162200","162300","162400","162500","162600","162700","162800","161800","161500","161400","161300","161200","161000","160800","160700","160600","160500","1","209","16","17","25","136","15","49","27","156","474","119","225","84","33","223","298","840","30","57","651","2383","0","0","0","0","0","-160500","5","-100.00","1468","0","5","0","0","","0","0","0","","",""
"080228","0001","0","161900","162000","162100","162200","162300","162400","162500","162600","162700","162800","161800","161500","161400","161300","161200","161000","160800","160700","160600","160500","1","209","16","17","25","141","15","49","27","156","474","119","225","84","33","223","298","840","30","57","656","2383","0","0","0","0","0","-160500","5","-100.00","1468","5","0","0","0","","0","0","0","","",""
"080228","0002","0","162000","162100","162200","162300","162400","162500","162600","162700","162800","162900","161800","161500","161400","161300","161200","161000","160800","160700","160600","160500","209","16","17","25","141","15","49","27","156","45","474","119","225","84","33","223","298","840","30","57","700","2383","0","0","0","0","0","-160500","5","-100.00","1518","44","0","0","0","","0","0","0","","",""
"080229","0000","0","161900","162000","162100","162200","162300","162400","162500","162600","162700","162800","161800","161500","161400","161300","161200","161000","160800","160700","160600","160500","10","209","16","17","25","141","15","49","27","156","474","119","225","84","33","223","298","840","30","57","665","2383","0","0","0","0","0","-160500","5","-100.00","1518","-35","0","0","0","","0","0","0","","",""
"080230","0000","0","161900","162000","162100","162200","162300","162400","162500","162600","162700","162800","161800","161500","161400","161300","161200","161000","160800","160700","160600","160500","9","209","16","17","25","141","15","49","27","156","475","119","225","84","33","223","298","840","30","57","664","2384","0","0","0","0","0","-160500","5","-100.00","1519","-1","1","0","0","","0","0","0","","",""
"080231","0000","0","161900","162000","162100","162200","162300","162400","162500","162600","162700","162800","161800","161500","161400","161300","161200","161000","160800","160700","160600","160500","9","209","16","17","25","141","15","49","27","156","553","119","225","6","33","223","298","840","30","57","664","2384","0","0","0","0","0","-160500","5","-100.00","1519","0","0","0","0","","0","0","0","","",""
