"time","millisec","HOUR_CLS_CODE","ASKP1","ASKP2","ASKP3","ASKP4","ASKP5","ASKP6","ASKP7","ASKP8","ASKP9","ASKP10","BIDP1","BIDP2","BIDP3","BIDP4","BIDP5","BIDP6","BIDP7","BIDP8","BIDP9","BIDP10","ASKP_RSQN1","ASKP_RSQN2","ASKP_RSQN3","ASKP_RSQN4","ASKP_RSQN5","ASKP_RSQN6","ASKP_RSQN7","ASKP_RSQN8","ASKP_RSQN9","ASKP_RSQN10","BIDP_RSQN1","BIDP_RSQN2","BIDP_RSQN3","BIDP_RSQN4","BIDP_RSQN5","BIDP_RSQN6","BIDP_RSQN7","BIDP_RSQN8","BIDP_RSQN9","BIDP_RSQN10","TOTAL_ASKP_RSQN","TOTAL_BIDP_RSQN","OVTM_TOTAL_ASKP_RSQN","OVTM_TOTAL_BIDP_RSQN","ANTC_CNPR","ANTC_CNQN","ANTC_VOL","ANTC_CNTG_VRSS","ANTC_CNTG_VRSS_SIGN","ANTC_CNTG_PRDY_CTRT","ACML_VOL","TOTAL_ASKP_RSQN_ICDC","TOTAL_BIDP_RSQN_ICDC","OVTM_TOTAL_ASKP_ICDC","OVTM_TOTAL_BIDP_ICDC","STCK_DEAL_CLS_CODE","KMID_PRC","KMID_TOTAL_RSQN","KMID_CLS_CODE","NMID_PRC","NMID_TOTAL_RSQN","NMID_CLS_CODE"
"080000","0000","0","0","0","0","0","0","0","0","0","0","0","183500","0","0","0","0","0","0","0","0","0","0","0","0","0","0","0","0","0","0","0","50","0","0","0","0","0","0","0","0","0","0","50","0","0","0","0","0","-183400","5","-100.00","0","0","0","0","0","","0","0","0","","",""
"080000","0001","0","190000","194800","199800","238000","0","0","0","0","0","0","184600","183500","180600","180000","170000","130000","0","0","0","0","10","20","30","1","0","0","0","0","0","0","25","50","3","20","15","1","0","0","0","0","61","114","0","0","0","0","0","-183400","5","-100.00","0","61","64","0","0","","0","0","0","","",""
"080000","0002","0","190000","194000","194800","199600","199800","238000","0","0","0","0","184600","183500","180600","180000","170000","130000","0","0","0","0","10","3","20","55","30","6","0","0","0","0","25","50","3","20","15","1","0","0","0","0","124","114","0","0","0","0","0","-183400","5","-100.00","0","63","0","0","0","","0","0","0","","",""
"080001","0000","0","186000","190000","192500","194000","194800","198500","199600","199800","200000","214500","184600","183900","183700","183500","180600","180000","175100","170000","130000","0","5","10","40","3","20","10","110","30","2","229","25","16","47","50","3","20","2","15","1","0","459","179","0","0","0","0","0","-183400","5","-100.00","0","335","65","0","0","","0","0","0","","",""
"080001","0001","0","184900","186000","190000","192500","194000","194800","198300","198500","199200","199600","184600","183900","183700","183500","180600","180000","175100","170000","130000","0","1","5","10","40","3","20","1","10","3","110","25","16","47","50","3","20","2","15","1","0","203","179","0","0","0","0","0","-183400","5","-100.00","0","-256","0","0","0","","0","0","0","","",""
"080002","0000","0","186000","190000","192500","194000","194800","198300","198500","199200","199600","199800","184600","183900","183700","183500","183400","180600","180000","175100","170000","130000","5","10","40","3","20","1","10","3","110","30","25","16","47","400","15","3","20","2","17","1","232","546","0","0","0","0","0","-183400","5","-100.00","1","29","367","0","0","","0","0","0","","",""
"080002","0001","0","186000","189000","190000","192500","193300","193900","194000","194800","198300","198500","184600","183900","183700","183500","183400","180600","180000","175100","170000","130000","5","20","10","40","1","2","3","20","1","10","25","16","47","400","15","3","20","2","17","1","112","546","0","0","0","0","0","-183400","5","-100.00","1","-120","0","0","0","","0","0","0","","",""
"080003","0000","0","186000","189000","190000","192000","192500","193300","193900","194000","194200","194800","184600","183900","183700","183500","183400","180600","180000","175100","170000","130000","5","20","10","1","80","1","2","3","100","20","25","16","47","400","15","3","20","2","17","1","242","546","0","0","0","0","0","-183400","5","-100.00","1","130","0","0","0","","0","0","0","","",""
"080003","0001","0","186000","187000","189000","190000","192000","192500","193300","193900","194000","194200","184600","183900","183700","183500","183400","180600","180000","175100","170000","130000","5","5","20","10","1","80","1","2","3","100","25","16","47","400","15","3","20","3","17","1","227","547","0","0","0","0","0","-183400","5","-100.00","1","-15","1","0","0","","0","0","0","","",""
"080003","0002","0","186000","187000","189000","190000","192000","192500","193300","193900","194000","194200","184600","183900","183700","183500","183400","180600","180000","175100","170000","130000","7","5","20","10","1","80","1","2","3","100","25","16","47","400","15","3","20","3","17","1","229","547","0","0","0","0","0","-183400","5","-100.00","1","2","0","0","0","","0","0","0","","",""
"080004","0000","0","186000","187000","189000","190000","192000","192500","193300","193900","194000","194200","184600","183900","183700","183500","183400","180600","180000","175100","170000","130000","4","5","20","10","1","80","1","2","3","100","25","16","47","400","15","3","20","3","17","1","226","547","0","0","0","0","0","-183400","5","-100.00","4","-3","0","0","0","","0","0","0","","",""
"080005","0000","0","186000","187000","189000","190000","192000","192500","193300","193900","194000","194200","184600","183900","183700","183500","183400","180600","180000","175100","170000","167900","4","5","20","10","1","80","1","2","3","100","25","16","47","400","15","3","20","3","17","290","226","836","0","0","0","0","0","-183400","5","-100.00","4","0","289","0","0","","0","0","0","","",""
"080005","0001","0","186000","187000","189000","190000","192000","192500","193300","193900","194000","194200","184600","183900","183700","183500","183400","180600","180000","176500","175100","170000","4","5","20","10","1","80","1","2","3","100","25","16","47","400","15","3","20","10","3","17","226","556","0","0","0","0","0","-183400","5","-100.00","4","0","-280","0","0","","0","0","0","","",""
"080006","0000","0","186000","187000","189000","190000","192000","192500","193300","193900","194000","194200","184600","183900","183700","183500","183400","183200","180600","180000","176500","175100","4","5","20","10","1","80","1","2","3","100","25","16","47","400","15","1","3","20","10","3","226","540","0","0","0","0","0","-183400","5","-100.00","4","0","-16","0","0","","0","0","0","","",""
"080006","0001","0","186000","187000","189000","190000","192000","192500","193300","193900","194000","194200","184600","184000","183900","183700","183500","183400","183200","180600","180000","176500","4","5","20","10","1","80","1","2","3","100","25","10","16","47","400","15","1","3","20","10","226","547","0","0","0","0","0","-183400","5","-100.00","4","0","7","0","0","","0","0","0","","",""
"080006","0002","0","186000","187000","189000","190000","192000","192500","193300","193900","194000","194200","184600","184000","183900","183700","183500","183400","183200","180600","180000","179000","4","5","20","10","1","80","1","2","3","100","25","10","16","47","400","15","1","3","20","30","226","567","0","0","0","0","0","-183400","5","-100.00","4","0","20","0","0","","0","0","0","","",""
"080007","0000","0","186000","187000","189000","190000","192000","192500","193300","193900","194000","194200","184600","184000","183900","183700","183500","183400","183200","180600","180000","179000","4","5","20","10","1","80","1","2","3","100","25","10","16","47","400","15","1","8","20","30","226","572","0","0","0","0","0","-183400","5","-100.00","4","0","5","0","0","","0","0","0","","",""
"080007","0001","0","186000","187000","189000","190000","192000","192500","193300","193900","194000","194200","184600","184000","183900","183700","183500","183400","183200","181300","180600","180000","4","5","20","10","1","80","1","2","3","100","25","10","16","47","400","15","1","75","8","20","226","617","0","0","0","0","0","-183400","5","-100.00","4","0","45","0","0","","0","0","0","","",""
"080009","0000","0","186000","187000","189000","189900","190000","192000","192500","193300","193900","194000","184600","184000","183900","183700","183500","183400","183200","181300","180600","180000","4","5","20","1","10","1","80","1","2","3","25","10","16","47","400","15","1","75","8","20","127","617","0","0","0","0","0","-183400","5","-100.00","4","-99","0","0","0","","0","0","0","","",""
"080010","0000","0","186000","187000","189000","189900","190000","192000","192500","193300","193900","194000","184600","184000","183900","183700","183500","183400","183200","181300","180600","180000","4","5","20","1","10","1","80","1","2","3","25","10","16","47","400","15","1","75","13","20","127","622","0","0","0","0","0","-183400","5","-100.00","4","0","5","0","0","","0","0","0","","",""
"080010","0001","0","186000","187000","189000","189800","189900","190000","192000","192500","192600","193300","184600","184000","183900","183700","183500","183400","183200","181300","180600","180000","4","5","20","1","1","10","1","80","2","1","54","10","16","47","400","15","1","75","13","20","125","651","0","0","0","0","0","-183400","5","-100.00","4","-2","29","0","0","","0","0","0","","",""
"080011","0000","0","186000","187000","189000","189800","189900","190000","192000","192500","192600","193300","184600","184000","183900","183700","183500","183400","183200","181300","180600","180000","4","5","20","1","1","10","1","80","2","1","54","10","16","47","400","15","1","75","13","21","125","652","0","0","0","0","0","-183400","5","-100.00","4","0","1","0","0","","0","0","0","","",""
"080011","0001","0","186000","187000","189000","189500","189800","189900","190000","190500","191000","192000","184600","184000","183900","183700","183500","183400","183200","181300","180600","180000","4","5","21","1","1","1","11","1","1","1","54","10","16","47","400","16","1","75","13","21","47","653","0","0","0","0","0","-183400","5","-100.00","4","-78","1","0","0","","0","0","0","","",""
"080011","0002","0","186000","187000","189000","189500","189800","189900","190000","190500","191000","192000","184600","184000","183900","183700","183500","183400","183200","182600","181300","180600","4","5","21","1","1","1","11","1","1","1","54","10","16","47","400","16","1","1","75","14","47","634","0","0","0","0","0","-183400","5","-100.00","4","0","-19","0","0","","0","0","0","","",""
"080012","0000","0","186000","187000","189000","189500","189800","189900","190000","190500","191000","192000","184600","184000","183900","183700","183500","183400","183200","182600","181300","180600","4","5","21","1","1","1","12","1","1","1","54","10","16","47","400","16","1","1","75","14","48","634","0","0","0","0","0","-183400","5","-100.00","4","1","0","0","0","","0","0","0","","",""
"080012","0001","0","186000","187000","189000","189500","189800","189900","190000","190500","191000","192000","184600","184000","183900","183700","183500","183400","183200","182600","181300","180600","7","5","21","1","1","1","12","1","1","1","54","10","16","47","400","16","1","1","75","14","51","634","0","0","0","0","0","-183400","5","-100.00","4","3","0","0","0","","0","0","0","","",""
"080013","0000","0","186000","187000","189000","189500","189800","189900","190000","190500","191000","192000","184600","184000","183900","183800","183700","183500","183400","183200","182600","181300","7","5","21","1","1","1","12","1","1","1","54","10","16","12","47","400","16","1","1","75","51","632","0","0","0","0","0","-183400","5","-100.00","4","0","-2","0","0","","0","0","0","","",""
"080015","0000","0","186000","187000","189000","189500","189800","189900","190000","190500","191000","192000","184600","184000","183900","183800","183700","183500","183400","183200","182600","181300","597","5","21","1","1","1","12","1","1","1","54","10","16","12","47","400","16","1","1","75","641","632","0","0","0","0","0","-183400","5","-100.00","4","590","0","0","0","","0","0","0","","",""
"080016","0000","0","186000","187000","189000","189500","189800","189900","190000","190500","191000","192000","184600","184000","183900","183800","183700","183500","183400","183200","182600","181300","597","5","21","1","1","1","12","1","1","1","114","10","16","12","47","400","16","1","1","75","641","692","0","0","0","0","0","-183400","5","-100.00","4","0","60","0","0","","0","0","0","","",""
"080016","0001","0","186000","187000","188000","189000","189500","189800","189900","190000","190500","191000","184600","184000","183900","183800","183700","183500","183400","183200","182600","181300","597","5","5","21","1","1","1","12","1","1","113","10","16","12","47","400","16","1","1","75","645","691","0","0","0","0","0","-183400","5","-100.00","5","4","-1","0","0","","0","0","0","","",""
"080016","0002","0","186000","187000","188000","189000","189500","189800","189900","190000","190500","191000","184600","184000","183900","183800","183700","183500","183400","183200","182600","181300","586","5","5","21","1","1","1","12","1","1","113","10","16","12","47","400","16","1","1","75","634","691","0","0","0","0","0","-183400","5","-100.00","16","-11","0","0","0","","0","0","0","","",""
"080017","0000","0","184700","186000","187000","188000","189000","189500","189800","189900","190000","190500","184600","184000","183900","183800","183700","183500","183400","183200","182600","181300","1","586","5","5","21","1","1","1","12","1","113","10","16","12","47","400","16","1","1","75","634","691","0","0","0","0","0","-183400","5","-100.00","16","0","0","0","0","","0","0","0","","",""
"080018","0000","0","186000","187000","188000","189000","189500","189800","189900","190000","190500","191000","184600","184500","184000","183900","183800","183700","183500","183400","183200","182600","587","5","5","21","1","1","1","12","1","1","113","1","10","16","12","47","400","16","1","1","635","617","0","0","0","0","0","-183400","5","-100.00","17","1","-74","0","0","","0","0","0","","",""
"080019","0000","0","186000","187000","188000","188500","189000","189500","189800","189900","190000","190500","184600","184500","184000","183900","183800","183700","183500","183400","183200","182600","587","5","5","20","21","1","1","1","12","1","113","1","10","16","12","47","400","16","1","1","654","617","0","0","0","0","0","-183400","5","-100.00","17","19","0","0","0","","0","0","0","","",""
"080019","0001","0","186000","187000","188000","188500","189000","189500","189800","189900","190000","190500","184600","184500","184000","183900","183800","183700","183500","183400","183200","182600","586","5","5","20","21","1","1","1","12","1","113","1","10","16","12","47","400","16","1","1","653","617","0","0","0","0","0","-183400","5","-100.00","18","-1","0","0","0","","0","0","0","","",""
"080020","0000","0","186000","187000","188000","188500","189000","189500","189800","189900","190000","190500","184600","184500","184000","183900","183800","183700","183500","183400","183200","182600","586","5","5","20","26","1","1","1","12","1","113","1","10","16","12","47","400","16","1","1","658","617","0","0","0","0","0","-183400","5","-100.00","18","5","0","0","0","","0","0","0","","",""
"080021","0000","0","186000","187000","188000","188500","189000","189500","189800","189900","190000","190500","184600","184500","184000","183900","183800","183700","183500","183400","183200","182600","587","5","5","20","26","1","1","1","12","1","113","1","10","16","12","47","400","16","1","1","659","617","0","0","0","0","0","-183400","5","-100.00","18","1","0","0","0","","0","0","0","","",""
"080021","0001","0","184800","186000","187000","188000","188500","189000","189500","189800","189900","190000","184600","184500","184000","183900","183800","183700","183500","183400","183200","182600","1","587","5","5","20","26","1","1","1","12","112","1","10","16","12","47","400","16","1","1","659","616","0","0","0","0","0","-183400","5","-100.00","19","0","-1","0","0","","0","0","0","","",""
"080021","0002","0","186000","187000","188000","188500","189000","189500","189800","189900","190000","190500","184600","184500","184000","183900","183800","183700","183500","183400","183200","182600","568","5","5","20","26","1","1","1","12","1","112","1","10","16","12","47","400","16","1","1","640","616","0","0","0","0","0","-183400","5","-100.00","39","-19","0","0","0","","0","0","0","","",""
"080022","0000","0","186000","187000","188000","188500","189000","189500","189800","189900","190000","190500","184600","184500","184000","183900","183800","183700","183500","183400","183200","182600","567","5","5","20","26","1","1","1","12","1","112","1","10","16","12","47","400","16","1","1","639","616","0","0","0","0","0","-183400","5","-100.00","40","-1","0","0","0","","0","0","0","","",""
"080022","0001","0","186000","187000","188000","188500","189000","189500","189800","189900","190000","190500","184600","184500","184000","183900","183800","183700","183500","183400","183200","182600","567","5","5","20","26","1","1","1","12","1","113","1","10","16","12","47","400","16","1","1","639","617","0","0","0","0","0","-183400","5","-100.00","40","0","1","0","0","","0","0","0","","",""
"080023","0000","0","186000","187000","188000","188500","189000","189500","189800","189900","190000","190500","184600","184500","184000","183900","183800","183700","183500","183400","183200","182600","567","5","5","20","27","1","1","1","12","1","113","1","10","16","12","47","400","16","1","1","640","617","0","0","0","0","0","-183400","5","-100.00","40","1","0","0","0","","0","0","0","","",""
"080023","0001","0","186000","187000","188000","188500","189000","189500","189800","189900","190000","190500","184600","184500","184000","183900","183800","183700","183500","183400","183200","182600","567","5","5","20","27","1","1","1","17","1","113","1","10","16","12","47","400","16","1","1","645","617","0","0","0","0","0","-183400","5","-100.00","40","5","0","0","0","","0","0","0","","",""
"080023","0002","0","186000","187000","188000","188500","189000","189500","189800","189900","190000","190500","184700","184600","184500","184000","183900","183800","183700","183500","183400","183200","567","5","5","20","27","1","1","1","17","1","10","113","1","10","16","12","47","400","16","1","645","626","0","0","0","0","0","-183400","5","-100.00","40","0","9","0","0","","0","0","0","","",""
"080024","0000","0","186000","187000","188000","188500","189000","189500","189800","189900","190000","190500","184900","184700","184600","184500","184000","183900","183800","183700","183500","183400","567","5","5","20","27","1","1","1","17","1","13","10","113","1","10","16","12","47","400","16","645","638","0","0","0","0","0","-183400","5","-100.00","41","0","12","0","0","","0","0","0","","",""
"080024","0001","0","186000","187000","188000","188500","189000","189500","189800","189900","190000","190500","184900","184700","184600","184500","184000","183900","183800","183700","183500","183400","566","5","5","20","27","1","1","1","17","1","13","10","113","1","10","16","12","47","400","16","644","638","0","0","0","0","0","-183400","5","-100.00","42","-1","0","0","0","","0","0","0","","",""
"080025","0000","0","186000","187000","188000","188500","188700","189000","189500","189800","189900","190000","184900","184700","184600","184500","184000","183900","183800","183700","183500","183400","566","5","5","20","1","27","1","1","1","17","13","10","113","1","10","16","12","47","400","16","644","638","0","0","0","0","0","-183400","5","-100.00","42","0","0","0","0","","0","0","0","","",""
"080025","0001","0","186000","186100","187000","188000","188500","188700","189000","189500","189800","189900","184900","184700","184600","184500","184000","183900","183800","183700","183500","183400","566","1","5","5","20","1","27","1","1","1","13","39","84","1","10","16","12","47","400","16","628","638","0","0","0","0","0","-183400","5","-100.00","42","-16","0","0","0","","0","0","0","","",""
"080026","0000","0","186000","186100","187000","188000","188500","188700","189000","189500","189800","189900","185000","184900","184700","184600","184500","184000","183900","183800","183700","183500","566","1","5","5","20","1","27","1","1","1","1","13","39","84","1","10","16","12","47","400","628","623","0","0","0","0","0","-183400","5","-100.00","43","0","-15","0","0","","0","0","0","","",""
"080027","0000","0","186000","186100","187000","188000","188500","188700","189000","189500","189800","189900","185000","184900","184700","184600","184500","184000","183900","183800","183700","183500","569","1","5","5","20","1","27","1","1","1","1","13","39","84","1","10","16","12","47","400","631","623","0","0","0","0","0","-183400","5","-100.00","43","3","0","0","0","","0","0","0","","",""
"080028","0000","0","185100","186000","186100","187000","188000","188500","188700","189000","189500","189800","184900","184700","184600","184500","184000","183900","183800","183700","183500","183400","1","569","1","5","5","20","1","27","1","1","13","39","84","1","10","16","12","47","400","16","631","638","0","0","0","0","0","-183400","5","-100.00","43","0","15","0","0","","0","0","0","","",""
"080029","0000","0","185100","185900","186000","186100","187000","188000","188500","188700","189000","189500","184900","184700","184600","184500","184000","183900","183800","183700","183500","183400","1","40","569","1","5","25","20","1","27","1","13","40","84","1","10","16","12","47","400","16","690","639","0","0","0","0","0","-183400","5","-100.00","43","39","1","0","0","","0","0","0","","",""
"080029","0001","0","185100","185200","185900","186000","186100","187000","188000","188500","188700","189000","184900","184700","184600","184500","184000","183900","183800","183700","183500","183400","1","1","40","569","1","5","25","20","1","27","13","40","84","1","10","16","12","47","400","16","690","639","0","0","0","0","0","-183400","5","-100.00","43","0","0","0","0","","0","0","0","","",""
"080030","0000","0","185100","185200","185900","186000","186100","187000","187900","188000","188500","188700","184900","184700","184600","184500","184000","183900","183800","183700","183500","183400","1","1","40","569","1","5","2","25","20","1","13","40","84","1","10","16","12","47","400","16","665","639","0","0","0","0","0","-183400","5","-100.00","43","-25","0","0","0","","0","0","0","","",""
"080030","0001","0","185100","185200","185900","186000","186100","187000","187900","188000","188500","188700","184900","184700","184600","184500","184000","183800","183700","183500","183400","183200","1","1","40","569","1","5","2","25","20","1","13","45","84","1","10","12","47","400","16","1","665","629","0","0","0","0","0","-183400","5","-100.00","43","0","-15","0","0","","0","0","0","","",""
"080031","0000","0","185100","185200","185300","185900","186000","186100","187000","187900","188000","188500","184900","184700","184600","184500","184000","183800","183700","183500","183400","183200","1","1","1","40","569","1","5","2","25","20","13","45","84","1","10","12","47","400","16","1","665","629","0","0","0","0","0","-183400","5","-100.00","43","0","0","0","0","","0","0","0","","",""
"080031","0001","0","185100","185200","185300","185900","186000","186100","187000","187900","188000","188500","184900","184700","184600","184500","184000","183800","183700","183500","183400","183200","1","1","1","40","569","1","5","2","25","20","13","45","84","1","10","12","47","400","16","1","665","629","0","0","0","0","0","-183400","5","-100.00","43","0","0","0","0","","0","0","0","","",""
"080031","0002","0","185100","185200","185300","185900","186000","186100","187000","187900","188000","188500","184900","184700","184600","184500","184000","183800","183700","183500","183400","183200","1","1","1","40","569","1","5","2","25","20","3","45","84","1","10","12","47","400","16","1","665","619","0","0","0","0","0","-183400","5","-100.00","53","0","-10","0","0","","0","0","0","","",""
"080031","0003","0","185100","185200","185300","185900","186000","186100","187000","187900","188000","188500","184900","184700","184600","184500","184000","183800","183700","183500","183400","183200","1","1","1","50","569","1","5","2","25","20","3","45","84","1","10","12","47","400","16","1","675","619","0","0","0","0","0","-183400","5","-100.00","53","10","0","0","0","","0","0","0","","",""
"080032","0000","0","185100","185200","185300","185900","186000","186100","187000","187900","188000","188500","185000","184700","184600","184500","184000","183800","183700","183500","183400","183200","1","1","1","50","569","1","5","2","25","20","18","45","84","1","10","12","47","400","16","1","675","634","0","0","0","0","0","-183400","5","-100.00","55","0","15","0","0","","0","0","0","","",""
"080032","0001","0","185100","185200","185300","185900","186000","186100","187000","187900","188000","188500","185000","184700","184600","184500","184000","183800","183700","183500","183400","183200","1","1","1","50","569","1","5","2","25","20","18","45","84","1","10","12","47","420","16","1","675","654","0","0","0","0","0","-183400","5","-100.00","55","0","20","0","0","","0","0","0","","",""
"080032","0002","0","185100","185200","185300","185400","185900","186000","186100","187000","187900","188000","185000","184700","184600","184500","184000","183800","183700","183500","183400","183200","1","1","1","1","50","569","1","5","2","25","18","45","84","1","10","12","47","420","16","1","656","654","0","0","0","0","0","-183400","5","-100.00","55","-19","0","0","0","","0","0","0","","",""
"080033","0000","0","185100","185200","185300","185400","185900","186000","186100","187000","187900","188000","185000","184700","184600","184500","184000","183800","183700","183500","183400","183200","1","1","1","1","150","569","1","5","2","25","18","45","84","1","10","12","47","420","16","1","756","654","0","0","0","0","0","-183400","5","-100.00","55","100","0","0","0","","0","0","0","","",""
"080034","0000","0","185900","186000","186100","187000","187900","188000","188500","188700","189000","189500","185000","184700","184600","184500","184000","183800","183700","183500","183400","183200","134","569","1","5","2","25","20","1","17","1","18","45","84","1","10","12","47","420","16","1","775","654","0","0","0","0","0","-183400","5","-100.00","75","19","0","0","0","","0","0","0","","",""
"080034","0001","0","185500","185900","186000","186100","187000","187900","188000","188500","188700","189000","185000","184700","184600","184500","184000","183800","183700","183500","183400","183200","1","134","569","1","5","2","25","20","1","17","18","45","84","1","10","12","47","420","16","1","775","654","0","0","0","0","0","-183400","5","-100.00","75","0","0","0","0","","0","0","0","","",""
"080034","0002","0","185500","185900","186000","186100","187000","187900","188000","188500","188700","189000","185000","184700","184600","184500","184000","183800","183700","183500","183400","183200","1","134","569","1","5","2","25","20","1","17","18","45","84","1","10","12","47","421","16","1","775","655","0","0","0","0","0","-183400","5","-100.00","75","0","1","0","0","","0","0","0","","",""
"080036","0000","0","185500","185600","185900","186000","186100","187000","187900","188000","188500","188700","185000","184700","184600","184500","184000","183800","183700","183500","183400","183200","1","1","134","569","1","5","2","25","20","1","8","45","84","1","10","12","47","421","16","1","759","645","0","0","0","0","0","-183400","5","-100.00","85","-16","-10","0","0","","0","0","0","","",""
"080036","0001","0","185500","185600","185900","186000","186100","187000","187900","188000","188500","188700","185000","184700","184600","184500","184000","183800","183700","183500","183400","183200","1","1","134","569","1","5","2","26","20","1","8","45","84","1","10","12","47","421","16","1","760","645","0","0","0","0","0","-183400","5","-100.00","85","1","0","0","0","","0","0","0","","",""
"080037","0000","0","185500","185600","185900","186000","186100","187000","187900","188000","188500","188700","185000","184700","184600","184500","184000","183800","183700","183500","183400","183200","1","1","134","566","1","5","2","26","20","1","8","45","84","1","10","12","47","421","16","1","757","645","0","0","0","0","0","-183400","5","-100.00","85","-3","0","0","0","","0","0","0","","",""
"080038","0000","0","185500","185600","185700","185900","186000","186100","187000","187900","188000","188500","185000","184700","184600","184500","184000","183800","183700","183500","183400","183200","1","1","1","134","566","1","5","2","26","20","8","45","84","1","10","12","47","421","16","1","757","645","0","0","0","0","0","-183400","5","-100.00","85","0","0","0","0","","0","0","0","","",""
"080038","0001","0","185500","185600","185700","185900","186000","186100","187000","187900","188000","188500","185000","184700","184600","184500","184000","183800","183700","183500","183400","183200","1","1","1","134","566","1","5","2","26","22","8","45","84","1","10","32","47","421","16","1","759","665","0","0","0","0","0","-183400","5","-100.00","85","2","20","0","0","","0","0","0","","",""
"080039","0000","0","185500","185600","185700","185800","185900","186000","186100","187000","187900","188000","185000","184700","184600","184500","184000","183800","183700","183500","183400","183200","1","1","1","1","134","566","1","5","2","26","13","45","84","1","10","32","47","421","16","1","738","670","0","0","0","0","0","-183400","5","-100.00","85","-21","5","0","0","","0","0","0","","",""
"080040","0000","0","185500","185600","185700","185800","185900","186000","186100","187000","187900","188000","185000","184700","184600","184500","184000","183800","183700","183500","183400","183200","1","1","1","1","134","566","1","5","2","26","14","45","84","1","10","32","47","421","16","1","738","671","0","0","0","0","0","-183400","5","-100.00","85","0","1","0","0","","0","0","0","","",""
"080040","0001","0","185500","185600","185700","185800","185900","186000","186100","187000","187900","188000","185000","184700","184600","184500","184000","183800","183700","183500","183400","183200","1","1","1","1","134","566","1","5","2","26","15","45","84","1","10","32","47","421","16","1","738","672","0","0","0","0","0","-183400","5","-100.00","85","0","1","0","0","","0","0","0","","",""
"080041","0000","0","185500","185600","185700","185800","185900","186000","186100","187000","187900","188000","185000","184800","184700","184600","184500","184000","183800","183700","183500","183400","1","1","1","1","134","566","1","5","2","26","15","10","45","84","1","10","32","47","421","16","738","681","0","0","0","0","0","-183400","5","-100.00","85","0","9","0","0","","0","0","0","","",""
"080041","0001","0","185500","185600","185700","185800","185900","186000","186100","187000","187900","188000","185000","184800","184700","184600","184500","184000","183800","183700","183500","183400","1","1","1","1","134","566","1","5","2","26","15","10","45","84","1","10","32","47","421","21","738","686","0","0","0","0","0","-183400","5","-100.00","85","0","5","0","0","","0","0","0","","",""
"080041","0002","0","185500","185600","185700","185800","185900","186000","186100","187000","187900","188000","185000","184800","184700","184600","184500","184000","183800","183700","183500","183400","1","1","1","1","135","566","1","5","2","46","15","10","45","84","1","10","32","47","421","21","759","686","0","0","0","0","0","-183400","5","-100.00","85","20","0","0","0","","0","0","0","","",""
"080043","0000","0","185500","185600","185700","185800","185900","186000","186100","187000","187900","188000","185000","184800","184700","184600","184500","183800","183700","183500","183400","183200","1","1","1","1","135","597","1","5","2","46","15","10","45","84","1","32","47","421","21","1","790","677","0","0","0","0","0","-183400","5","-100.00","85","1","0","0","0","","0","0","0","","",""
"080043","0001","0","185500","185600","185700","185800","185900","186000","186100","187000","187900","188000","185000","184800","184700","184600","184500","183800","183700","183500","183400","183200","1","1","1","1","135","597","1","5","2","46","15","10","45","84","1","32","47","421","121","1","790","777","0","0","0","0","0","-183400","5","-100.00","85","0","100","0","0","","0","0","0","","",""
"080044","0000","0","185500","185600","185700","185800","185900","186000","186100","187000","187900","188000","185000","184800","184700","184600","184500","183800","183700","183500","183400","183200","1","1","1","1","135","597","1","5","2","46","25","10","45","84","1","32","47","421","121","1","790","787","0","0","0","0","0","-183400","5","-100.00","85","0","10","0","0","","0","0","0","","",""
"080044","0001","0","185500","185600","185700","185800","185900","186000","186100","187000","187900","188000","185000","184800","184700","184600","184500","183800","183700","183500","183400","183200","1","1","1","1","135","597","2","5","2","46","25","10","45","84","1","32","47","421","121","1","791","787","0","0","0","0","0","-183400","5","-100.00","85","1","0","0","0","","0","0","0","","",""
"080045","0000","0","185500","185600","185700","185800","185900","186000","186100","187000","187900","188000","185000","184800","184700","184600","184500","183800","183700","183500","183400","183200","1","1","1","1","135","597","2","5","2","46","30","10","45","84","1","32","47","421","121","1","791","792","0","0","0","0","0","-183400","5","-100.00","85","0","5","0","0","","0","0","0","","",""
"080045","0001","0","185500","185600","185700","185800","185900","186000","186100","187000","187900","188000","185000","184800","184700","184600","184500","183800","183700","183500","183400","183200","1","1","1","1","135","597","2","5","2","46","31","10","44","84","1","32","47","421","121","1","791","792","0","0","0","0","0","-183400","5","-100.00","85","0","0","0","0","","0","0","0","","",""
"080046","0000","0","185500","185600","185700","185800","185900","186000","186100","187000","187900","188000","185000","184800","184700","184600","184500","183800","183700","183500","183400","183200","1","1","1","11","135","597","2","5","2","46","31","10","44","84","1","32","47","421","121","1","801","792","0","0","0","0","0","-183400","5","-100.00","85","10","0","0","0","","0","0","0","","",""
"080046","0001","0","185500","185600","185700","185800","185900","186000","186100","187000","187900","188000","185000","184800","184700","184600","184500","183800","183700","183500","183400","183200","1","1","1","11","135","597","2","5","2","46","31","10","44","84","11","20","47","421","121","1","801","790","0","0","0","0","0","-183400","5","-100.00","85","0","10","0","0","","0","0","0","","",""
"080047","0000","0","185500","185600","185700","185800","185900","186000","186100","187000","187900","188000","185000","184800","184700","184600","184500","183800","183700","183500","183400","183200","1","1","1","11","135","597","2","5","2","46","32","10","44","84","11","20","47","421","121","1","801","791","0","0","0","0","0","-183400","5","-100.00","85","0","1","0","0","","0","0","0","","",""
"080047","0001","0","185800","185900","186000","186100","187000","187900","188000","188500","188700","189000","185000","184800","184700","184600","184500","183800","183700","183500","183400","183200","9","135","597","2","5","2","46","22","42","7","32","10","44","84","11","20","47","421","121","1","867","791","0","0","0","0","0","-183400","5","-100.00","90","66","0","0","0","","0","0","0","","",""
"080047","0002","0","185800","185900","186000","186100","187000","187900","188000","188500","188700","189000","185000","184800","184700","184600","184500","183800","183700","183500","183400","183200","9","135","597","2","5","2","46","22","42","7","32","10","44","84","14","20","47","421","121","1","867","794","0","0","0","0","0","-183400","5","-100.00","90","0","3","0","0","","0","0","0","","",""
"080048","0000","0","185800","185900","186000","186100","187000","187900","188000","188500","188700","189000","185000","184800","184700","184600","184500","183800","183700","183500","183400","183200","9","135","597","2","5","2","46","22","42","7","37","10","44","84","14","20","47","421","121","1","867","799","0","0","0","0","0","-183400","5","-100.00","90","0","5","0","0","","0","0","0","","",""
"080049","0000","0","185800","185900","186000","186100","187000","187900","188000","188500","188700","189000","185100","185000","184800","184700","184600","184500","183800","183700","183500","183400","9","135","597","2","5","2","46","22","42","7","10","37","10","34","84","14","20","47","421","121","867","798","0","0","0","0","0","-183400","5","-100.00","90","0","-1","0","0","","0","0","0","","",""
"080050","0000","0","185800","185900","186000","186100","187000","187900","188000","188500","188700","189000","185100","185000","184800","184700","184600","184500","183800","183700","183500","183400","9","135","597","2","5","2","46","22","42","7","10","37","10","34","84","14","20","47","422","121","867","799","0","0","0","0","0","-183400","5","-100.00","90","0","1","0","0","","0","0","0","","",""
"080050","0001","0","185800","185900","186000","186100","187000","187900","188000","188500","188700","189000","185100","185000","184800","184700","184600","184500","183800","183700","183500","183400","9","135","597","2","5","2","46","22","42","7","10","38","10","34","84","14","20","47","422","121","867","800","0","0","0","0","0","-183400","5","-100.00","90","0","1","0","0","","0","0","0","","",""
"080050","0002","0","185800","185900","186000","186100","187000","187900","188000","188500","188700","189000","185100","185000","184800","184700","184600","184500","183800","183700","183500","183400","9","135","617","2","5","2","46","22","42","7","10","38","10","34","84","14","20","47","422","121","887","800","0","0","0","0","0","-183400","5","-100.00","90","20","0","0","0","","0","0","0","","",""
"080051","0000","0","185800","185900","186000","186100","187000","187900","188000","188500","188700","189000","185100","185000","184800","184700","184600","184500","183800","183700","183500","183400","9","135","617","2","5","2","46","22","42","7","10","48","10","34","84","14","20","47","422","121","887","810","0","0","0","0","0","-183400","5","-100.00","90","0","10","0","0","","0","0","0","","",""
"080054","0000","0","185800","185900","186000","186100","187000","187900","188000","188500","188700","189000","185100","185000","184800","184700","184600","184500","183800","183700","183500","183400","9","135","617","1","5","2","46","22","42","7","10","48","10","34","84","14","20","47","422","121","886","810","0","0","0","0","0","-183400","5","-100.00","90","-1","0","0","0","","0","0","0","","",""
"080055","0000","0","185700","185800","185900","186000","186100","187000","187900","188000","188500","188700","185100","185000","184800","184700","184600","184500","183800","183700","183500","183400","1","9","135","617","1","5","2","47","22","42","10","48","10","34","84","14","20","47","422","121","881","810","0","0","0","0","0","-183400","5","-100.00","90","-5","0","0","0","","0","0","0","","",""
"080055","0001","0","185800","185900","186000","186100","187000","187900","188000","188500","188700","189000","185100","185000","184800","184700","184600","184500","183800","183700","183500","183400","9","135","617","1","5","2","47","22","42","7","10","48","10","34","84","14","20","47","422","121","887","810","0","0","0","0","0","-183400","5","-100.00","91","6","0","0","0","","0","0","0","","",""
"080055","0002","0","185800","185900","186000","186100","187000","187900","188000","188500","188700","189000","185100","185000","184800","184700","184600","184500","183800","183700","183500","183400","9","135","617","1","5","2","47","22","42","7","10","48","10","34","84","14","20","47","422","121","887","810","0","0","0","0","0","-183400","5","-100.00","91","0","0","0","0","","0","0","0","","",""
"080056","0000","0","185800","185900","186000","186100","187000","187900","188000","188500","188700","189000","185100","185000","184800","184700","184600","184500","183800","183700","183500","183400","9","135","617","1","5","2","47","22","42","7","10","48","10","34","86","14","20","47","422","121","887","812","0","0","0","0","0","-183400","5","-100.00","91","0","2","0","0","","0","0","0","","",""
"080058","0000","0","185900","186000","186100","187000","187900","188000","188500","188700","189000","189200","185800","185100","185000","184800","184700","184600","184500","183800","183700","183500","135","617","1","5","2","47","22","42","7","3","1","10","48","10","34","86","22","20","47","422","881","700","0","0","0","0","0","-183400","5","-100.00","100","-6","-120","0","0","","0","0","0","","",""
"080058","0001","0","185900","186000","186100","187000","187900","188000","188500","188700","189000","189200","185800","185100","185000","184800","184700","184600","184500","183800","183700","183500","135","617","1","5","2","47","22","42","7","3","1","10","48","10","34","87","22","20","47","422","881","701","0","0","0","0","0","-183400","5","-100.00","100","0","1","0","0","","0","0","0","","",""
"080059","0000","0","185900","186000","186100","187000","187900","188000","188500","188700","189000","189200","185800","185700","185400","185100","185000","184800","184700","184600","184500","183800","135","617","1","5","2","47","22","42","7","3","1","2","4","10","48","10","34","87","22","20","881","238","0","0","0","0","0","-183400","5","-100.00","100","0","-45","0","0","","0","0","0","","",""
"080059","0001","0","185900","186000","186100","187000","187900","188000","188500","188700","189000","189200","185800","185700","185400","185100","185000","184800","184700","184600","184500","183800","130","617","1","5","2","47","22","42","7","3","1","2","4","10","48","10","34","87","22","20","876","238","0","0","0","0","0","-183400","5","-100.00","105","-5","0","0","0","","0","0","0","","",""
"080059","0002","0","185900","186000","186100","187000","187900","188000","188500","188700","189000","189200","185800","185700","185400","185100","185000","184800","184700","184600","184500","183800","130","617","1","5","2","47","22","42","7","3","21","2","4","10","48","10","34","87","22","20","876","258","0","0","0","0","0","-183400","5","-100.00","105","0","20","0","0","","0","0","0","","",""
"080100","0000","0","185900","186000","186100","187000","187900","188000","188500","188700","189000","189200","185800","185700","185400","185100","185000","184800","184700","184600","184500","183800","130","617","1","5","2","47","22","42","7","3","15","2","4","10","48","10","40","87","22","20","876","258","0","0","0","0","0","-183400","5","-100.00","111","0","6","0","0","","0","0","0","","",""
"080100","0001","0","185900","186000","186100","187000","187900","188000","188500","188700","189000","189200","185800","185700","185400","185100","185000","184800","184700","184600","184500","183800","130","617","1","5","2","47","22","42","7","3","15","2","4","10","48","10","34","87","22","20","876","252","0","0","0","0","0","-183400","5","-100.00","111","0","-6","0","0","","0","0","0","","",""
"080100","0002","0","185900","186000","186100","187000","187900","188000","188500","188700","189000","189200","185800","185700","185400","185100","185000","184800","184700","184600","184500","183800","130","617","1","5","2","49","22","42","7","3","15","2","4","10","48","10","34","87","22","20","878","252","0","0","0","0","0","-183400","5","-100.00","111","2","0","0","0","","0","0","0","","",""
"080101","0000","0","185900","186000","186100","187000","187900","188000","188500","188700","189000","189200","185800","185700","185400","185100","185000","184800","184700","184600","184500","183800","130","617","1","5","2","49","22","42","7","3","14","2","4","10","48","10","34","87","22","20","878","251","0","0","0","0","0","-183400","5","-100.00","112","0","-1","0","0","","0","0","0","","",""
"080101","0001","0","185900","186000","186100","187000","187900","188000","188500","188700","189000","189200","185800","185700","185400","185100","185000","184700","184600","184500","183800","183700","130","617","1","5","2","49","22","42","7","3","24","2","4","10","38","34","87","22","20","47","878","288","0","0","0","0","0","-183400","5","-100.00","112","0","37","0","0","","0","0","0","","",""
"080101","0002","0","185900","186000","186100","187000","187900","188000","188500","188700","189000","189200","185800","185700","185400","185100","185000","184700","184600","184500","183800","183700","130","617","1","5","2","49","22","42","7","3","24","2","4","10","38","34","87","27","20","47","878","293","0","0","0","0","0","-183400","5","-100.00","112","0","5","0","0","","0","0","0","","",""
"080102","0000","0","185900","186000","186100","187000","187900","188000","188500","188700","189000","189200","185800","185700","185400","185100","185000","184700","184600","184500","183800","183700","130","617","1","5","2","49","22","42","7","3","25","2","4","10","38","34","87","27","20","47","878","294","0","0","0","0","0","-183400","5","-100.00","112","0","1","0","0","","0","0","0","","",""
"080102","0001","0","185900","186000","186100","187000","187900","188000","188500","188700","189000","189200","185800","185700","185400","185100","185000","184700","184600","184500","183800","183700","130","617","1","5","2","49","20","42","7","3","25","2","4","10","38","34","87","27","20","47","876","294","0","0","0","0","0","-183400","5","-100.00","112","-2","0","0","0","","0","0","0","","",""
"080103","0000","0","185900","186000","186100","187000","187900","188000","188500","188700","189000","189200","185800","185700","185400","185100","185000","184700","184600","184500","183800","183700","130","617","1","5","2","49","20","42","7","3","25","2","4","10","38","34","87","27","20","47","876","294","0","0","0","0","0","-183400","5","-100.00","112","0","0","0","0","","0","0","0","","",""
"080103","0001","0","185900","186000","186100","187000","187900","188000","188500","188700","189000","189200","185800","185700","185400","185100","185000","184700","184600","184500","183800","183700","120","617","1","5","2","49","20","42","7","3","25","2","4","10","38","34","87","27","20","47","866","294","0","0","0","0","0","-183400","5","-100.00","122","-10","0","0","0","","0","0","0","","",""
"080103","0002","0","185900","186000","186100","187000","187900","188000","188500","188700","189000","189200","185800","185700","185400","185100","185000","184700","184600","184500","183800","183700","120","617","1","5","2","49","20","42","7","3","30","2","4","10","38","29","87","27","20","47","866","294","0","0","0","0","0","-183400","5","-100.00","122","0","0","0","0","","0","0","0","","",""
"080104","0000","0","185900","186000","186100","187000","187900","188000","188500","188700","189000","189200","185800","185700","185400","185100","185000","184700","184600","184500","183800","183700","120","617","1","5","2","49","20","42","7","3","31","2","4","10","37","29","87","27","20","47","866","294","0","0","0","0","0","-183400","5","-100.00","122","0","0","0","0","","0","0","0","","",""
"080105","0000","0","185900","186000","186100","187000","187900","188000","188500","188700","189000","189200","185800","185700","185400","185100","185000","184700","184600","184500","183800","183700","123","617","1","5","2","49","20","42","7","3","31","2","4","10","37","29","87","27","20","47","869","294","0","0","0","0","0","-183400","5","-100.00","122","2","0","0","0","","0","0","0","","",""
"080106","0000","0","185900","186000","186100","187000","187900","188000","188500","188700","189000","189200","185800","185700","185400","185100","185000","184700","184600","184500","183800","183700","123","617","1","5","2","49","20","42","7","3","41","2","4","10","37","31","87","27","20","47","869","306","0","0","0","0","0","-183400","5","-100.00","122","0","10","0","0","","0","0","0","","",""
"080107","0000","0","185900","186000","186100","187000","187900","188000","188500","188700","189000","189200","185800","185700","185400","185100","185000","184700","184600","184500","183800","183700","123","617","1","5","2","48","20","42","7","3","41","2","4","10","37","31","87","27","20","47","868","306","0","0","0","0","0","-183400","5","-100.00","122","-1","0","0","0","","0","0","0","","",""
"080107","0001","0","185900","186000","186100","187000","187900","188000","188500","188700","189000","189200","185800","185700","185400","185100","185000","184700","184600","184500","183800","183700","123","617","1","5","2","48","20","42","7","3","83","2","4","10","37","31","87","27","20","47","868","348","0","0","0","0","0","-183400","5","-100.00","122","0","2","0","0","","0","0","0","","",""
"080107","0002","0","185900","186000","186100","187000","187900","188000","188500","188700","189000","189200","185800","185700","185400","185100","185000","184700","184600","184500","183800","183700","124","617","1","5","2","48","20","42","7","3","83","2","4","10","37","31","87","27","20","47","869","348","0","0","0","0","0","-183400","5","-100.00","122","1","0","0","0","","0","0","0","","",""
"080108","0000","0","185900","186000","186100","187000","187900","188000","188500","188700","189000","189200","185800","185700","185400","185100","185000","184700","184600","184500","183800","183700","124","617","1","5","2","48","20","42","7","3","82","2","4","10","37","31","87","27","20","47","869","347","0","0","0","0","0","-183400","5","-100.00","123","1","0","0","0","","0","0","0","","",""
"080108","0001","0","185900","186000","186100","187000","187900","188000","188500","188700","189000","189200","185800","185700","185400","185100","185000","184700","184600","184500","183800","183700","124","617","1","5","2","48","20","42","7","3","82","2","4","10","37","31","95","27","20","47","869","355","0","0","0","0","0","-183400","5","-100.00","123","0","8","0","0","","0","0","0","","",""
"080109","0000","0","185900","186000","186100","187000","187900","188000","188500","188700","189000","189200","185800","185700","185400","185100","185000","184700","184600","184500","183800","183700","124","617","1","5","2","48","20","42","7","3","82","2","4","10","37","31","95","27","20","57","869","365","0","0","0","0","0","-183400","5","-100.00","123","0","10","0","0","","0","0","0","","",""
"080109","0001","0","186100","187000","187900","188000","188500","188700","189000","189200","189500","189800","186000","185800","185700","185400","185100","185000","184700","184600","184500","183800","1","5","2","48","20","42","7","3","1","4","12","82","2","4","10","37","31","95","27","20","133","320","0","0","0","0","0","-183400","5","-100.00","864","-736","-45","0","0","","0","0","0","","",""
"080110","0000","0","187000","187900","188000","188500","188700","189000","189200","189500","189800","189900","186000","185900","185800","185700","185400","185100","185000","184700","184600","184500","5","2","48","20","42","7","3","1","4","9","11","9","82","2","4","10","37","31","95","27","141","308","0","0","0","0","0","-183400","5","-100.00","866","0","-11","0","0","","0","0","0","","",""
"080111","0000","0","187000","187900","188000","188500","188700","189000","189200","189500","189800","189900","186000","185900","185800","185700","185400","185100","185000","184700","184600","184500","5","2","48","20","42","7","3","1","4","19","11","9","82","2","4","10","37","31","96","27","151","309","0","0","0","0","0","-183400","5","-100.00","866","10","0","0","0","","0","0","0","","",""
"080111","0001","0","187000","187900","188000","188500","188700","189000","189200","189500","189800","189900","186000","185900","185800","185700","185400","185100","185000","184700","184600","184500","5","2","48","20","42","7","3","1","4","19","11","59","82","2","4","10","37","31","96","27","151","359","0","0","0","0","0","-183400","5","-100.00","866","0","50","0","0","","0","0","0","","",""
"080111","0002","0","187000","187900","188000","188500","188700","189000","189200","189500","189800","189900","186000","185900","185800","185700","185400","185100","185000","184700","184600","184500","5","2","48","20","42","7","3","1","5","19","11","59","82","2","4","10","37","31","96","27","152","359","0","0","0","0","0","-183400","5","-100.00","866","1","0","0","0","","0","0","0","","",""
"080112","0000","0","187000","187900","188000","188500","188700","189000","189200","189500","189800","189900","186000","185900","185800","185700","185400","185100","185000","184700","184600","184500","5","2","48","20","42","7","3","1","5","19","11","59","82","2","4","10","37","31","96","28","152","360","0","0","0","0","0","-183400","5","-100.00","866","0","1","0","0","","0","0","0","","",""
"080113","0000","0","187000","187900","188000","188500","188700","189000","189200","189500","189800","189900","186100","186000","185900","185800","185700","185400","185100","185000","184700","184600","5","2","48","20","42","7","3","1","5","19","2","11","59","80","2","4","10","37","32","96","152","333","0","0","0","0","0","-183400","5","-100.00","866","0","-28","0","0","","0","0","0","","",""
"080113","0001","0","187000","187900","188000","188500","188700","189000","189200","189500","189800","189900","186100","186000","185900","185800","185700","185400","185100","185000","184700","184600","5","2","48","20","42","7","3","1","5","19","2","11","59","80","2","4","10","37","32","97","152","334","0","0","0","0","0","-183400","5","-100.00","866","0","1","0","0","","0","0","0","","",""
"080114","0000","0","187000","187900","188000","188500","188700","189000","189200","189500","189800","189900","186100","186000","185900","185800","185700","185400","185100","185000","184700","184600","5","2","48","20","42","7","103","1","5","19","2","11","59","80","2","4","10","37","32","97","252","334","0","0","0","0","0","-183400","5","-100.00","866","100","0","0","0","","0","0","0","","",""
"080115","0000","0","187000","187900","188000","188500","188700","189000","189200","189500","189800","189900","186100","186000","185900","185800","185700","185400","185100","185000","184700","184600","5","2","48","20","42","7","103","1","5","21","2","111","59","80","2","4","10","37","32","97","254","434","0","0","0","0","0","-183400","5","-100.00","866","2","100","0","0","","0","0","0","","",""
"080115","0001","0","187000","187900","188000","188500","188700","189000","189200","189500","189800","189900","186100","186000","185900","185800","185700","185100","185000","184700","184600","184500","5","2","48","20","42","8","103","1","5","21","2","115","59","80","2","10","37","32","97","28","255","462","0","0","0","0","0","-183400","5","-100.00","866","1","28","0","0","","0","0","0","","",""
"080118","0000","0","187000","187900","188000","188500","188700","189000","189200","189500","189800","189900","186100","186000","185900","185800","185700","185100","185000","184700","184600","184500","5","2","48","20","42","8","103","1","5","21","1","115","59","80","2","10","37","32","97","28","255","461","0","0","0","0","0","-183400","5","-100.00","867","0","-1","0","0","","0","0","0","","",""
"080119","0000","0","187000","187900","188000","188500","188700","189000","189200","189500","189800","189900","186100","186000","185900","185800","185700","185100","185000","184700","184600","184500","5","2","48","20","42","8","103","1","5","21","1","115","59","80","2","10","37","32","97","32","255","465","0","0","0","0","0","-183400","5","-100.00","867","0","4","0","0","","0","0","0","","",""
"080119","0001","0","187000","187900","188000","188500","188700","189000","189200","189500","189800","189900","186100","186000","185900","185800","185700","185100","185000","184700","184600","184500","5","2","48","20","42","8","103","1","5","21","2","115","59","79","2","10","37","32","97","32","255","465","0","0","0","0","0","-183400","5","-100.00","867","0","0","0","0","","0","0","0","","",""
"080120","0000","0","187000","187900","188000","188500","188700","189000","189200","189500","189800","189900","186100","186000","185900","185800","185700","185100","185000","184700","184600","184500","5","2","48","20","42","8","103","1","5","21","2","115","59","79","2","11","37","32","97","32","255","466","0","0","0","0","0","-183400","5","-100.00","867","0","1","0","0","","0","0","0","","",""
"080120","0001","0","187900","188000","188500","188700","189000","189200","189500","189800","189900","190000","186100","186000","185900","185800","185700","185100","185000","184700","184600","184500","13","48","20","42","8","103","1","5","21","37","2","115","59","79","2","11","37","32","97","32","298","466","0","0","0","0","0","-183400","5","-100.00","887","43","0","0","0","","0","0","0","","",""
"080121","0000","0","187900","188000","188500","188700","189000","189200","189500","189800","189900","190000","186100","186000","185900","185800","185700","185100","185000","184700","184600","184500","13","48","20","42","8","103","1","5","21","37","3","115","59","79","2","11","37","32","97","32","298","467","0","0","0","0","0","-183400","5","-100.00","887","0","1","0","0","","0","0","0","","",""
"080122","0000","0","187900","188000","188500","188700","189000","189200","189500","189800","189900","190000","186100","186000","185900","185800","185700","185100","185000","184700","184600","184500","2","48","20","42","8","103","1","5","21","37","53","115","59","79","2","11","37","32","97","33","287","518","0","0","0","0","0","-183400","5","-100.00","987","-11","51","0","0","","0","0","0","","",""
"080123","0000","0","187000","187900","188000","188500","188700","189000","189200","189500","189800","189900","186100","186000","185900","185800","185700","185100","185000","184700","184600","184500","1","2","48","20","42","8","103","1","5","21","53","115","59","79","2","11","37","32","97","33","251","518","0","0","0","0","0","-183400","5","-100.00","987","-36","0","0","0","","0","0","0","","",""
"080123","0001","0","187000","187900","188000","188500","188700","189000","189200","189500","189800","189900","186100","186000","185900","185800","185700","185100","185000","184700","184600","184500","1","2","48","20","42","8","103","1","5","21","54","115","59","79","2","11","37","32","97","33","251","519","0","0","0","0","0","-183400","5","-100.00","987","0","1","0","0","","0","0","0","","",""
"080124","0000","0","187000","187900","188000","188500","188700","189000","189200","189500","189800","189900","186100","186000","185900","185800","185700","185100","185000","184700","184600","184500","1","2","48","20","42","8","103","1","5","21","54","115","59","79","2","11","37","37","97","33","251","524","0","0","0","0","0","-183400","5","-100.00","987","0","5","0","0","","0","0","0","","",""
"080124","0001","0","187000","187900","188000","188500","188700","189000","189200","189500","189800","189900","186100","186000","185900","185800","185700","185100","185000","184700","184600","184500","1","2","48","20","42","8","103","1","5","21","54","115","59","79","2","11","37","37","97","33","251","524","0","0","0","0","0","-183400","5","-100.00","997","0","0","0","0","","0","0","0","","",""
"080124","0002","0","187000","187900","188000","188500","188700","189000","189200","189500","189800","189900","186100","186000","185900","185800","185700","185100","185000","184700","184600","184500","1","3","48","20","42","8","103","1","5","21","54","115","59","79","2","11","37","37","97","33","252","524","0","0","0","0","0","-183400","5","-100.00","997","1","0","0","0","","0","0","0","","",""
"080126","0000","0","187900","188000","188500","188700","189000","189200","189500","189800","189900","190000","187000","186100","186000","185900","185800","185700","185100","185000","184700","184600","3","48","20","42","8","103","1","5","21","37","1","101","115","59","79","2","11","37","37","97","288","539","0","0","0","0","0","-183400","5","-100.00","998","36","8","0","0","","0","0","0","","",""
"080126","0001","0","187900","188000","188500","188700","189000","189200","189500","189800","189900","190000","187000","186100","186000","185900","185800","185700","185100","185000","184700","184600","3","48","20","42","8","104","1","5","21","37","1","101","115","59","79","2","11","37","37","97","289","539","0","0","0","0","0","-183400","5","-100.00","998","1","0","0","0","","0","0","0","","",""
"080126","0002","0","187900","188000","188500","188700","189000","189200","189500","189800","189900","190000","187000","186200","186100","186000","185900","185800","185700","185100","185000","184700","3","48","20","42","8","104","1","5","21","37","1","5","101","115","59","74","2","11","37","37","289","442","0","0","0","0","0","-183400","5","-100.00","998","0","-97","0","0","","0","0","0","","",""
"080126","0003","0","187900","188000","188500","188700","189000","189200","189500","189800","189900","190000","187000","186200","186100","186000","185900","185800","185700","185100","185000","184700","3","48","20","42","8","104","1","5","21","37","1","5","102","115","59","74","2","11","37","37","289","443","0","0","0","0","0","-183400","5","-100.00","998","0","1","0","0","","0","0","0","","",""
"080127","0000","0","187900","188000","188500","188700","189000","189200","189500","189800","189900","190000","187000","186200","186100","186000","185900","185800","185700","185100","185000","184700","3","48","20","42","8","104","1","5","21","37","1","5","102","106","59","74","2","11","37","37","289","434","0","0","0","0","0","-183400","5","-100.00","998","0","-9","0","0","","0","0","0","","",""
"080127","0001","0","187900","188000","188500","188700","189000","189200","189500","189800","189900","190000","186200","186100","186000","185900","185800","185700","185100","185000","184700","184600","3","48","20","42","8","104","1","5","21","37","4","102","106","59","74","2","11","37","37","97","289","529","0","0","0","0","0","-183400","5","-100.00","1000","0","95","0","0","","0","0","0","","",""
"080128","0000","0","187900","188000","188500","188700","189000","189200","189500","189800","189900","190000","186200","186100","186000","185900","185800","185700","185100","185000","184700","184600","14","48","20","42","8","104","1","5","21","37","4","102","106","59","74","2","11","32","37","97","300","524","0","0","0","0","0","-183400","5","-100.00","1005","11","-5","0","0","","0","0","0","","",""
"080129","0000","0","187900","188000","188500","188700","189000","189200","189500","189800","189900","190000","186200","186100","186000","185900","185800","185700","185100","185000","184700","184600","14","48","20","42","8","103","1","6","21","37","4","102","106","59","74","2","11","32","37","97","300","524","0","0","0","0","0","-183400","5","-100.00","1005","0","0","0","0","","0","0","0","","",""
"080130","0000","0","187000","187900","188000","188500","188700","189000","189200","189500","189800","189900","186200","186100","186000","185900","185800","185700","185100","185000","184700","184600","3","3","48","20","42","8","103","1","6","21","4","102","106","59","74","2","11","32","37","97","255","524","0","0","0","0","0","-183400","5","-100.00","1005","-45","0","0","0","","0","0","0","","",""
"080130","0001","0","187000","187900","188000","188500","188700","189000","189200","189500","189800","189900","186200","186100","186000","185900","185800","185700","185100","185000","184700","184600","3","5","48","20","42","8","103","1","6","21","4","102","106","59","74","2","11","32","37","97","257","524","0","0","0","0","0","-183400","5","-100.00","1005","2","0","0","0","","0","0","0","","",""
"080131","0000","0","187000","187900","188000","188500","188700","189000","189200","189500","189800","189900","186200","186100","186000","185900","185800","185700","185100","185000","184700","184600","2","5","48","20","42","8","103","1","6","21","4","102","106","59","74","2","11","32","37","97","256","524","0","0","0","0","0","-183400","5","-100.00","1006","-1","0","0","0","","0","0","0","","",""
"080132","0000","0","187900","188000","188500","188700","189000","189200","189500","189800","189900","190000","186200","186100","186000","185900","185800","185700","185100","185000","184700","184600","5","48","20","42","8","103","1","6","21","37","4","102","106","59","74","2","11","32","37","97","291","524","0","0","0","0","0","-183400","5","-100.00","1008","35","0","0","0","","0","0","0","","",""
"080132","0001","0","187000","187900","188000","188500","188700","189000","189200","189500","189800","189900","186200","186100","186000","185900","185800","185700","185100","185000","184700","184600","15","5","58","20","42","8","103","1","6","21","4","102","106","59","74","2","11","32","37","97","279","524","0","0","0","0","0","-183400","5","-100.00","1008","-12","0","0","0","","0","0","0","","",""
"080133","0000","0","187000","187900","188000","188500","188700","189000","189200","189500","189800","189900","186200","186100","186000","185900","185800","185700","185100","185000","184700","184600","45","5","58","20","42","8","103","1","6","21","4","102","106","59","74","2","11","32","37","97","309","524","0","0","0","0","0","-183400","5","-100.00","1008","30","0","0","0","","0","0","0","","",""
"080133","0001","0","187000","187900","188000","188500","188700","189000","189200","189500","189800","189900","186200","186100","186000","185900","185800","185700","185100","185000","184700","184600","44","5","58","20","42","8","103","1","6","21","4","102","106","59","74","2","11","32","37","97","308","524","0","0","0","0","0","-183400","5","-100.00","1009","-1","0","0","0","","0","0","0","","",""
"080135","0000","0","187000","187900","188000","188500","188700","189000","189200","189500","189800","189900","186200","186100","186000","185900","185800","185700","185100","185000","184700","184600","43","5","58","20","42","8","103","1","6","21","204","102","106","59","74","2","11","32","37","97","307","724","0","0","0","0","0","-183400","5","-100.00","1010","0","200","0","0","","0","0","0","","",""
"080135","0001","0","187900","188000","188500","188700","189000","189200","189500","189800","189900","190000","187000","186200","186100","186000","185900","185800","185700","185100","185000","184700","5","58","20","42","8","103","1","6","21","37","8","204","102","106","59","74","2","11","32","37","301","635","0","0","0","0","0","-183400","5","-100.00","1237","0","-10","0","0","","0","0","0","","",""
"080136","0000","0","187900","188000","188500","188700","189000","189200","189500","189800","189900","190000","187000","186200","186100","186000","185900","185800","185700","185100","185000","184700","5","58","20","1","8","103","1","6","62","37","8","204","102","106","59","74","2","11","32","37","301","635","0","0","0","0","0","-183400","5","-100.00","1237","0","0","0","0","","0","0","0","","",""
"080137","0000","0","187900","188000","188500","188700","189000","189200","189500","189800","189900","190000","187000","186200","186100","186000","185900","185800","185700","185100","185000","184700","28","58","20","1","8","103","1","6","62","37","8","204","102","106","59","74","2","11","32","37","324","635","0","0","0","0","0","-183400","5","-100.00","1262","23","0","0","0","","0","0","0","","",""
"080137","0001","0","187900","188000","188500","188700","189000","189200","189500","189800","189900","190000","186200","186100","186000","185900","185800","185700","185100","185000","184700","184600","28","58","20","1","8","103","1","6","62","38","204","102","106","59","74","2","11","32","37","97","325","724","0","0","0","0","0","-183400","5","-100.00","1270","1","89","0","0","","0","0","0","","",""
"080139","0000","0","187900","188000","188500","188700","189000","189200","189500","189800","189900","190000","186200","186100","186000","185900","185800","185700","185100","185000","184700","184600","20","58","20","1","8","103","1","6","62","38","194","102","106","59","74","2","11","32","37","97","317","714","0","0","0","0","0","-183400","5","-100.00","1280","-8","-10","0","0","","0","0","0","","",""
"080139","0001","0","187900","188000","188500","188700","189000","189200","189500","189800","189900","190000","186300","186200","186100","186000","185900","185800","185700","185100","185000","184700","20","58","20","1","8","103","1","6","62","38","1","194","102","106","59","74","2","11","32","37","317","618","0","0","0","0","0","-183400","5","-100.00","1280","0","-96","0","0","","0","0","0","","",""
"080140","0000","0","187900","188000","188500","188700","189000","189200","189500","189800","189900","190000","186300","186200","186100","186000","185900","185800","185700","185100","185000","184700","28","58","20","1","8","103","1","6","62","38","1","194","102","106","59","74","2","11","32","37","325","618","0","0","0","0","0","-183400","5","-100.00","1282","8","0","0","0","","0","0","0","","",""
"080141","0000","0","187900","188000","188500","188700","189000","189200","189500","189800","189900","190000","186300","186200","186100","186000","185900","185800","185700","185100","185000","184700","48","58","20","1","8","103","1","6","62","38","1","194","102","107","59","74","2","11","32","37","345","619","0","0","0","0","0","-183400","5","-100.00","1282","20","0","0","0","","0","0","0","","",""
"080141","0001","0","187900","188000","188500","188700","189000","189200","189500","189800","189900","190000","186300","186200","186100","186000","185900","185800","185700","185100","185000","184700","48","58","20","1","8","103","1","6","62","38","1","194","102","107","62","74","2","11","32","37","345","622","0","0","0","0","0","-183400","5","-100.00","1282","0","3","0","0","","0","0","0","","",""
"080141","0002","0","187000","187900","188000","188500","188700","189000","189200","189500","189800","189900","186300","186200","186100","186000","185900","185800","185700","185100","185000","184700","100","40","58","20","1","8","103","1","6","62","1","194","102","107","62","74","2","11","32","37","399","622","0","0","0","0","0","-183400","5","-100.00","1282","54","0","0","0","","0","0","0","","",""
"080142","0000","0","187000","187900","188000","188500","188700","189000","189200","189500","189800","189900","186300","186200","186100","186000","185900","185800","185700","185100","185000","184700","100","41","58","20","1","8","103","1","6","62","1","194","102","107","62","74","2","11","32","37","400","622","0","0","0","0","0","-183400","5","-100.00","1282","1","0","0","0","","0","0","0","","",""
"080142","0001","0","187000","187900","188000","188500","188700","189000","189200","189500","189800","189900","186300","186200","186100","186000","185900","185800","185700","185100","185000","184700","100","41","58","20","1","8","104","1","6","62","1","194","102","107","62","74","2","11","32","37","401","622","0","0","0","0","0","-183400","5","-100.00","1282","1","0","0","0","","0","0","0","","",""
"080142","0002","0","187000","187100","187900","188000","188500","188700","189000","189200","189500","189800","186300","186200","186100","186000","185900","185800","185700","185100","185000","184700","77","1","41","58","20","1","8","104","1","6","1","194","102","107","62","74","2","11","32","37","317","622","0","0","0","0","0","-183400","5","-100.00","1305","-61","0","0","0","","0","0","0","","",""
"080143","0000","0","187000","187100","187900","188000","188500","188700","189000","189200","189500","189800","186300","186200","186100","186000","185900","185800","185700","185100","185000","184700","77","1","41","58","20","1","8","104","91","6","1","194","102","107","62","74","2","11","32","37","407","622","0","0","0","0","0","-183400","5","-100.00","1305","90","0","0","0","","0","0","0","","",""
"080143","0001","0","187000","187100","187900","188000","188500","188700","189000","189200","189500","189800","186300","186200","186100","186000","185900","185800","185700","185100","185000","184700","77","1","41","58","20","1","8","104","91","6","31","194","102","107","62","74","2","11","32","37","407","652","0","0","0","0","0","-183400","5","-100.00","1305","0","30","0","0","","0","0","0","","",""
"080143","0002","0","187000","187100","187900","188000","188500","188700","189000","189200","189500","189800","186300","186200","186100","186000","185900","185800","185700","185100","185000","184700","77","1","41","58","20","1","8","104","91","6","31","194","62","107","62","74","2","11","32","37","407","612","0","0","0","0","0","-183400","5","-100.00","1305","0","-40","0","0","","0","0","0","","",""
"080145","0000","0","187000","187100","187900","188000","188500","188700","189000","189200","189500","189800","186300","186200","186100","186000","185900","185800","185700","185100","185000","184700","77","1","41","58","20","1","8","104","91","6","31","194","62","107","62","74","2","11","33","36","407","612","0","0","0","0","0","-183400","5","-100.00","1305","0","0","0","0","","0","0","0","","",""
"080146","0000","0","187000","187100","187900","188000","188500","188700","188800","189000","189200","189500","186300","186200","186100","186000","185900","185800","185700","185100","185000","184700","77","1","41","58","20","1","2","8","104","91","31","194","62","107","62","74","2","11","33","36","403","612","0","0","0","0","0","-183400","5","-100.00","1305","-4","0","0","0","","0","0","0","","",""
"080146","0001","0","187000","187100","187900","188000","188500","188700","188800","189000","189200","189500","186300","186200","186100","186000","185900","185800","185700","185100","185000","184700","82","1","41","58","20","1","2","8","104","91","31","194","62","107","62","74","2","11","33","36","408","612","0","0","0","0","0","-183400","5","-100.00","1305","5","0","0","0","","0","0","0","","",""
"080146","0002","0","187000","187100","187900","188000","188500","188700","188800","189000","189200","189500","186300","186200","186100","186000","185900","185800","185700","185600","185100","185000","82","1","41","58","20","1","2","8","104","91","31","194","62","107","62","74","2","3","11","33","408","579","0","0","0","0","0","-183400","5","-100.00","1305","0","-33","0","0","","0","0","0","","",""
"080148","0000","0","187000","187100","187900","188000","188500","188700","188800","188900","189000","189200","186300","186200","186100","186000","185900","185800","185700","185600","185100","185000","86","1","41","58","20","1","2","4","8","104","31","194","62","107","62","74","2","3","11","33","325","579","0","0","0","0","0","-183400","5","-100.00","1305","4","0","0","0","","0","0","0","","",""
"080148","0001","0","187000","187100","187300","187900","188000","188500","188700","188800","188900","189000","186300","186200","186100","186000","185900","185800","185700","185600","185100","185000","86","1","1","41","58","20","1","2","4","8","31","194","62","107","62","74","2","3","11","33","222","579","0","0","0","0","0","-183400","5","-100.00","1305","-103","0","0","0","","0","0","0","","",""
"080148","0002","0","187000","187100","187300","187900","188000","188500","188700","188800","188900","189000","186300","186200","186100","186000","185900","185800","185700","185600","185100","185000","109","1","1","41","58","20","1","2","4","8","31","194","62","107","62","74","2","3","11","33","245","579","0","0","0","0","0","-183400","5","-100.00","1305","23","0","0","0","","0","0","0","","",""
"080149","0000","0","187000","187100","187300","187900","188000","188500","188700","188800","188900","189000","186300","186200","186100","186000","185900","185800","185700","185600","185100","185000","109","1","1","41","59","20","1","2","4","8","31","194","62","107","62","74","2","3","11","33","246","579","0","0","0","0","0","-183400","5","-100.00","1305","1","0","0","0","","0","0","0","","",""
"080149","0001","0","187000","187100","187300","187800","187900","188000","188500","188700","188800","188900","186300","186200","186100","186000","185900","185800","185700","185600","185100","185000","109","1","1","1","40","59","20","1","2","4","31","194","62","107","62","74","2","3","11","33","238","579","0","0","0","0","0","-183400","5","-100.00","1305","-8","0","0","0","","0","0","0","","",""
"080149","0002","0","187000","187100","187300","187800","187900","188000","188500","188700","188800","188900","186300","186200","186100","186000","185900","185800","185700","185600","185100","185000","108","1","1","1","40","59","20","1","2","4","31","194","62","107","62","74","2","3","11","33","237","579","0","0","0","0","0","-183400","5","-100.00","1306","-1","0","0","0","","0","0","0","","",""
"080149","0003","0","187000","187100","187300","187800","187900","188000","188500","188700","188800","188900","186300","186200","186100","186000","185900","185800","185700","185600","185100","185000","108","1","1","2","40","59","20","1","2","4","31","194","62","107","62","74","2","3","11","33","238","579","0","0","0","0","0","-183400","5","-100.00","1306","1","0","0","0","","0","0","0","","",""
"080150","0000","0","187000","187100","187300","187800","187900","188000","188500","188700","188800","188900","186300","186200","186100","186000","185900","185800","185700","185600","185100","185000","109","1","1","2","40","59","20","1","2","4","31","194","62","107","62","74","2","3","11","33","239","579","0","0","0","0","0","-183400","5","-100.00","1306","1","0","0","0","","0","0","0","","",""
"080150","0001","0","187000","187100","187300","187800","187900","188000","188500","188700","188800","188900","186300","186200","186100","186000","185900","185800","185700","185600","185100","185000","129","1","1","2","40","59","20","1","2","4","31","194","62","107","62","74","2","3","11","33","259","579","0","0","0","0","0","-183400","5","-100.00","1306","20","0","0","0","","0","0","0","","",""
"080150","0002","0","187000","187100","187300","187800","187900","188000","188500","188700","188800","188900","186300","186200","186100","186000","185900","185800","185700","185600","185100","185000","129","1","1","2","41","59","20","1","2","4","71","194","62","107","62","74","2","3","11","33","260","619","0","0","0","0","0","-183400","5","-100.00","1306","1","40","0","0","","0","0","0","","",""
"080151","0000","0","187000","187100","187300","187800","187900","188000","188500","188700","188800","188900","186300","186200","186100","186000","185900","185800","185700","185600","185100","185000","129","1","1","2","41","59","20","1","2","4","71","194","62","107","62","74","2","3","11","33","260","619","0","0","0","0","0","-183400","5","-100.00","1306","0","0","0","0","","0","0","0","","",""
"080152","0000","0","187000","187100","187300","187500","187800","187900","188000","188500","188700","188800","186300","186200","186100","186000","185900","185800","185700","185600","185100","185000","129","21","1","1","2","21","59","20","1","2","71","194","62","107","62","74","2","3","11","33","257","619","0","0","0","0","0","-183400","5","-100.00","1306","-3","0","0","0","","0","0","0","","",""
"080152","0001","0","186900","187000","187100","187300","187500","187800","187900","188000","188500","188700","186300","186200","186100","186000","185900","185800","185700","185600","185100","185000","35","129","21","1","1","2","21","59","20","1","71","194","62","107","62","74","2","3","11","33","290","619","0","0","0","0","0","-183400","5","-100.00","1306","33","0","0","0","","0","0","0","","",""
"080153","0000","0","186900","187000","187100","187300","187500","187800","187900","188000","188500","188700","186300","186200","186100","186000","185900","185800","185700","185600","185100","185000","35","129","21","1","1","2","21","59","20","1","71","194","62","107","53","74","2","3","11","33","290","610","0","0","0","0","0","-183400","5","-100.00","1306","0","-9","0","0","","0","0","0","","",""
"080153","0001","0","186900","187000","187100","187300","187500","187800","187900","188000","188500","188700","186300","186200","186100","186000","185900","185800","185700","185600","185200","185100","35","159","21","1","1","2","21","59","20","1","71","194","62","107","53","74","2","3","50","11","320","627","0","0","0","0","0","-183400","5","-100.00","1306","0","17","0","0","","0","0","0","","",""
"080153","0002","0","186900","187000","187100","187300","187500","187800","187900","188000","188500","188700","186300","186200","186100","186000","185900","185800","185700","185600","185200","185100","35","159","21","1","1","2","21","59","20","1","71","194","62","107","53","74","4","3","50","11","320","629","0","0","0","0","0","-183400","5","-100.00","1306","0","2","0","0","","0","0","0","","",""
"080154","0000","0","186900","187000","187100","187300","187500","187800","187900","188000","188500","188700","186300","186200","186100","186000","185900","185800","185700","185600","185200","185100","35","159","21","1","1","2","21","59","20","1","71","194","62","107","53","74","4","3","50","11","320","629","0","0","0","0","0","-183400","5","-100.00","1306","0","0","0","0","","0","0","0","","",""
"080154","0001","0","186900","187000","187100","187300","187500","187800","187900","188000","188500","188700","186300","186200","186100","186000","185900","185800","185700","185600","185200","185100","10","164","21","1","1","2","21","59","20","1","71","194","62","107","53","74","4","3","50","11","300","629","0","0","0","0","0","-183400","5","-100.00","1331","-20","0","0","0","","0","0","0","","",""
"080155","0000","0","186900","187000","187100","187300","187500","187800","187900","188000","188500","188700","186300","186200","186100","186000","185900","185800","185700","185600","185200","185100","10","164","21","1","1","2","21","59","20","1","71","194","62","107","53","74","4","3","50","11","300","629","0","0","0","0","0","-183400","5","-100.00","1331","0","0","0","0","","0","0","0","","",""
"080155","0001","0","186900","187000","187100","187300","187500","187800","187900","188000","188500","188700","186300","186200","186100","186000","185900","185800","185700","185600","185200","185100","10","164","21","1","1","2","21","59","20","1","71","194","62","157","53","74","4","3","50","11","300","679","0","0","0","0","0","-183400","5","-100.00","1331","0","50","0","0","","0","0","0","","",""
"080156","0000","0","186900","187000","187100","187300","187500","187800","187900","188000","188500","188700","186300","186200","186100","186000","185900","185800","185700","185600","185200","185100","11","164","21","1","1","2","21","59","20","1","75","194","62","157","53","74","4","3","50","11","301","683","0","0","0","0","0","-183400","5","-100.00","1331","1","4","0","0","","0","0","0","","",""
"080156","0001","0","186900","187000","187100","187300","187500","187800","187900","188000","188500","188700","186300","186200","186100","186000","185900","185800","185700","185600","185200","185100","13","164","21","1","1","2","21","59","20","1","75","194","62","167","53","74","4","3","50","11","303","693","0","0","0","0","0","-183400","5","-100.00","1331","0","10","0","0","","0","0","0","","",""
"080157","0000","0","186900","187000","187100","187300","187500","187800","187900","188000","188500","188700","186300","186200","186100","186000","185900","185800","185700","185600","185200","185100","13","184","21","1","1","2","21","59","20","1","75","194","62","167","53","74","4","3","50","11","323","693","0","0","0","0","0","-183400","5","-100.00","1331","20","0","0","0","","0","0","0","","",""
"080157","0001","0","186900","187000","187100","187300","187500","187800","187900","188000","188500","188700","186300","186200","186100","186000","185900","185800","185700","185600","185200","185100","13","184","21","1","1","9","21","59","20","1","75","194","62","167","53","74","4","3","50","11","330","693","0","0","0","0","0","-183400","5","-100.00","1331","7","0","0","0","","0","0","0","","",""
"080158","0000","0","186900","187000","187100","187300","187500","187800","187900","188000","188500","188700","186300","186200","186100","186000","185900","185800","185700","185600","185200","185100","15","184","21","1","1","9","21","59","20","1","75","194","62","167","53","74","4","3","50","11","332","693","0","0","0","0","0","-183400","5","-100.00","1331","2","0","0","0","","0","0","0","","",""
"080158","0001","0","186900","187000","187100","187300","187500","187800","187900","188000","188500","188700","186300","186200","186100","186000","185900","185800","185700","185600","185200","185100","15","190","21","1","1","9","21","59","20","1","75","194","62","167","53","74","4","3","50","11","338","693","0","0","0","0","0","-183400","5","-100.00","1331","6","0","0","0","","0","0","0","","",""
"080159","0000","0","186900","187000","187100","187300","187500","187800","187900","188000","188500","188700","186300","186200","186100","186000","185900","185800","185700","185600","185200","185100","15","193","21","1","1","9","21","59","20","1","75","194","62","167","53","74","4","3","50","11","341","693","0","0","0","0","0","-183400","5","-100.00","1331","3","0","0","0","","0","0","0","","",""
"080159","0001","0","186900","187000","187100","187300","187500","187800","187900","188000","188500","188700","186300","186200","186100","186000","185900","185800","185700","185600","185200","185100","12","193","21","1","1","9","21","59","20","1","75","194","62","167","53","74","4","3","50","11","338","693","0","0","0","0","0","-183400","5","-100.00","1334","-3","0","0","0","","0","0","0","","",""
"080159","0002","0","186900","187000","187100","187300","187500","187800","187900","188000","188500","188700","186400","186300","186200","186100","186000","185900","185800","185700","185600","185200","12","193","21","1","1","9","21","59","20","1","30","75","194","62","167","53","74","4","3","50","338","712","0","0","0","0","0","-183400","5","-100.00","1334","0","19","0","0","","0","0","0","","",""
"080200","0000","0","186900","187000","187100","187300","187500","187800","187900","188000","188500","188700","186400","186300","186200","186100","186000","185900","185800","185700","185600","185200","12","193","21","1","1","9","21","59","20","1","30","75","194","62","167","53","74","4","3","50","338","712","0","0","0","0","0","-183400","5","-100.00","1334","0","0","0","0","","0","0","0","","",""
"080201","0000","0","186900","187000","187100","187300","187500","187800","187900","188000","188500","188700","186400","186300","186200","186100","186000","185900","185800","185700","185600","185200","11","193","21","1","1","9","21","59","20","1","30","80","194","62","167","53","74","4","3","50","337","717","0","0","0","0","0","-183400","5","-100.00","1335","-1","5","0","0","","0","0","0","","",""
"080202","0000","0","186700","186900","187000","187100","187300","187500","187800","187900","188000","188500","186400","186300","186200","186100","186000","185900","185800","185700","185600","185200","1","11","193","21","1","1","9","21","59","20","30","80","194","62","167","53","74","4","3","50","337","717","0","0","0","0","0","-183400","5","-100.00","1335","0","0","0","0","","0","0","0","","",""
"080202","0001","0","186900","187000","187100","187300","187500","187800","187900","188000","188500","188700","186400","186300","186200","186100","186000","185900","185800","185700","185600","185200","7","193","21","1","1","9","21","59","20","1","30","80","194","62","167","53","74","4","3","50","333","717","0","0","0","0","0","-183400","5","-100.00","1340","-4","0","0","0","","0","0","0","","",""
"080203","0000","0","186900","187000","187100","187300","187500","187800","187900","188000","188500","188700","186400","186300","186200","186100","186000","185900","185800","185700","185600","185200","22","193","21","1","1","9","21","59","20","1","30","80","194","62","167","53","74","4","3","50","348","717","0","0","0","0","0","-183400","5","-100.00","1340","15","0","0","0","","0","0","0","","",""
"080204","0000","0","186900","187000","187100","187300","187500","187800","187900","188000","188500","188700","186400","186300","186200","186100","186000","185900","185800","185700","185600","185200","27","193","21","1","1","9","21","61","20","1","30","80","194","62","167","53","74","4","3","50","355","717","0","0","0","0","0","-183400","5","-100.00","1340","7","0","0","0","","0","0","0","","",""
"080204","0001","0","186900","187000","187100","187300","187500","187800","187900","188000","188500","188700","186400","186300","186200","186100","186000","185900","185800","185700","185600","185200","28","193","21","1","1","9","21","61","20","1","30","80","194","62","167","53","74","4","3","50","356","717","0","0","0","0","0","-183400","5","-100.00","1340","1","0","0","0","","0","0","0","","",""
"080205","0000","0","186900","187000","187100","187300","187500","187800","187900","188000","188500","188700","186400","186300","186200","186100","186000","185900","185800","185700","185600","185200","78","193","21","1","1","9","21","61","20","1","30","80","194","62","167","53","74","4","3","50","406","717","0","0","0","0","0","-183400","5","-100.00","1340","50","0","0","0","","0","0","0","","",""
"080205","0001","0","186900","187000","187100","187300","187500","187800","187900","188000","188500","188700","186400","186300","186200","186100","186000","185900","185800","185700","185600","185200","78","193","21","1","1","9","21","61","20","1","31","80","194","62","167","53","74","4","3","50","406","718","0","0","0","0","0","-183400","5","-100.00","1340","0","1","0","0","","0","0","0","","",""
"080206","0000","0","186900","187000","187100","187300","187500","187800","187900","188000","188500","188700","186400","186300","186200","186100","186000","185900","185800","185700","185600","185200","83","188","21","1","1","9","21","61","20","1","28","80","195","62","167","53","74","4","3","50","406","716","0","0","0","0","0","-183400","5","-100.00","1343","0","0","0","0","","0","0","0","","",""
"080206","0001","0","186900","187000","187100","187300","187500","187800","187900","188000","188500","188700","186400","186300","186200","186100","186000","185900","185800","185700","185600","185200","79","188","21","1","1","9","21","61","20","1","30","80","195","62","167","53","74","4","3","50","402","718","0","0","0","0","0","-183400","5","-100.00","1347","-1","0","0","0","","0","0","0","","",""
"080209","0000","0","186900","187000","187100","187300","187500","187800","187900","188000","188500","188700","186400","186300","186200","186100","186000","185900","185800","185700","185600","185200","77","188","21","1","1","9","21","61","20","1","30","80","195","62","167","53","74","4","3","50","400","718","0","0","0","0","0","-183400","5","-100.00","1349","-2","0","0","0","","0","0","0","","",""
"080209","0001","0","186900","187000","187100","187300","187500","187800","187900","188000","188500","188700","186400","186300","186200","186100","186000","185900","185800","185700","185600","185200","77","188","21","1","1","9","21","61","20","1","30","80","194","62","167","54","74","4","3","50","400","718","0","0","0","0","0","-183400","5","-100.00","1349","0","0","0","0","","0","0","0","","",""
"080209","0002","0","186900","187000","187100","187300","187500","187800","187900","188000","188500","188700","186400","186300","186200","186100","186000","185900","185800","185700","185600","185200","67","188","21","1","1","9","21","61","20","1","30","80","194","62","167","54","74","4","3","50","390","718","0","0","0","0","0","-183400","5","-100.00","1359","-10","0","0","0","","0","0","0","","",""
"080210","0000","0","186900","187000","187100","187300","187500","187800","187900","188000","188500","188700","186400","186300","186200","186100","186000","185900","185800","185700","185600","185200","71","188","21","1","1","9","21","61","20","1","30","80","194","62","167","54","74","4","3","50","394","718","0","0","0","0","0","-183400","5","-100.00","1359","3","0","0","0","","0","0","0","","",""
"080210","0001","0","186900","187000","187100","187300","187500","187800","187900","188000","188500","188700","186400","186300","186200","186100","186000","185900","185800","185700","185600","185200","87","188","21","1","1","9","21","61","20","1","30","80","194","62","167","54","74","4","3","50","410","718","0","0","0","0","0","-183400","5","-100.00","1394","16","0","0","0","","0","0","0","","",""
"080210","0002","0","186900","187000","187100","187300","187500","187800","187900","188000","188500","188700","186400","186300","186200","186100","186000","185900","185800","185700","185600","185200","87","188","21","1","21","9","21","61","20","1","30","80","194","62","171","54","74","4","3","50","430","722","0","0","0","0","0","-183400","5","-100.00","1394","20","4","0","0","","0","0","0","","",""
"080211","0000","0","186900","187000","187100","187300","187500","187800","187900","188000","188500","188700","186500","186400","186300","186200","186100","186000","185900","185800","185700","185600","87","188","21","1","21","9","21","61","20","1","20","30","80","194","62","171","54","74","4","3","430","692","0","0","0","0","0","-183400","5","-100.00","1394","0","-30","0","0","","0","0","0","","",""
"080212","0000","0","186900","187000","187100","187300","187500","187800","187900","188000","188500","188700","186700","186500","186400","186300","186200","186100","186000","185900","185800","185700","87","188","21","1","21","9","21","61","20","1","1","20","30","80","194","62","171","54","74","4","430","690","0","0","0","0","0","-183400","5","-100.00","1394","0","-2","0","0","","0","0","0","","",""
"080212","0001","0","186900","187000","187100","187300","187500","187800","187900","188000","188500","188700","186700","186500","186400","186300","186200","186100","186000","185900","185800","185700","87","188","21","1","21","9","21","61","20","1","1","24","30","80","194","62","167","54","74","4","430","690","0","0","0","0","0","-183400","5","-100.00","1394","0","0","0","0","","0","0","0","","",""
"080213","0000","0","186800","186900","187000","187100","187300","187500","187800","187900","188000","188500","186700","186500","186400","186300","186200","186100","186000","185900","185800","185700","76","87","112","21","1","21","9","21","61","20","1","24","30","80","194","62","167","54","74","4","429","690","0","0","0","0","0","-183400","5","-100.00","1394","-1","0","0","0","","0","0","0","","",""
"080213","0001","0","186800","186900","187000","187100","187300","187500","187800","187900","188000","188500","186700","186500","186400","186300","186200","186100","186000","185900","185800","185700","75","87","112","21","1","21","9","21","61","20","1","24","30","80","194","62","167","54","74","4","428","690","0","0","0","0","0","-183400","5","-100.00","1395","-1","0","0","0","","0","0","0","","",""
"080214","0000","0","186800","186900","187000","187100","187300","187500","187800","187900","188000","188500","186700","186500","186400","186300","186200","186100","186000","185900","185800","185700","75","87","113","21","1","21","9","21","61","20","1","24","30","80","194","62","167","54","74","4","429","690","0","0","0","0","0","-183400","5","-100.00","1395","1","0","0","0","","0","0","0","","",""
"080214","0001","0","186800","186900","187000","187100","187300","187500","187800","187900","188000","188500","186700","186500","186400","186300","186200","186100","186000","185900","185800","185700","75","87","123","21","1","21","9","21","61","20","1","24","30","80","194","62","167","54","74","4","439","690","0","0","0","0","0","-183400","5","-100.00","1395","10","0","0","0","","0","0","0","","",""
"080216","0000","0","186800","186900","187000","187100","187300","187500","187800","187900","188000","188500","186700","186500","186400","186300","186200","186100","186000","185900","185800","185700","77","87","123","21","1","21","9","21","61","20","1","24","30","80","194","62","167","54","74","4","441","690","0","0","0","0","0","-183400","5","-100.00","1395","2","0","0","0","","0","0","0","","",""
"080216","0001","0","186800","186900","187000","187100","187300","187500","187800","187900","188000","188500","186700","186500","186400","186300","186200","186100","186000","185900","185800","185700","77","87","123","21","1","21","9","22","61","20","1","24","30","80","194","62","167","54","74","4","442","690","0","0","0","0","0","-183400","5","-100.00","1395","1","0","0","0","","0","0","0","","",""
"080216","0002","0","186800","186900","187000","187100","187300","187500","187800","187900","188000","188500","186700","186500","186400","186300","186200","186100","186000","185900","185800","185700","79","84","123","21","1","21","9","22","61","20","1","24","30","80","194","62","167","54","74","4","441","690","0","0","0","0","0","-183400","5","-100.00","1396","-1","0","0","0","","0","0","0","","",""
"080216","0003","0","186800","186900","187000","187100","187300","187500","187800","187900","188000","188500","186700","186500","186400","186300","186200","186100","186000","185900","185800","185700","79","85","123","21","1","21","9","22","61","20","1","24","30","80","194","62","167","54","74","4","442","690","0","0","0","0","0","-183400","5","-100.00","1396","1","0","0","0","","0","0","0","","",""
"080217","0000","0","186800","186900","187000","187100","187300","187500","187800","187900","188000","188500","186500","186400","186300","186200","186100","186000","185900","185800","185700","185600","80","85","123","21","1","21","9","22","61","20","24","30","80","194","62","167","54","74","4","3","443","692","0","0","0","0","0","-183400","5","-100.00","1397","1","2","0","0","","0","0","0","","",""
"080217","0001","0","186800","186900","187000","187100","187300","187500","187800","187900","188000","188500","186500","186400","186300","186200","186100","186000","185900","185800","185700","185600","81","85","123","21","1","21","9","21","61","20","24","30","80","194","62","167","54","74","4","3","443","692","0","0","0","0","0","-183400","5","-100.00","1397","0","0","0","0","","0","0","0","","",""
"080217","0002","0","186800","186900","187000","187100","187300","187500","187800","187900","188000","188500","186500","186400","186300","186200","186100","186000","185900","185800","185700","185600","81","85","123","21","1","21","9","21","81","20","24","30","80","194","62","167","54","34","4","3","463","652","0","0","0","0","0","-183400","5","-100.00","1397","0","-40","0","0","","0","0","0","","",""
"080218","0000","0","186700","186800","186900","187000","187100","187300","187500","187800","187900","188000","186400","186300","186200","186100","186000","185900","185800","185700","185600","185200","50","81","85","123","21","1","21","9","21","81","30","80","194","62","169","54","34","4","3","50","493","680","0","0","0","0","0","-183400","5","-100.00","1421","30","28","0","0","","0","0","0","","",""
"080219","0000","0","186700","186800","186900","187000","187100","187300","187500","187800","187900","188000","186400","186300","186200","186100","186000","185900","185800","185700","185600","185200","67","81","85","123","21","1","21","9","21","81","30","80","194","62","169","54","34","4","3","50","510","680","0","0","0","0","0","-183400","5","-100.00","1427","17","0","0","0","","0","0","0","","",""
"080219","0001","0","186700","186800","186900","187000","187100","187300","187500","187800","187900","188000","186400","186300","186200","186100","186000","185900","185800","185700","185600","185200","68","81","85","123","21","1","21","9","21","81","30","80","194","62","169","54","34","4","3","50","511","680","0","0","0","0","0","-183400","5","-100.00","1427","1","0","0","0","","0","0","0","","",""
"080221","0000","0","186500","186600","186700","186800","186900","187000","187100","187300","187500","187800","186300","186200","186100","186000","185900","185800","185700","185600","185200","185100","28","1","45","81","85","123","21","1","21","9","80","194","62","169","54","34","4","3","50","11","415","661","0","0","0","0","0","-183400","5","-100.00","1457","-96","-19","0","0","","0","0","0","","",""
"080222","0000","0","186400","186600","186700","186800","186900","187000","187100","187300","187500","187800","186300","186200","186100","186000","185900","185800","185700","185600","185200","185100","23","24","47","81","85","123","21","1","21","9","80","194","62","169","54","34","4","3","50","11","435","661","0","0","0","0","0","-183400","5","-100.00","1477","1","0","0","0","","0","0","0","","",""
