"time","millisec","HOUR_CLS_CODE","ASKP1","ASKP2","ASKP3","ASKP4","ASKP5","ASKP6","ASKP7","ASKP8","ASKP9","ASKP10","BIDP1","BIDP2","BIDP3","BIDP4","BIDP5","BIDP6","BIDP7","BIDP8","BIDP9","BIDP10","ASKP_RSQN1","ASKP_RSQN2","ASKP_RSQN3","ASKP_RSQN4","ASKP_RSQN5","ASKP_RSQN6","ASKP_RSQN7","ASKP_RSQN8","ASKP_RSQN9","ASKP_RSQN10","BIDP_RSQN1","BIDP_RSQN2","BIDP_RSQN3","BIDP_RSQN4","BIDP_RSQN5","BIDP_RSQN6","BIDP_RSQN7","BIDP_RSQN8","BIDP_RSQN9","BIDP_RSQN10","TOTAL_ASKP_RSQN","TOTAL_BIDP_RSQN","OVTM_TOTAL_ASKP_RSQN","OVTM_TOTAL_BIDP_RSQN","ANTC_CNPR","ANTC_CNQN","ANTC_VOL","ANTC_CNTG_VRSS","ANTC_CNTG_VRSS_SIGN","ANTC_CNTG_PRDY_CTRT","ACML_VOL","TOTAL_ASKP_RSQN_ICDC","TOTAL_BIDP_RSQN_ICDC","OVTM_TOTAL_ASKP_ICDC","OVTM_TOTAL_BIDP_ICDC","STCK_DEAL_CLS_CODE","KMID_PRC","KMID_TOTAL_RSQN","KMID_CLS_CODE","NMID_PRC","NMID_TOTAL_RSQN","NMID_CLS_CODE"
"080000","0000","0","385500","390000","449500","459500","479000","0","0","0","0","0","360000","352000","0","0","0","0","0","0","0","0","10","2","1","1","70","0","0","0","0","0","1","20","0","0","0","0","0","0","0","0","84","21","0","0","0","0","0","-368500","5","-100.00","0","0","0","0","0","","0","0","0","","",""
"080000","0001","0","379500","380500","382000","382500","385000","385500","386000","387000","388000","389000","375500","375000","365000","360500","360000","358500","355000","352000","350000","320000","12","192","10","20","1","10","1","2","2","2","18","60","10","10","11","100","10","20","1","10","252","250","0","0","0","0","0","-368500","5","-100.00","2","168","229","0","0","","0","0","0","","",""
"080001","0000","0","378500","379000","379500","380000","380500","381500","382000","382500","383000","385000","375500","375000","371000","368500","365000","360500","360000","359000","358500","355500","1","83","14","100","192","1","10","20","20","1","17","60","30","46","110","10","11","11","100","1","442","396","0","0","0","0","0","-368500","5","-100.00","3","190","146","0","0","","0","0","0","","",""
"080001","0001","0","378500","379000","379500","380000","380500","381000","381500","382000","382500","383000","375500","375000","371000","368500","366000","365000","364500","362500","361000","360500","1","83","14","290","192","20","1","10","20","20","54","60","30","46","40","113","3","3","10","10","651","369","0","0","0","0","0","-368500","5","-100.00","6","209","-27","0","0","","0","0","0","","",""
"080001","0002","0","376000","378000","378500","379000","379500","380000","380500","381000","381500","382000","375500","375000","371000","368500","366000","365000","364500","362500","361000","360500","108","2","1","83","14","290","192","20","1","10","36","60","60","46","40","113","3","3","10","14","721","385","0","0","0","0","0","-368500","5","-100.00","31","70","16","0","0","","0","0","0","","",""
"080002","0000","0","376000","378000","378500","379000","379500","380000","380500","381000","381500","382000","375500","375000","373500","371000","368500","366000","365000","364500","362500","361000","108","2","1","83","14","290","192","20","1","11","23","60","72","60","47","40","113","3","3","10","722","431","0","0","0","0","0","-368500","5","-100.00","44","1","46","0","0","","0","0","0","","",""
"080002","0001","0","376000","378000","378500","379000","379500","380000","380500","381000","381500","382000","375500","375000","374500","374000","373500","371000","368500","366000","365000","364500","108","2","1","83","14","290","196","20","1","11","18","60","23","42","72","60","47","40","113","3","726","478","0","0","0","0","0","-368500","5","-100.00","49","4","47","0","0","","0","0","0","","",""
"080003","0000","0","376000","378000","378500","379000","379500","380000","380500","381000","381500","382000","375500","375000","374500","374000","373500","371000","368500","366000","365000","364500","100","2","21","83","14","290","196","20","1","11","17","74","23","42","72","60","47","40","113","3","738","491","0","0","0","0","0","-368500","5","-100.00","67","12","13","0","0","","0","0","0","","",""
"080003","0001","0","375500","376000","378000","378500","379000","379500","380000","380500","381000","381500","375000","374500","374000","373500","371000","368500","366000","365000","364500","362500","6","100","2","21","83","14","290","196","20","1","74","23","42","72","60","47","40","113","3","3","733","477","0","0","0","0","0","-368500","5","-100.00","84","-5","-14","0","0","","0","0","0","","",""
"080004","0000","0","375500","376000","377000","378000","378500","379000","379500","380000","380500","381000","375000","374500","374000","373500","371000","368500","366000","365000","364500","362500","6","100","4","2","21","83","14","290","196","20","74","23","42","72","60","47","40","113","3","3","736","477","0","0","0","0","0","-368500","5","-100.00","84","3","0","0","0","","0","0","0","","",""
"080005","0000","0","375500","376000","377000","378000","378500","379000","379500","380000","380500","381000","375000","374500","374000","373500","371000","368500","366000","365000","364500","362500","1","100","4","2","21","83","14","290","196","20","74","23","42","72","60","47","40","113","3","3","731","477","0","0","0","0","0","-368500","5","-100.00","89","-5","0","0","0","","0","0","0","","",""
"080005","0001","0","375500","376000","377000","378000","378500","379000","379500","380000","380500","381000","375000","374500","374000","373500","371000","368500","366000","365000","364500","362500","1","101","4","2","21","83","14","290","196","20","74","23","42","72","60","47","40","113","3","3","732","477","0","0","0","0","0","-368500","5","-100.00","89","1","0","0","0","","0","0","0","","",""
"080005","0002","0","375500","376000","377000","378000","378500","379000","379500","380000","380500","381000","375000","374500","374000","373500","371000","368500","366000","365000","364500","362500","1","101","4","2","21","83","14","290","196","20","74","23","42","72","60","47","40","115","3","3","732","479","0","0","0","0","0","-368500","5","-100.00","89","0","2","0","0","","0","0","0","","",""
"080005","0003","0","375500","376000","377000","378000","378500","379000","379500","380000","380500","381000","375000","374500","374000","373500","371000","368500","366000","365000","364500","362500","1","103","4","2","21","83","14","290","196","20","74","23","42","72","60","47","40","115","3","3","734","479","0","0","0","0","0","-368500","5","-100.00","89","2","0","0","0","","0","0","0","","",""
"080006","0000","0","375500","376000","377000","378000","378500","379000","379500","380000","380500","381000","375000","374500","374000","373500","371000","370000","368500","366000","365000","364500","1","103","4","2","21","83","14","290","196","20","74","23","42","72","60","10","47","40","115","3","734","486","0","0","0","0","0","-368500","5","-100.00","89","0","7","0","0","","0","0","0","","",""
"080006","0001","0","375500","376000","377000","378000","378500","379000","379500","380000","380500","381000","375000","374500","374000","373500","371000","370000","368500","366000","365000","364500","1","103","4","2","26","83","14","290","196","20","74","23","42","72","60","10","47","40","115","3","739","486","0","0","0","0","0","-368500","5","-100.00","89","5","0","0","0","","0","0","0","","",""
"080006","0002","0","375500","376000","377000","378000","378500","379000","379500","380000","380500","381000","375000","374500","374000","373500","371000","370000","368500","366000","365000","364500","1","103","4","2","26","83","14","290","196","20","74","23","42","72","60","10","51","40","115","3","739","490","0","0","0","0","0","-368500","5","-100.00","89","0","4","0","0","","0","0","0","","",""
"080007","0000","0","375500","376000","377000","377500","378000","378500","379000","379500","380000","380500","375000","374500","374000","373500","371000","370000","368500","366000","365000","364500","6","103","4","4","2","26","83","14","290","196","74","23","42","72","60","10","51","40","115","3","728","490","0","0","0","0","0","-368500","5","-100.00","89","5","0","0","0","","0","0","0","","",""
"080007","0001","0","375500","376000","377000","377500","378000","378500","379000","379500","380000","380500","375000","374500","374000","373500","371000","370000","368500","366000","365000","364500","6","103","4","4","2","26","83","16","290","196","74","23","42","72","60","10","56","40","115","3","730","495","0","0","0","0","0","-368500","5","-100.00","89","0","5","0","0","","0","0","0","","",""
"080008","0000","0","375500","376000","377000","377500","378000","378500","379000","379500","380000","380500","375000","374500","374000","373500","371000","370000","368500","366000","365000","364500","1","103","4","4","2","26","83","16","290","196","74","23","42","72","60","10","56","40","115","3","725","495","0","0","0","0","0","-368500","5","-100.00","94","-5","0","0","0","","0","0","0","","",""
"080008","0001","0","375500","376000","377000","377500","378000","378500","379000","379500","380000","380500","375000","374500","374000","373500","371000","370000","368500","366000","365000","364500","1","103","4","4","2","26","83","16","290","196","74","23","42","72","60","10","56","40","115","5","725","497","0","0","0","0","0","-368500","5","-100.00","94","0","2","0","0","","0","0","0","","",""
"080009","0000","0","375500","376000","377000","377500","378000","378500","379000","379500","380000","380500","375000","374500","374000","373500","371000","370000","368500","366000","365000","364500","1","103","4","4","2","26","83","16","290","196","74","23","42","72","60","20","56","40","115","5","725","507","0","0","0","0","0","-368500","5","-100.00","94","0","10","0","0","","0","0","0","","",""
"080009","0001","0","375500","376000","377000","377500","378000","378500","379000","379500","380000","380500","375000","374500","374000","373500","371000","370000","368500","366000","365000","364500","1","103","4","4","6","26","83","16","290","196","74","23","42","72","90","20","56","40","115","5","729","537","0","0","0","0","0","-368500","5","-100.00","94","4","30","0","0","","0","0","0","","",""
"080009","0002","0","375500","376000","377000","377500","378000","378500","379000","379500","380000","380500","375000","374500","374000","373500","371000","370000","368500","366500","366000","365000","1","103","4","4","6","26","83","17","290","196","74","23","42","72","90","20","56","1","40","115","730","533","0","0","0","0","0","-368500","5","-100.00","94","1","0","0","0","","0","0","0","","",""
"080009","0003","0","375500","376000","377000","377500","378000","378500","379000","379500","380000","380500","375000","374500","374000","373500","371000","370000","368500","366500","366000","365000","3","103","4","4","6","26","83","17","290","196","74","23","42","72","90","20","66","1","40","115","732","543","0","0","0","0","0","-368500","5","-100.00","94","2","10","0","0","","0","0","0","","",""
"080009","0004","0","375500","376000","377000","377500","378000","378500","379000","379500","380000","380500","375000","374500","374000","373500","371000","370000","368500","366500","366000","365000","3","103","4","4","6","26","84","17","290","196","74","23","42","72","90","20","66","1","40","115","733","543","0","0","0","0","0","-368500","5","-100.00","94","1","0","0","0","","0","0","0","","",""
"080009","0005","0","375500","376000","377000","377500","378000","378500","379000","379500","380000","380500","375000","374500","374000","373500","371000","370000","368500","366500","366000","365000","3","103","4","4","6","26","84","17","290","196","73","23","42","72","90","20","66","1","40","115","733","542","0","0","0","0","0","-368500","5","-100.00","95","0","-1","0","0","","0","0","0","","",""
"080010","0000","0","375500","376000","377000","377500","378000","378500","379000","379500","380000","380500","375000","374500","374000","373500","371000","370000","368500","366500","366000","365000","3","103","4","4","26","26","84","17","290","196","172","23","42","72","90","20","66","1","40","115","753","641","0","0","0","0","0","-368500","5","-100.00","96","20","99","0","0","","0","0","0","","",""
"080010","0001","0","375500","376000","377000","377500","378000","378500","379000","379500","380000","380500","375000","374500","374000","373500","371000","370000","368500","366500","366000","365000","5","103","4","4","26","26","84","17","304","196","172","23","42","72","90","20","66","1","40","116","769","642","0","0","0","0","0","-368500","5","-100.00","96","16","1","0","0","","0","0","0","","",""
"080010","0002","0","375500","376000","377000","377500","378000","378500","379000","379500","380000","380500","375000","374500","374000","373500","371500","371000","370000","368500","368000","366500","5","103","4","4","26","26","84","17","304","196","172","23","42","72","1","90","20","66","2","1","769","489","0","0","0","0","0","-368500","5","-100.00","96","0","-153","0","0","","0","0","0","","",""
"080010","0003","0","375500","376000","377000","377500","378000","378500","379000","379500","380000","380500","375000","374500","374000","373500","371500","371000","370000","368500","368000","366500","5","103","4","4","26","26","84","17","304","196","172","23","42","72","1","90","20","68","2","1","769","491","0","0","0","0","0","-368500","5","-100.00","96","0","2","0","0","","0","0","0","","",""
"080011","0000","0","375500","376000","377000","377500","378000","378500","379000","379500","380000","380500","375000","374500","374000","373500","371500","371000","370000","368500","368000","366500","505","103","4","4","26","26","84","17","304","196","102","23","42","72","1","90","20","68","2","1","1269","421","0","0","0","0","0","-368500","5","-100.00","166","500","-70","0","0","","0","0","0","","",""
"080011","0001","0","375500","376000","377000","377500","378000","378500","379000","379500","380000","380500","375000","374500","374000","373500","371500","371000","370000","368500","368000","366500","505","103","4","4","26","30","84","17","304","196","102","23","42","72","1","90","20","68","2","1","1273","421","0","0","0","0","0","-368500","5","-100.00","166","4","0","0","0","","0","0","0","","",""
"080011","0002","0","375500","376000","377000","377500","378000","378500","379000","379500","380000","380500","375000","374500","374000","373500","371500","371000","370000","368500","368000","366500","495","103","4","4","26","30","84","17","304","196","102","23","42","72","1","90","20","68","2","1","1263","421","0","0","0","0","0","-368500","5","-100.00","176","-10","0","0","0","","0","0","0","","",""
"080012","0000","0","375500","376000","377000","377500","378000","378500","379000","379500","380000","380500","374500","374000","373500","371500","371000","370000","368500","368000","366500","366000","505","103","4","4","26","30","84","17","304","196","15","42","72","1","90","20","68","2","1","40","1273","351","0","0","0","0","0","-368500","5","-100.00","286","10","0","0","0","","0","0","0","","",""
"080012","0001","0","375500","376000","377000","377500","378000","378500","379000","379500","380000","380500","374500","374000","373500","371500","371000","370000","368500","368000","366500","366000","507","103","4","4","26","30","84","17","324","196","15","42","72","1","90","20","68","2","1","45","1295","356","0","0","0","0","0","-368500","5","-100.00","286","2","0","0","0","","0","0","0","","",""
"080012","0002","0","375500","376000","377000","377500","378000","378500","379000","379500","380000","380500","374500","374000","373500","371500","371000","370000","368500","368000","366500","366000","806","103","4","4","26","30","84","17","324","196","15","42","72","1","90","20","68","2","1","45","1594","356","0","0","0","0","0","-368500","5","-100.00","287","-1","0","0","0","","0","0","0","","",""
"080013","0000","0","375500","376000","377000","377500","378000","378500","379000","379500","380000","380500","374500","374000","373500","371500","371000","370000","368500","368000","366500","366000","808","103","4","4","26","30","84","17","324","196","15","42","72","1","90","20","68","2","1","45","1596","356","0","0","0","0","0","-368500","5","-100.00","287","2","0","0","0","","0","0","0","","",""
"080013","0001","0","375500","376000","377000","377500","378000","378500","379000","379500","380000","380500","374500","374000","373500","371500","371000","370000","369000","368500","368000","366500","803","103","4","4","26","30","84","17","324","196","15","42","72","6","90","20","10","68","2","1","1591","326","0","0","0","0","0","-368500","5","-100.00","292","-5","-30","0","0","","0","0","0","","",""
"080013","0002","0","375500","376000","377000","377500","378000","378500","379000","379500","380000","380500","374500","374000","373500","371500","371000","370000","369000","368500","368000","366500","814","103","4","4","26","30","84","17","324","196","15","42","72","6","90","20","10","68","2","1","1602","326","0","0","0","0","0","-368500","5","-100.00","292","11","0","0","0","","0","0","0","","",""
"080013","0003","0","375500","376000","377000","377500","378000","378500","379000","379500","380000","380500","374500","374000","373500","371500","371000","370000","369000","368500","368000","366500","816","103","4","4","26","30","88","17","324","196","16","42","72","6","90","20","10","68","2","1","1608","327","0","0","0","0","0","-368500","5","-100.00","292","6","1","0","0","","0","0","0","","",""
"080014","0000","0","375500","376000","376500","377000","377500","378000","378500","379000","379500","380000","374500","374000","373500","371500","371000","370000","369000","368500","368000","366500","816","103","1","4","4","26","31","88","17","324","16","42","72","6","90","20","10","68","2","1","1414","327","0","0","0","0","0","-368500","5","-100.00","292","-194","0","0","0","","0","0","0","","",""
"080014","0001","0","375500","376000","376500","377000","377500","378000","378500","379000","379500","380000","375000","374500","374000","373500","371500","371000","370000","369000","368500","368000","816","103","1","4","4","26","31","88","17","324","22","16","42","72","6","90","20","10","68","2","1414","348","0","0","0","0","0","-368500","5","-100.00","295","321","21","0","0","","0","0","0","","",""
"080014","0002","0","375500","376000","376500","377000","377500","378000","378500","379000","379500","380000","375000","374500","374000","373500","371500","371000","370000","369000","368500","368000","817","103","1","4","4","26","31","88","17","324","22","16","42","72","6","90","20","10","68","2","1415","348","0","0","0","0","0","-368500","5","-100.00","295","1","0","0","0","","0","0","0","","",""
"080014","0003","0","375500","376000","376500","377000","377500","378000","378500","379000","379500","380000","375000","374500","374000","373500","371500","371000","370000","369000","368500","368000","815","103","1","4","4","27","31","88","17","324","22","16","42","72","6","90","20","10","68","2","1414","348","0","0","0","0","0","-368500","5","-100.00","297","-1","0","0","0","","0","0","0","","",""
"080015","0000","0","375500","376000","376500","377000","377500","378000","378500","379000","379500","380000","375000","374500","374000","373500","371500","371000","370000","369000","368500","368000","815","244","1","4","4","27","31","88","17","324","22","16","42","72","6","90","20","10","68","2","1555","348","0","0","0","0","0","-368500","5","-100.00","297","141","0","0","0","","0","0","0","","",""
"080015","0001","0","375500","376000","376500","377000","377500","378000","378500","379000","379500","380000","375000","374500","374000","373500","371500","371000","370000","369000","368500","368000","817","244","1","4","4","27","31","88","17","324","22","16","42","72","7","90","20","10","68","2","1557","349","0","0","0","0","0","-368500","5","-100.00","297","2","1","0","0","","0","0","0","","",""
"080015","0002","0","375500","376000","376500","377000","377500","378000","378500","379000","379500","380000","375000","374500","374000","373500","371500","371000","370000","369000","368500","368000","817","244","1","4","4","27","33","88","17","324","20","16","42","72","7","90","20","10","68","2","1559","347","0","0","0","0","0","-368500","5","-100.00","299","2","-2","0","0","","0","0","0","","",""
"080015","0003","0","375500","376000","376500","377000","377500","378000","378500","379000","379500","380000","374500","374000","373500","371500","371000","370000","369000","368500","368000","366500","817","244","1","4","4","27","13","88","17","324","16","42","72","7","90","20","10","68","2","1","1539","328","0","0","0","0","0","-368500","5","-100.00","319","-20","-19","0","0","","0","0","0","","",""
"080016","0000","0","375500","376000","376500","377000","377500","378000","378500","379000","379500","380000","374500","374000","373500","371500","371000","370000","369000","368500","368000","366500","817","244","1","4","4","49","13","88","21","324","16","42","72","7","90","20","10","68","2","1","1565","328","0","0","0","0","0","-368500","5","-100.00","319","22","0","0","0","","0","0","0","","",""
"080016","0001","0","375500","376000","376500","377000","377500","378000","378500","379000","379500","380000","374500","374000","373500","371500","371000","370000","369000","368500","368000","366500","827","245","1","4","4","49","13","88","21","324","16","42","72","7","90","20","10","68","2","1","1576","328","0","0","0","0","0","-368500","5","-100.00","319","11","0","0","0","","0","0","0","","",""
"080016","0002","0","375500","376000","376500","377000","377500","378000","378500","379000","379500","380000","375000","374500","374000","373500","371500","371000","370000","369000","368500","368000","827","245","2","4","4","49","13","88","21","324","20","16","42","72","7","90","20","10","68","2","1577","347","0","0","0","0","0","-368500","5","-100.00","319","0","19","0","0","","0","0","0","","",""
"080016","0003","0","375500","376000","376500","377000","377500","378000","378500","379000","379500","380000","375000","374500","374000","373500","371500","371000","370000","369000","368500","368000","827","245","2","4","4","49","13","88","21","324","19","16","42","72","7","90","20","10","68","2","1577","346","0","0","0","0","0","-368500","5","-100.00","320","0","-1","0","0","","0","0","0","","",""
"080017","0000","0","375500","376000","376500","377000","377500","378000","378500","379000","379500","380000","375000","374500","374000","373500","371500","371000","370000","369000","368500","368000","837","245","3","4","4","49","13","88","21","324","19","16","42","72","7","90","20","10","68","2","1588","346","0","0","0","0","0","-368500","5","-100.00","320","11","0","0","0","","0","0","0","","",""
"080017","0001","0","375500","376000","376500","377000","377500","378000","378500","379000","379500","380000","375000","374500","374000","373500","371500","371000","370000","369000","368500","368000","847","245","3","4","4","49","13","5","21","324","19","16","42","72","7","90","20","10","68","2","1515","346","0","0","0","0","0","-368500","5","-100.00","320","-73","0","0","0","","0","0","0","","",""
"080018","0000","0","375000","375500","376000","376500","377000","377500","378000","378500","379000","379500","374500","374000","373500","371500","371000","370000","369000","368500","368000","366500","81","847","245","3","4","4","49","13","5","21","16","42","72","7","90","20","10","68","2","1","1272","328","0","0","0","0","0","-368500","5","-100.00","339","-243","-18","0","0","","0","0","0","","",""
"080018","0001","0","375000","375500","376000","376500","377000","377500","378000","378500","379000","379500","374500","374000","373500","372000","371500","371000","370000","369000","368500","368000","81","847","245","3","4","4","49","13","5","21","16","42","72","3","7","90","20","11","68","2","1272","331","0","0","0","0","0","-368500","5","-100.00","339","0","3","0","0","","0","0","0","","",""
"080018","0002","0","375000","375500","376000","376500","377000","377500","378000","378500","379000","379500","374500","374000","373500","372000","371500","371000","370000","369000","368500","368000","81","847","245","3","4","4","49","13","5","21","6","42","72","3","7","90","20","11","68","2","1272","321","0","0","0","0","0","-368500","5","-100.00","349","0","-10","0","0","","0","0","0","","",""
"080018","0003","0","375000","375500","376000","376500","377000","377500","378000","378500","379000","379500","374500","374000","373500","372000","371500","371000","370000","369000","368500","368000","81","847","250","3","4","4","54","13","5","21","6","42","72","3","7","90","20","11","68","2","1282","321","0","0","0","0","0","-368500","5","-100.00","349","10","0","0","0","","0","0","0","","",""
"080019","0000","0","375000","375500","376000","376500","377000","377500","378000","378500","379000","379500","374500","374000","373500","372000","371500","371000","370000","369000","368500","368000","81","847","250","3","4","4","56","13","5","21","6","42","72","3","7","90","20","11","68","2","1284","321","0","0","0","0","0","-368500","5","-100.00","349","2","0","0","0","","0","0","0","","",""
"080019","0001","0","374500","375000","375500","376000","376500","377000","377500","378000","378500","379000","374000","373500","372000","371500","371000","370000","369000","368500","368000","367000","7","81","847","250","3","4","4","56","13","5","42","72","3","7","90","20","11","68","2","1","1270","316","0","0","0","0","0","-368500","5","-100.00","355","-14","-5","0","0","","0","0","0","","",""
"080019","0002","0","374000","375000","375500","376000","376500","377000","377500","378000","378500","379000","373500","372000","371500","371000","370000","369000","368500","368000","367000","366500","8","78","847","250","3","4","4","56","13","5","72","3","7","90","20","11","76","2","1","1","1268","283","0","0","0","0","0","-368500","5","-100.00","407","-13","-41","0","0","","0","0","0","","",""
"080020","0000","0","375000","375500","376000","376500","377000","377500","378000","378500","379000","379500","374500","373500","372000","371500","371000","370000","369000","368500","368000","367000","78","847","250","3","4","4","56","13","5","21","12","72","3","7","90","20","11","76","2","1","1281","294","0","0","0","0","0","-368500","5","-100.00","415","13","11","0","0","","0","0","0","","",""
"080020","0001","0","375000","375500","376000","376500","377000","377500","378000","378500","379000","379500","374500","373500","372000","371500","371000","370000","369000","368500","368000","367000","67","846","250","3","4","4","56","13","5","21","11","72","3","7","90","20","11","76","2","1","1269","293","0","0","0","0","0","-368500","5","-100.00","427","-12","-1","0","0","","0","0","0","","",""
"080020","0002","0","375000","375500","376000","376500","377000","377500","378000","378500","379000","379500","374500","373500","372000","371500","371000","370000","369000","368500","368000","367000","67","846","250","3","4","4","56","13","5","21","21","72","3","7","90","20","11","76","2","1","1269","303","0","0","0","0","0","-368500","5","-100.00","427","0","10","0","0","","0","0","0","","",""
"080020","0003","0","375000","375500","376000","376500","377000","377500","378000","378500","379000","379500","374500","373500","372000","371500","371000","370000","369000","368500","368000","367000","67","848","250","3","4","4","56","13","5","21","21","72","3","7","90","20","11","76","2","1","1271","303","0","0","0","0","0","-368500","5","-100.00","427","2","0","0","0","","0","0","0","","",""
"080021","0000","0","375000","375500","376000","376500","377000","377500","378000","378500","379000","379500","374500","373500","372000","371500","371000","370000","369000","368500","368000","367000","67","848","250","3","4","4","56","13","5","21","19","87","3","7","90","20","11","76","2","1","1271","316","0","0","0","0","0","-368500","5","-100.00","429","0","13","0","0","","0","0","0","","",""
"080021","0001","0","375000","375500","376000","376500","377000","377500","378000","378500","379000","379500","374500","373500","372000","371500","371000","370000","369000","368500","368000","367000","67","848","250","3","4","4","56","13","5","21","17","87","3","7","90","20","11","76","2","1","1271","314","0","0","0","0","0","-368500","5","-100.00","431","0","-2","0","0","","0","0","0","","",""
"080021","0002","0","375000","375500","376000","376500","377000","377500","378000","378500","379000","379500","374500","373500","372000","371500","371000","370000","369000","368500","368000","367000","67","848","250","3","4","4","56","13","6","21","17","87","3","7","90","20","11","76","2","1","1272","314","0","0","0","0","0","-368500","5","-100.00","431","1","0","0","0","","0","0","0","","",""
"080021","0003","0","375000","375500","376000","376500","377000","377500","378000","378500","379000","379500","374500","373500","372000","371500","371000","370000","369000","368500","368000","367000","67","848","250","3","4","4","56","13","6","22","17","87","3","7","90","20","11","76","2","1","1273","314","0","0","0","0","0","-368500","5","-100.00","431","1","0","0","0","","0","0","0","","",""
"080021","0004","0","375000","375500","376000","376500","377000","377500","378000","378500","379000","379500","374500","373500","372000","371500","371000","370000","369000","368500","368000","367000","80","848","250","3","4","4","56","13","6","22","16","87","3","7","90","20","11","76","2","1","1286","313","0","0","0","0","0","-368500","5","-100.00","432","13","-1","0","0","","0","0","0","","",""
"080022","0000","0","375000","375500","376000","376500","377000","377500","378000","378500","379000","379500","374500","373500","372000","371500","371000","370000","369000","368500","368000","367000","80","848","250","3","4","4","56","13","6","22","6","87","3","7","90","20","13","76","2","1","1286","305","0","0","0","0","0","-368500","5","-100.00","442","0","-8","0","0","","0","0","0","","",""
"080022","0001","0","375000","375500","376000","376500","377000","377500","378000","378500","379000","379500","374500","373500","372000","371500","371000","370000","369000","368500","368000","367000","75","858","250","3","4","4","56","13","6","22","6","87","3","7","90","21","13","77","2","2","1291","308","0","0","0","0","0","-368500","5","-100.00","447","-5","3","0","0","","0","0","0","","",""
"080022","0002","0","375000","375500","376000","376500","377000","377500","378000","378500","379000","379500","374500","373500","372000","371500","371000","370000","369000","368500","368000","367000","75","856","250","3","4","4","56","13","6","22","7","87","3","7","90","21","13","77","2","2","1289","309","0","0","0","0","0","-368500","5","-100.00","447","-2","1","0","0","","0","0","0","","",""
"080022","0003","0","375000","375500","376000","376500","377000","377500","378000","378500","379000","379500","374500","374000","373500","372000","371500","371000","370000","369000","368500","368000","74","856","250","3","4","4","56","13","6","22","7","20","87","3","7","95","21","13","77","2","1288","332","0","0","0","0","0","-368500","5","-100.00","448","-1","0","0","0","","0","0","0","","",""
"080023","0000","0","375000","375500","376000","376500","377000","377500","378000","378500","379000","379500","374500","374000","373500","372000","371500","371000","370000","369000","368500","368000","75","856","251","3","4","5","56","13","7","22","5","20","87","3","7","95","21","13","77","2","1292","330","0","0","0","0","0","-368500","5","-100.00","450","2","0","0","0","","0","0","0","","",""
"080023","0001","0","375000","375500","376000","376500","377000","377500","378000","378500","379000","379500","374500","374000","373500","372000","371500","371000","370000","369000","368500","368000","75","856","251","3","4","5","56","13","7","22","5","20","87","3","7","95","22","13","77","2","1292","331","0","0","0","0","0","-368500","5","-100.00","450","0","1","0","0","","0","0","0","","",""
"080023","0002","0","375000","375500","376000","376500","377000","377500","378000","378500","379000","379500","374500","374000","373500","372000","371500","371000","370000","369000","368500","368000","75","856","251","3","4","5","56","13","7","22","5","20","87","3","7","95","22","13","77","2","1292","331","0","0","0","0","0","-368500","5","-100.00","450","0","0","0","0","","0","0","0","","",""
"080023","0003","0","375000","375500","376000","376500","377000","377500","378000","378500","379000","379500","374500","374000","373500","372000","371500","371000","370000","369000","368500","368000","75","856","251","3","4","5","56","13","7","22","5","20","87","3","7","95","22","15","77","2","1292","333","0","0","0","0","0","-368500","5","-100.00","450","0","2","0","0","","0","0","0","","",""
"080024","0000","0","375000","375500","376000","376500","377000","377500","378000","378500","379000","379500","374500","374000","373500","372000","371500","371000","370000","369000","368500","368000","89","856","251","3","4","5","56","13","7","22","5","20","87","3","7","95","22","15","77","2","1306","333","0","0","0","0","0","-368500","5","-100.00","450","14","0","0","0","","0","0","0","","",""
"080024","0001","0","375000","375500","376000","376500","377000","377500","378000","378500","379000","379500","374500","374000","373500","372000","371500","371000","370000","369000","368500","368000","61","854","251","3","4","5","56","13","7","22","5","20","87","3","7","95","22","15","77","2","1276","333","0","0","0","0","0","-368500","5","-100.00","480","-2","0","0","0","","0","0","0","","",""
"080024","0002","0","375500","376000","376500","377000","377500","378000","378500","379000","379500","380000","375000","374500","374000","373500","372000","371500","371000","370000","369000","368500","854","251","3","4","5","56","13","7","22","336","39","5","20","87","3","7","95","22","15","77","1551","370","0","0","0","0","0","-368500","5","-100.00","541","275","37","0","0","","0","0","0","","",""
"080025","0000","0","375500","376000","376500","377000","377500","378000","378500","379000","379500","380000","375000","374500","374000","373500","372000","371500","371000","370000","369000","368500","854","251","3","4","204","56","13","7","22","336","39","5","20","87","3","7","95","22","15","77","1750","370","0","0","0","0","0","-368500","5","-100.00","541","199","0","0","0","","0","0","0","","",""
"080025","0001","0","375500","376000","376500","377000","377500","378000","378500","379000","379500","380000","375000","374500","374000","373500","372000","371500","371000","370000","369000","368500","854","251","3","4","204","56","13","7","22","336","39","5","20","87","3","7","95","22","15","97","1750","390","0","0","0","0","0","-368500","5","-100.00","541","0","20","0","0","","0","0","0","","",""
"080026","0000","0","375500","376000","376500","377000","377500","378000","378500","379000","379500","380000","375000","374500","374000","373500","372000","371500","371000","370000","369000","368500","854","251","13","4","204","56","13","7","22","336","39","5","20","87","3","7","95","22","15","97","1760","390","0","0","0","0","0","-368500","5","-100.00","541","10","0","0","0","","0","0","0","","",""
"080026","0001","0","375500","376000","376500","377000","377500","378000","378500","379000","379500","380000","375000","374500","374000","373500","372000","371500","371000","370000","369000","368500","854","251","13","4","204","56","13","9","22","336","24","5","20","87","3","7","95","22","15","97","1762","375","0","0","0","0","0","-368500","5","-100.00","556","2","-15","0","0","","0","0","0","","",""
"080027","0000","0","375500","376000","376500","377000","377500","378000","378500","379000","379500","380000","375000","374500","374000","373500","372000","371500","371000","370000","369000","368500","844","251","13","4","204","56","13","9","22","336","23","5","20","87","3","7","95","22","15","97","1752","374","0","0","0","0","0","-368500","5","-100.00","557","-10","-1","0","0","","0","0","0","","",""
"080027","0001","0","375500","376000","376500","377000","377500","378000","378500","379000","379500","380000","375000","374500","374000","373500","372000","371500","371000","370000","369000","368500","719","251","13","4","204","56","13","9","22","338","23","6","20","87","3","7","95","22","15","97","1629","375","0","0","0","0","0","-368500","5","-100.00","682","-125","0","0","0","","0","0","0","","",""
"080028","0000","0","375500","376000","376500","377000","377500","378000","378500","379000","379500","380000","375000","374500","374000","373500","372000","371500","371000","370000","369000","368500","719","251","13","4","204","56","13","9","22","338","33","6","20","87","3","7","95","22","15","97","1629","385","0","0","0","0","0","-368500","5","-100.00","682","0","10","0","0","","0","0","0","","",""
"080028","0001","0","375000","375500","376000","376500","377000","377500","378000","378500","379000","379500","374500","374000","373500","372000","371500","371000","370000","369000","368500","368000","67","719","151","13","4","204","56","13","9","22","14","20","87","3","7","95","22","15","97","4","1258","364","0","0","0","0","0","-368500","5","-100.00","715","0","8","0","0","","0","0","0","","",""
"080028","0002","0","375000","375500","376000","376500","377000","377500","378000","378500","379000","379500","374500","374000","373500","372000","371500","371000","370000","369000","368500","368000","69","719","151","13","4","204","56","13","9","22","14","20","87","3","7","95","22","15","97","4","1260","364","0","0","0","0","0","-368500","5","-100.00","715","2","0","0","0","","0","0","0","","",""
"080028","0003","0","375000","375500","376000","376500","377000","377500","378000","378500","379000","379500","374500","374000","373500","372000","371500","371000","370000","369000","368500","368000","22","719","151","13","4","204","56","13","9","22","14","20","87","3","7","95","22","15","97","4","1213","364","0","0","0","0","0","-368500","5","-100.00","762","-1","0","0","0","","0","0","0","","",""
"080028","0004","0","375000","375500","376000","376500","377000","377500","378000","378500","379000","379500","374500","374000","373500","372000","371500","371000","370000","369000","368500","368000","22","719","151","13","4","204","56","13","9","22","14","21","87","3","7","95","22","15","97","4","1213","365","0","0","0","0","0","-368500","5","-100.00","762","0","1","0","0","","0","0","0","","",""
"080029","0000","0","375000","375500","376000","376500","377000","377500","378000","378500","379000","379500","374500","374000","373500","372000","371500","371000","370000","369000","368500","368000","22","719","151","13","4","206","56","13","9","22","14","21","87","3","7","95","22","15","97","4","1215","365","0","0","0","0","0","-368500","5","-100.00","762","2","0","0","0","","0","0","0","","",""
"080029","0001","0","375000","375500","376000","376500","377000","377500","378000","378500","379000","379500","374500","374000","373500","372000","371500","371000","370000","369000","368500","368000","23","721","151","13","4","206","56","13","9","22","14","21","87","3","7","95","22","15","97","4","1218","365","0","0","0","0","0","-368500","5","-100.00","762","3","0","0","0","","0","0","0","","",""
"080029","0002","0","375000","375500","376000","376500","377000","377500","378000","378500","379000","379500","374500","374000","373500","372000","371500","371000","370000","369000","368500","368000","23","721","151","13","4","206","56","13","9","25","14","21","87","13","7","95","22","15","97","4","1221","375","0","0","0","0","0","-368500","5","-100.00","762","0","10","0","0","","0","0","0","","",""
"080030","0000","0","375000","375500","376000","376500","377000","377500","378000","378500","379000","379500","374500","374000","373500","372000","371500","371000","370000","369000","368500","368000","23","761","151","13","4","206","56","13","9","25","14","21","87","13","7","95","22","15","97","4","1261","375","0","0","0","0","0","-368500","5","-100.00","762","40","0","0","0","","0","0","0","","",""
"080030","0001","0","375000","375500","376000","376500","377000","377500","378000","378500","379000","379500","374500","374000","373500","372000","371500","371000","370000","369000","368500","368000","23","761","152","13","4","206","56","13","9","25","14","21","87","13","7","95","22","15","97","4","1262","375","0","0","0","0","0","-368500","5","-100.00","762","1","0","0","0","","0","0","0","","",""
"080030","0002","0","375000","375500","376000","376500","377000","377500","378000","378500","379000","379500","374500","374000","373500","372000","371500","371000","370000","369000","368500","368000","385","399","152","13","4","206","56","13","9","25","12","21","87","13","7","95","22","15","97","4","1262","373","0","0","0","0","0","-368500","5","-100.00","764","0","-2","0","0","","0","0","0","","",""
"080030","0003","0","375000","375500","376000","376500","377000","377500","378000","378500","379000","379500","374500","374000","373500","372000","371500","371000","370000","369000","368500","368000","385","399","152","13","4","206","56","13","9","25","12","21","87","13","7","95","22","15","100","4","1262","376","0","0","0","0","0","-368500","5","-100.00","764","0","3","0","0","","0","0","0","","",""
"080030","0004","0","375000","375500","376000","376500","377000","377500","378000","378500","379000","379500","374500","374000","373500","372000","371500","371000","370000","369000","368500","368000","385","399","152","13","4","206","56","13","9","25","10","21","87","13","7","95","22","15","100","4","1262","374","0","0","0","0","0","-368500","5","-100.00","766","0","-2","0","0","","0","0","0","","",""
"080031","0000","0","374500","375000","375500","376000","376500","377000","377500","378000","378500","379000","374000","373500","372000","371500","371000","370000","369000","368500","368000","367000","40","395","399","152","13","4","206","56","13","9","21","87","13","7","95","22","15","100","4","60","1287","424","0","0","0","0","0","-368500","5","-100.00","776","25","50","0","0","","0","0","0","","",""
"080031","0001","0","374500","375000","375500","376000","376500","377000","377500","378000","378500","379000","374000","373500","372000","371500","371000","370000","369000","368500","368000","367000","40","395","389","152","13","4","206","56","13","9","21","87","13","7","95","22","15","100","4","60","1277","424","0","0","0","0","0","-368500","5","-100.00","776","-10","0","0","0","","0","0","0","","",""
"080032","0000","0","374500","375000","375500","376000","376500","377000","377500","378000","378500","379000","374000","373500","372000","371500","371000","370000","369000","368500","368000","367000","39","400","389","152","14","4","206","76","13","9","21","87","13","7","95","22","15","100","4","60","1302","424","0","0","0","0","0","-368500","5","-100.00","777","20","0","0","0","","0","0","0","","",""
"080032","0001","0","374500","375000","375500","376000","376500","377000","377500","378000","378500","379000","374000","373500","372000","371500","371000","370000","369000","368500","368000","367000","39","400","389","152","14","4","206","76","20","9","21","87","13","7","95","22","15","100","4","60","1309","424","0","0","0","0","0","-368500","5","-100.00","777","7","0","0","0","","0","0","0","","",""
"080032","0002","0","374500","375000","375500","376000","376500","377000","377500","378000","378500","379000","374000","373500","372000","371500","371000","370000","369000","368500","368000","367000","39","400","389","152","15","4","206","76","20","9","21","87","13","7","95","22","15","100","4","60","1310","424","0","0","0","0","0","-368500","5","-100.00","777","1","0","0","0","","0","0","0","","",""
"080033","0000","0","374500","375000","375500","376000","376500","377000","377500","378000","378500","379000","374000","373500","372000","371500","371000","370000","369000","368500","368000","367000","39","400","389","152","15","4","206","76","20","10","21","87","13","7","95","22","15","100","4","60","1311","424","0","0","0","0","0","-368500","5","-100.00","777","1","0","0","0","","0","0","0","","",""
"080033","0001","0","374500","375000","375500","376000","376500","377000","377500","378000","378500","379000","374000","373500","372000","371500","371000","370000","369000","368500","368000","367000","39","400","389","152","15","4","206","76","21","10","21","87","13","7","95","22","15","100","4","60","1312","424","0","0","0","0","0","-368500","5","-100.00","782","-5","0","0","0","","0","0","0","","",""
"080033","0002","0","374500","375000","375500","376000","376500","377000","377500","378000","378500","379000","374000","373500","372000","371500","371000","370000","369000","368500","368000","367000","38","400","389","152","15","4","206","76","21","10","21","87","13","7","95","22","15","100","4","60","1311","424","0","0","0","0","0","-368500","5","-100.00","783","-1","0","0","0","","0","0","0","","",""
"080033","0003","0","374500","375000","375500","376000","376500","377000","377500","378000","378500","379000","374000","373500","372000","371500","371000","370000","369000","368500","368000","367000","38","400","389","152","15","4","206","76","21","11","21","87","13","7","95","22","15","100","4","60","1312","424","0","0","0","0","0","-368500","5","-100.00","783","1","0","0","0","","0","0","0","","",""
"080034","0000","0","374500","375000","375500","376000","376500","377000","377500","378000","378500","379000","374000","373500","372000","371500","371000","370000","369000","368500","368000","367000","40","400","389","152","15","4","206","76","21","11","21","87","13","7","95","22","15","100","4","60","1314","424","0","0","0","0","0","-368500","5","-100.00","783","2","0","0","0","","0","0","0","","",""
"080034","0001","0","374500","375000","375500","376000","376500","377000","377500","378000","378500","379000","374000","373500","372000","371500","371000","370000","369000","368500","368000","367000","40","400","389","152","15","4","206","76","21","11","21","87","16","7","95","22","15","100","4","60","1314","427","0","0","0","0","0","-368500","5","-100.00","783","0","3","0","0","","0","0","0","","",""
"080034","0002","0","374500","375000","375500","376000","376500","377000","377500","378000","378500","379000","374000","373500","372000","371500","371000","370000","369000","368500","368000","367000","40","410","379","152","15","4","206","76","21","11","31","87","16","7","95","22","15","100","4","60","1314","437","0","0","0","0","0","-368500","5","-100.00","783","0","0","0","0","","0","0","0","","",""
"080034","0003","0","374500","375000","375500","376000","376500","377000","377500","378000","378500","379000","374000","373500","372000","371500","371000","370000","369000","368500","368000","367000","40","412","379","152","15","4","206","76","21","11","31","87","16","7","95","22","15","100","4","60","1316","437","0","0","0","0","0","-368500","5","-100.00","783","2","0","0","0","","0","0","0","","",""
"080035","0000","0","374500","375000","375500","376000","376500","377000","377500","378000","378500","379000","374000","373500","372000","371500","371000","370000","369000","368500","368000","367000","40","412","379","152","15","4","206","76","21","11","33","87","16","7","95","22","15","100","4","60","1316","439","0","0","0","0","0","-368500","5","-100.00","783","0","2","0","0","","0","0","0","","",""
"080035","0001","0","374500","375000","375500","376000","376500","377000","377500","378000","378500","379000","374000","373500","372000","371500","371000","370000","369000","368500","368000","367000","39","411","379","152","15","4","206","76","21","11","33","87","16","9","95","22","15","100","4","60","1314","441","0","0","0","0","0","-368500","5","-100.00","786","-3","0","0","0","","0","0","0","","",""
"080036","0000","0","374500","375000","375500","376000","376500","377000","377500","378000","378500","379000","374000","373500","372000","371500","371000","370000","369000","368500","368000","367000","37","411","379","152","15","4","206","76","21","11","34","87","16","9","95","22","15","100","4","60","1312","442","0","0","0","0","0","-368500","5","-100.00","788","0","1","0","0","","0","0","0","","",""
"080036","0001","0","374500","375000","375500","376000","376500","377000","377500","378000","378500","379000","374000","373500","372000","371500","371000","370000","369000","368500","368000","367000","44","411","379","152","15","4","206","76","21","11","32","87","16","9","95","22","15","100","4","60","1319","440","0","0","0","0","0","-368500","5","-100.00","790","7","-2","0","0","","0","0","0","","",""
"080036","0002","0","374500","375000","375500","376000","376500","377000","377500","378000","378500","379000","374000","373500","372000","371500","371000","370000","369000","368500","368000","367000","44","411","379","152","15","4","207","76","21","11","32","87","16","9","95","22","15","100","4","60","1320","440","0","0","0","0","0","-368500","5","-100.00","790","1","0","0","0","","0","0","0","","",""
"080036","0003","0","374500","375000","375500","376000","376500","377000","377500","378000","378500","379000","374000","373500","372000","371500","371000","370000","369000","368500","368000","367000","44","411","378","152","15","4","207","76","21","11","37","87","16","9","95","22","15","100","4","60","1319","445","0","0","0","0","0","-368500","5","-100.00","790","-2","5","0","0","","0","0","0","","",""
"080037","0000","0","374500","375000","375500","376000","376500","377000","377500","378000","378500","379000","374000","373500","372000","371500","371000","370000","369000","368500","368000","367000","39","411","378","152","15","4","207","76","21","11","37","87","16","9","95","22","15","100","4","60","1314","445","0","0","0","0","0","-368500","5","-100.00","795","-5","0","0","0","","0","0","0","","",""
"080037","0001","0","374500","375000","375500","376000","376500","377000","377500","378000","378500","379000","374000","373500","372000","371500","371000","370000","369000","368500","368000","367000","39","416","378","152","15","4","207","76","21","11","37","87","16","9","95","22","15","100","4","60","1319","445","0","0","0","0","0","-368500","5","-100.00","795","5","0","0","0","","0","0","0","","",""
"080037","0002","0","374500","375000","375500","376000","376500","377000","377500","378000","378500","379000","374000","373500","372000","371500","371000","370000","369000","368500","368000","367000","37","416","378","152","15","5","207","76","21","11","37","87","16","9","95","22","15","100","6","60","1318","447","0","0","0","0","0","-368500","5","-100.00","795","-1","2","0","0","","0","0","0","","",""
"080038","0000","0","374500","375000","375500","376000","376500","377000","377500","378000","378500","379000","374000","373500","372000","371500","371000","370000","369000","368500","368000","367000","47","416","378","152","15","5","207","76","21","11","37","87","16","9","95","22","15","100","6","60","1328","447","0","0","0","0","0","-368500","5","-100.00","795","10","0","0","0","","0","0","0","","",""
"080039","0000","0","374500","375000","375500","376000","376500","377000","377500","378000","378500","379000","374000","373500","372000","371500","371000","370000","369000","368500","368000","367000","57","416","378","152","15","5","207","76","21","11","37","87","16","9","95","22","21","100","6","60","1338","453","0","0","0","0","0","-368500","5","-100.00","795","0","6","0","0","","0","0","0","","",""
"080039","0001","0","374500","375000","375500","376000","376500","377000","377500","378000","378500","379000","374000","373500","372000","371500","371000","370000","369000","368500","368000","367000","47","416","378","152","15","5","207","76","21","11","37","87","16","9","95","22","21","100","6","60","1328","453","0","0","0","0","0","-368500","5","-100.00","805","-10","0","0","0","","0","0","0","","",""
"080040","0000","0","374500","375000","375500","376000","376500","377000","377500","378000","378500","379000","374000","373500","372000","371500","371000","370000","369000","368500","368000","367000","47","416","386","152","15","5","207","76","21","11","37","87","16","9","95","22","21","100","6","60","1336","453","0","0","0","0","0","-368500","5","-100.00","805","8","0","0","0","","0","0","0","","",""
"080040","0001","0","374500","375000","375500","376000","376500","377000","377500","378000","378500","379000","374000","373500","372000","371500","371000","370000","369000","368500","368000","367000","47","416","586","152","15","5","207","76","21","11","37","92","16","9","95","22","21","100","6","60","1536","458","0","0","0","0","0","-368500","5","-100.00","805","200","5","0","0","","0","0","0","","",""
"080041","0000","0","374500","375000","375500","376000","376500","377000","377500","378000","378500","379000","374000","373500","372000","371500","371000","370000","369000","368500","368000","367000","47","421","586","152","15","5","207","76","21","11","37","92","16","9","95","22","21","100","6","60","1541","458","0","0","0","0","0","-368500","5","-100.00","805","5","0","0","0","","0","0","0","","",""
"080041","0001","0","374500","375000","375500","376000","376500","377000","377500","378000","378500","379000","374000","373500","372000","371500","371000","370000","369000","368500","368000","367000","77","421","586","152","15","5","207","76","21","11","36","92","16","9","95","22","21","100","6","60","1571","457","0","0","0","0","0","-368500","5","-100.00","806","30","-1","0","0","","0","0","0","","",""
"080042","0000","0","374500","375000","375500","376000","376500","377000","377500","378000","378500","379000","374000","373500","372000","371500","371000","370000","369000","368500","368000","367000","77","421","286","152","15","5","207","76","21","11","36","92","16","9","95","22","21","100","6","60","1271","457","0","0","0","0","0","-368500","5","-100.00","806","-300","0","0","0","","0","0","0","","",""
"080042","0001","0","374500","375000","375500","376000","376500","377000","377500","378000","378500","379000","374000","373500","372000","371500","371000","370000","369000","368500","368000","367000","87","421","286","152","15","5","207","77","21","11","36","92","16","9","95","22","21","100","6","60","1282","457","0","0","0","0","0","-368500","5","-100.00","806","11","0","0","0","","0","0","0","","",""
"080042","0002","0","374500","375000","375500","376000","376500","377000","377500","378000","378500","379000","374000","373500","372000","371500","371000","370000","369000","368500","368000","367000","89","421","286","152","15","5","207","77","21","11","36","92","16","9","95","22","21","100","6","60","1284","457","0","0","0","0","0","-368500","5","-100.00","806","2","0","0","0","","0","0","0","","",""
"080043","0000","0","374500","375000","375500","376000","376500","377000","377500","378000","378500","379000","374000","373500","372000","371500","371000","370000","369000","368500","368000","367000","89","421","286","152","15","5","207","78","21","11","36","92","16","9","95","22","21","100","6","60","1285","457","0","0","0","0","0","-368500","5","-100.00","806","1","0","0","0","","0","0","0","","",""
"080043","0001","0","374500","375000","375500","376000","376500","377000","377500","378000","378500","379000","374000","373500","372000","371500","371000","370000","369000","368500","368000","367000","86","421","286","152","15","5","207","78","21","11","30","92","16","9","95","22","21","100","6","60","1282","451","0","0","0","0","0","-368500","5","-100.00","815","-3","0","0","0","","0","0","0","","",""
"080044","0000","0","374500","375000","375500","376000","376500","377000","377500","378000","378500","379000","374000","373500","372000","371500","371000","370000","369000","368500","368000","367000","86","421","286","152","15","5","207","78","21","11","28","92","16","9","95","22","21","100","6","60","1282","449","0","0","0","0","0","-368500","5","-100.00","817","0","-2","0","0","","0","0","0","","",""
"080044","0001","0","374500","375000","375500","376000","376500","377000","377500","378000","378500","379000","373500","372000","371500","371000","370000","369000","368500","368000","367000","366500","86","421","286","152","15","5","207","78","21","11","92","16","9","95","22","21","100","6","60","1","1282","422","0","0","0","0","0","-368500","5","-100.00","845","0","-27","0","0","","0","0","0","","",""
"080044","0002","0","374000","374500","375000","375500","376000","376500","377000","377500","378000","378500","373500","372000","371500","371000","370000","369000","368500","368000","367000","366500","1","96","421","286","152","15","5","207","78","21","92","16","9","95","22","21","100","6","60","1","1282","422","0","0","0","0","0","-368500","5","-100.00","845","-10","0","0","0","","0","0","0","","",""
"080044","0003","0","374000","374500","375000","375500","376000","376500","377000","377500","378000","378500","373500","372000","371500","371000","370000","369000","368500","368000","367000","366500","1","99","421","286","152","15","5","207","78","21","92","16","9","95","22","21","100","6","60","1","1285","422","0","0","0","0","0","-368500","5","-100.00","845","3","0","0","0","","0","0","0","","",""
"080045","0000","0","374000","374500","375000","375500","376000","376500","377000","377500","378000","378500","373500","372500","372000","371500","371000","370000","369000","368500","368000","367000","6","99","421","286","152","15","5","207","79","21","92","1","16","9","95","22","21","100","6","60","1291","422","0","0","0","0","0","-368500","5","-100.00","846","1","0","0","0","","0","0","0","","",""
"080045","0001","0","374000","374500","375000","375500","376000","376500","377000","377500","378000","378500","373500","372500","372000","371500","371000","370000","369000","368500","368000","367000","6","149","421","286","152","15","5","207","79","21","92","1","16","9","95","22","21","100","6","60","1341","422","0","0","0","0","0","-368500","5","-100.00","846","50","0","0","0","","0","0","0","","",""
"080046","0000","0","374000","374500","375000","375500","376000","376500","377000","377500","378000","378500","373500","372500","372000","371500","371000","370000","369000","368500","368000","367000","6","149","421","286","152","15","15","207","79","21","92","1","16","9","95","22","21","100","6","60","1351","422","0","0","0","0","0","-368500","5","-100.00","846","10","0","0","0","","0","0","0","","",""
"080046","0001","0","374500","375000","375500","376000","376500","377000","377500","378000","378500","379000","373500","372500","372000","371500","371000","370000","369000","368500","368000","367000","56","431","286","152","15","15","207","79","21","11","92","1","16","9","95","22","21","100","6","60","1273","422","0","0","0","0","0","-368500","5","-100.00","946","10","0","0","0","","0","0","0","","",""
"080047","0000","0","374500","375000","375500","376000","376500","377000","377500","378000","378500","379000","373500","372500","372000","371500","371000","370000","369000","368500","368000","367000","56","431","286","152","15","35","207","79","21","11","92","1","18","9","95","22","21","100","6","60","1293","424","0","0","0","0","0","-368500","5","-100.00","946","20","2","0","0","","0","0","0","","",""
"080047","0001","0","374500","375000","375500","376000","376500","377000","377500","378000","378500","379000","373500","372500","372000","371500","371000","370000","369000","368500","368000","367000","55","431","286","152","15","35","207","79","21","11","92","1","18","9","95","22","21","100","6","60","1292","424","0","0","0","0","0","-368500","5","-100.00","947","-1","0","0","0","","0","0","0","","",""
"080047","0002","0","374000","374500","375000","375500","376000","376500","377000","377500","378000","378500","373500","372500","372000","371500","371000","370000","369000","368500","368000","367000","88","55","431","286","152","15","35","207","79","21","92","1","18","9","95","22","21","100","6","60","1369","424","0","0","0","0","0","-368500","5","-100.00","947","77","0","0","0","","0","0","0","","",""
"080047","0003","0","374000","374500","375000","375500","376000","376500","377000","377500","378000","378500","373500","372500","372000","371500","371000","370000","369000","368500","368000","367000","88","55","431","286","152","15","35","207","79","21","92","1","18","12","95","22","21","100","6","60","1369","427","0","0","0","0","0","-368500","5","-100.00","947","0","3","0","0","","0","0","0","","",""
"080048","0000","0","374000","374500","375000","375500","376000","376500","377000","377500","378000","378500","373500","372500","372000","371500","371000","370000","369000","368500","368000","367000","88","55","431","286","152","15","35","207","79","21","92","1","18","13","96","22","22","100","6","60","1369","430","0","0","0","0","0","-368500","5","-100.00","947","0","3","0","0","","0","0","0","","",""
"080048","0001","0","374000","374500","375000","375500","376000","376500","377000","377500","378000","378500","373500","372500","372000","371500","371000","370000","369000","368500","368000","367000","88","55","431","286","152","15","35","207","84","21","92","1","18","13","96","22","22","100","6","60","1374","430","0","0","0","0","0","-368500","5","-100.00","947","5","0","0","0","","0","0","0","","",""
"080049","0000","0","374000","374500","375000","375500","376000","376500","377000","377500","378000","378500","373500","372500","372000","371500","371000","370000","369000","368500","368000","367000","115","55","431","287","167","15","35","207","84","21","92","1","18","13","96","22","22","100","6","60","1417","430","0","0","0","0","0","-368500","5","-100.00","947","43","0","0","0","","0","0","0","","",""
"080049","0001","0","374000","374500","375000","375500","376000","376500","377000","377500","378000","378500","373500","372500","372000","371500","371000","370000","369000","368500","368000","367000","115","55","431","287","167","15","35","207","84","21","92","1","18","13","96","22","22","100","6","60","1417","430","0","0","0","0","0","-368500","5","-100.00","947","0","0","0","0","","0","0","0","","",""
"080049","0002","0","374000","374500","375000","375500","376000","376500","377000","377500","378000","378500","373500","372500","372000","371500","371000","370000","369000","368500","368000","367000","115","55","431","287","167","15","35","207","84","21","92","1","18","13","96","22","22","105","6","60","1417","435","0","0","0","0","0","-368500","5","-100.00","947","0","5","0","0","","0","0","0","","",""
"080050","0000","0","374000","374500","375000","375500","376000","376500","377000","377500","378000","378500","373500","372500","372000","371500","371000","370000","369000","368500","368000","367000","120","55","431","287","167","15","35","207","84","21","92","1","18","13","96","22","22","105","6","60","1422","435","0","0","0","0","0","-368500","5","-100.00","947","5","0","0","0","","0","0","0","","",""
"080050","0001","0","374000","374500","375000","375500","376000","376500","377000","377500","378000","378500","373500","372500","372000","371500","371000","370000","369000","368500","368000","367000","120","55","431","288","167","15","35","207","84","21","92","1","18","13","96","22","22","105","6","60","1423","435","0","0","0","0","0","-368500","5","-100.00","947","1","0","0","0","","0","0","0","","",""
"080050","0002","0","374000","374500","375000","375500","376000","376500","377000","377500","378000","378500","373500","372500","372000","371500","371000","370000","369000","368500","368000","367000","121","55","431","288","167","15","35","207","84","21","92","1","18","13","96","22","22","105","6","60","1424","435","0","0","0","0","0","-368500","5","-100.00","947","1","0","0","0","","0","0","0","","",""
"080050","0003","0","374000","374500","375000","375500","376000","376500","377000","377500","378000","378500","373500","372500","372000","371500","371000","370000","369500","369000","368500","368000","12","55","431","288","167","15","35","207","84","21","92","1","18","13","96","32","10","286","111","6","1315","665","0","0","0","0","0","-368500","5","-100.00","1056","-109","-34","0","0","","0","0","0","","",""
"080050","0004","0","374000","374500","375000","375500","376000","376500","377000","377500","378000","378500","373500","372500","372000","371500","371000","370000","369500","369000","368500","368000","10","55","431","288","167","15","35","207","84","21","92","1","18","13","96","32","10","286","111","6","1313","665","0","0","0","0","0","-368500","5","-100.00","1058","-2","0","0","0","","0","0","0","","",""
"080051","0000","0","374000","374500","375000","375500","376000","376500","377000","377500","378000","378500","373500","372500","372000","371500","371000","370000","369500","369000","368500","368000","11","55","431","288","167","15","35","207","84","21","87","1","18","13","96","32","10","286","111","6","1314","660","0","0","0","0","0","-368500","5","-100.00","1063","1","-5","0","0","","0","0","0","","",""
"080051","0001","0","374000","374500","375000","375500","376000","376500","377000","377500","378000","378500","373500","372500","372000","371500","371000","370000","369500","369000","368500","368000","11","55","431","288","167","15","135","207","84","21","87","1","18","13","96","32","10","286","111","6","1414","660","0","0","0","0","0","-368500","5","-100.00","1063","100","0","0","0","","0","0","0","","",""
"080051","0002","0","374000","374500","375000","375500","376000","376500","377000","377500","378000","378500","373500","372500","372000","371500","371000","370000","369500","369000","368500","368000","11","57","431","288","167","15","135","207","84","21","87","1","18","13","96","32","10","286","111","6","1416","660","0","0","0","0","0","-368500","5","-100.00","1063","2","0","0","0","","0","0","0","","",""
"080051","0003","0","374000","374500","375000","375500","376000","376500","377000","377500","378000","378500","373500","372500","372000","371500","371000","370000","369500","369000","368500","368000","11","57","431","288","167","15","135","207","84","21","87","1","18","13","98","32","10","286","111","6","1416","662","0","0","0","0","0","-368500","5","-100.00","1063","0","2","0","0","","0","0","0","","",""
"080052","0000","0","374000","374500","375000","375500","376000","376500","377000","377500","378000","378500","373500","372500","372000","371500","371000","370000","369500","369000","368500","368000","29","57","431","288","167","15","136","207","84","21","87","1","18","13","98","32","10","286","111","6","1435","662","0","0","0","0","0","-368500","5","-100.00","1063","18","0","0","0","","0","0","0","","",""
"080052","0001","0","374000","374500","375000","375500","376000","376500","377000","377500","378000","378500","373500","372500","372000","371500","371000","370000","369500","369000","368500","368000","59","58","432","288","167","15","136","207","84","21","87","1","18","13","98","32","10","280","111","6","1467","656","0","0","0","0","0","-368500","5","-100.00","1063","1","0","0","0","","0","0","0","","",""
"080052","0002","0","374000","374500","375000","375500","376000","376500","377000","377500","378000","378500","373500","372500","372000","371500","371000","370000","369500","369000","368500","368000","59","58","432","288","167","15","136","207","84","21","90","1","18","13","98","32","10","280","111","6","1467","659","0","0","0","0","0","-368500","5","-100.00","1065","0","3","0","0","","0","0","0","","",""
"080052","0003","0","374000","374500","375000","375500","376000","376500","377000","377500","378000","378500","373500","372500","372000","371500","371000","370000","369500","369000","368500","368000","61","58","433","288","167","15","136","207","84","22","90","1","18","13","98","32","10","280","111","6","1471","659","0","0","0","0","0","-368500","5","-100.00","1065","3","0","0","0","","0","0","0","","",""
"080053","0000","0","374000","374500","375000","375500","376000","376500","377000","377500","378000","378500","373500","372500","372000","371500","371000","370000","369500","369000","368500","368000","61","58","443","288","167","15","136","207","84","22","90","1","18","13","98","32","10","280","111","6","1481","659","0","0","0","0","0","-368500","5","-100.00","1065","10","0","0","0","","0","0","0","","",""
"080053","0001","0","374000","374500","375000","375500","376000","376500","377000","377500","378000","378500","373500","372500","372000","371500","371000","370000","369500","369000","368500","368000","61","58","443","288","167","15","136","207","84","22","81","1","18","13","98","32","10","280","111","6","1481","650","0","0","0","0","0","-368500","5","-100.00","1074","0","-9","0","0","","0","0","0","","",""
"080053","0002","0","374000","374500","375000","375500","376000","376500","377000","377500","378000","378500","373500","372500","372000","371500","371000","370000","369500","369000","368500","368000","61","58","443","298","167","15","136","207","85","22","81","1","18","13","98","32","10","280","111","6","1492","650","0","0","0","0","0","-368500","5","-100.00","1074","10","0","0","0","","0","0","0","","",""
"080053","0003","0","373500","374000","374500","375000","375500","376000","376500","377000","377500","378000","372500","372000","371500","371000","370000","369500","369000","368500","368000","367000","28","61","58","443","298","167","15","136","207","85","1","18","13","98","32","10","280","111","7","60","1498","630","0","0","0","0","0","-368500","5","-100.00","1155","6","-20","0","0","","0","0","0","","",""
"080054","0000","0","373500","374000","374500","375000","375500","376000","376500","377000","377500","378000","372500","372000","371500","371000","370000","369500","369000","368500","368000","367000","27","61","58","443","298","167","15","136","207","85","1","18","13","103","32","10","280","111","7","60","1497","635","0","0","0","0","0","-368500","5","-100.00","1156","-1","5","0","0","","0","0","0","","",""
"080054","0001","0","373500","374000","374500","375000","375500","376000","376500","377000","377500","378000","372500","372000","371500","371000","370000","369500","369000","368500","368000","367000","27","61","63","443","258","167","15","136","207","85","1","18","13","103","32","10","280","111","7","60","1462","635","0","0","0","0","0","-368500","5","-100.00","1156","5","0","0","0","","0","0","0","","",""
"080054","0002","0","373500","374000","374500","375000","375500","376000","376500","377000","377500","378000","372500","372000","371500","371000","370000","369500","369000","368500","368000","367000","27","61","63","443","258","168","15","136","207","85","21","18","13","103","32","10","280","111","7","60","1463","655","0","0","0","0","0","-368500","5","-100.00","1156","1","20","0","0","","0","0","0","","",""
"080054","0003","0","373500","374000","374500","375000","375500","376000","376500","377000","377500","378000","372500","372000","371500","371000","370000","369500","369000","368500","368000","367000","26","61","63","443","258","168","15","136","207","85","21","18","13","103","32","10","280","111","7","60","1462","655","0","0","0","0","0","-368500","5","-100.00","1157","-1","0","0","0","","0","0","0","","",""
"080055","0000","0","373500","374000","374500","375000","375500","376000","376500","377000","377500","378000","373000","372500","372000","371500","371000","370000","369500","369000","368500","368000","26","61","63","443","258","168","15","136","207","85","20","21","18","13","103","32","10","280","111","7","1462","615","0","0","0","0","0","-368500","5","-100.00","1157","0","-40","0","0","","0","0","0","","",""
"080055","0001","0","373500","374000","374500","375000","375500","376000","376500","377000","377500","378000","373000","372500","372000","371500","371000","370000","369500","369000","368500","368000","21","61","63","443","258","168","15","136","207","85","20","21","18","13","103","32","10","280","111","7","1457","615","0","0","0","0","0","-368500","5","-100.00","1162","-5","0","0","0","","0","0","0","","",""
"080056","0000","0","373500","374000","374500","375000","375500","376000","376500","377000","377500","378000","373000","372500","372000","371500","371000","370000","369500","369000","368500","368000","21","61","64","443","257","168","15","136","207","85","20","21","18","13","103","32","10","280","111","7","1457","615","0","0","0","0","0","-368500","5","-100.00","1162","-1","0","0","0","","0","0","0","","",""
"080056","0001","0","373500","374000","374500","375000","375500","376000","376500","377000","377500","378000","373000","372500","372000","371500","371000","370000","369500","369000","368500","368000","21","61","65","443","257","168","15","136","207","85","20","21","18","13","103","32","10","280","111","7","1458","615","0","0","0","0","0","-368500","5","-100.00","1162","1","0","0","0","","0","0","0","","",""
"080056","0002","0","373500","374000","374500","375000","375500","376000","376500","377000","377500","378000","373000","372500","372000","371500","371000","370000","369500","369000","368500","368000","21","61","65","443","257","168","15","136","207","85","20","21","18","13","103","32","11","280","111","7","1458","616","0","0","0","0","0","-368500","5","-100.00","1162","0","1","0","0","","0","0","0","","",""
"080056","0003","0","373500","374000","374500","375000","375500","376000","376500","377000","377500","378000","373000","372500","372000","371500","371000","370000","369500","369000","368500","368000","23","61","65","443","257","168","15","136","207","85","20","21","18","13","103","32","11","280","111","7","1460","616","0","0","0","0","0","-368500","5","-100.00","1162","2","0","0","0","","0","0","0","","",""
"080057","0000","0","373500","374000","374500","375000","375500","376000","376500","377000","377500","378000","373000","372500","372000","371500","371000","370000","369500","369000","368500","368000","23","61","66","443","257","168","15","136","207","85","20","21","18","13","103","32","11","280","111","7","1461","616","0","0","0","0","0","-368500","5","-100.00","1162","1","0","0","0","","0","0","0","","",""
"080057","0001","0","373500","374000","374500","375000","375500","376000","376500","377000","377500","378000","373000","372500","372000","371500","371000","370000","369500","369000","368500","368000","22","61","66","444","257","168","15","136","207","85","20","21","18","13","103","32","11","280","111","7","1461","616","0","0","0","0","0","-368500","5","-100.00","1163","1","0","0","0","","0","0","0","","",""
"080057","0002","0","373500","374000","374500","375000","375500","376000","376500","377000","377500","378000","373000","372500","372000","371500","371000","370000","369500","369000","368500","368000","22","61","66","444","257","168","15","136","207","86","20","21","18","13","103","32","11","280","111","7","1462","616","0","0","0","0","0","-368500","5","-100.00","1163","1","0","0","0","","0","0","0","","",""
"080058","0000","0","373500","374000","374500","375000","375500","376000","376500","377000","377500","378000","373000","372500","372000","371500","371000","370000","369500","369000","368500","368000","22","62","66","444","257","168","15","136","207","86","20","21","18","13","103","32","11","280","111","7","1463","616","0","0","0","0","0","-368500","5","-100.00","1163","1","0","0","0","","0","0","0","","",""
"080058","0001","0","373500","374000","374500","375000","375500","376000","376500","377000","377500","378000","373000","372500","372000","371500","371000","370000","369500","369000","368500","368000","22","62","76","444","257","168","15","136","207","86","20","21","18","13","103","32","11","280","111","7","1473","616","0","0","0","0","0","-368500","5","-100.00","1163","10","0","0","0","","0","0","0","","",""
"080058","0002","0","373500","374000","374500","375000","375500","376000","376500","377000","377500","378000","373000","372500","372000","371500","371000","370000","369500","369000","368500","368000","17","62","92","444","258","168","15","136","207","86","20","21","18","13","103","32","11","280","111","7","1485","616","0","0","0","0","0","-368500","5","-100.00","1168","1","0","0","0","","0","0","0","","",""
"080058","0003","0","373500","374000","374500","375000","375500","376000","376500","377000","377500","378000","373000","372500","372000","371500","371000","370000","369500","369000","368500","368000","17","62","92","444","258","168","15","136","207","86","20","21","18","13","143","32","11","280","111","7","1485","656","0","0","0","0","0","-368500","5","-100.00","1168","0","40","0","0","","0","0","0","","",""
"080059","0000","0","373500","374000","374500","375000","375500","376000","376500","377000","377500","378000","373000","372500","372000","371500","371000","370000","369500","369000","368500","368000","4","62","92","444","258","168","15","136","207","86","20","21","18","13","143","32","11","280","111","7","1472","656","0","0","0","0","0","-368500","5","-100.00","1181","-13","0","0","0","","0","0","0","","",""
"080059","0001","0","373500","374000","374500","375000","375500","376000","376500","377000","377500","378000","373000","372500","372000","371500","371000","370000","369500","369000","368500","368000","4","62","92","444","258","168","15","136","207","86","19","21","18","13","143","32","11","280","111","7","1472","655","0","0","0","0","0","-368500","5","-100.00","1182","0","-1","0","0","","0","0","0","","",""
"080059","0002","0","373500","374000","374500","375000","375500","376000","376500","377000","377500","378000","373000","372500","372000","371500","371000","370000","369500","369000","368500","368000","4","62","92","444","258","168","15","136","207","96","19","21","18","13","143","32","11","280","111","7","1482","655","0","0","0","0","0","-368500","5","-100.00","1182","10","0","0","0","","0","0","0","","",""
"080059","0003","0","373500","374000","374500","375000","375500","376000","376500","377000","377500","378000","373000","372500","372000","371500","371000","370000","369500","369000","368500","368000","4","87","92","444","258","168","15","136","207","106","4","21","18","13","143","32","11","280","111","7","1517","640","0","0","0","0","0","-368500","5","-100.00","1197","0","-15","0","0","","0","0","0","","",""
"080100","0000","0","373500","374000","374500","375000","375500","376000","376500","377000","377500","378000","373000","372500","372000","371500","371000","370000","369500","369000","368500","368000","6","87","92","444","258","168","16","136","207","106","4","21","18","15","143","32","11","280","111","7","1520","642","0","0","0","0","0","-368500","5","-100.00","1197","1","2","0","0","","0","0","0","","",""
"080100","0001","0","373500","374000","374500","375000","375500","376000","376500","377000","377500","378000","373000","372500","372000","371500","371000","370000","369500","369000","368500","368000","6","87","92","494","258","168","16","136","207","106","4","21","18","15","143","32","11","280","111","7","1570","642","0","0","0","0","0","-368500","5","-100.00","1197","50","0","0","0","","0","0","0","","",""
"080100","0002","0","373500","374000","374500","375000","375500","376000","376500","377000","377500","378000","373000","372500","372000","371500","371000","370000","369500","369000","368500","368000","7","87","95","504","258","168","16","136","207","106","4","21","18","15","143","32","11","280","111","7","1584","642","0","0","0","0","0","-368500","5","-100.00","1197","3","0","0","0","","0","0","0","","",""
"080100","0003","0","373500","374000","374500","375000","375500","376000","376500","377000","377500","378000","373000","372500","372000","371500","371000","370000","369500","369000","368500","368000","7","87","96","504","258","168","16","136","207","106","4","21","18","15","148","32","11","280","111","7","1585","647","0","0","0","0","0","-368500","5","-100.00","1197","1","5","0","0","","0","0","0","","",""
"080101","0000","0","373500","374000","374500","375000","375500","376000","376500","377000","377500","378000","373000","372500","372000","371500","371000","370000","369500","369000","368500","368000","9","87","96","504","258","168","16","136","207","106","4","21","18","15","148","32","11","280","111","7","1587","647","0","0","0","0","0","-368500","5","-100.00","1197","2","0","0","0","","0","0","0","","",""
"080101","0001","0","373500","374000","374500","375000","375500","376000","376500","377000","377500","378000","373000","372500","372000","371500","371000","370000","369500","369000","368500","368000","9","87","96","504","258","168","16","136","207","106","4","31","18","15","148","32","11","280","111","7","1587","657","0","0","0","0","0","-368500","5","-100.00","1197","0","10","0","0","","0","0","0","","",""
"080102","0000","0","373500","374000","374500","375000","375500","376000","376500","377000","377500","378000","373000","372500","372000","371500","371000","370000","369500","369000","368500","368000","9","87","96","504","258","173","16","136","207","106","4","31","18","15","148","32","11","280","111","7","1592","657","0","0","0","0","0","-368500","5","-100.00","1197","5","0","0","0","","0","0","0","","",""
"080102","0001","0","373500","374000","374500","375000","375500","376000","376500","377000","377500","378000","373000","372500","372000","371500","371000","370000","369500","369000","368500","368000","9","87","96","504","258","173","16","136","208","106","4","31","18","15","148","32","11","280","111","7","1593","657","0","0","0","0","0","-368500","5","-100.00","1197","1","0","0","0","","0","0","0","","",""
"080102","0002","0","373500","374000","374500","375000","375500","376000","376500","377000","377500","378000","373000","372500","372000","371500","371000","370000","369500","369000","368500","368000","29","87","96","484","258","173","16","136","208","106","4","31","18","15","148","32","11","280","111","7","1593","657","0","0","0","0","0","-368500","5","-100.00","1197","0","0","0","0","","0","0","0","","",""
"080102","0003","0","373500","374000","374500","375000","375500","376000","376500","377000","377500","378000","373000","372500","372000","371500","371000","370000","369500","369000","368500","368000","24","87","96","484","258","173","16","136","208","106","4","31","18","15","148","42","11","280","111","7","1588","667","0","0","0","0","0","-368500","5","-100.00","1202","0","10","0","0","","0","0","0","","",""
"080103","0000","0","373000","373500","374000","374500","375000","375500","376000","376500","377000","377500","372500","372000","371500","371000","370000","369500","369000","368500","368000","367000","1","24","87","96","484","258","173","16","136","208","31","18","15","148","42","11","280","111","7","60","1483","723","0","0","0","0","0","-368500","5","-100.00","1206","-105","56","0","0","","0","0","0","","",""
"080103","0001","0","373000","373500","374000","374500","375000","375500","376000","376500","377000","377500","372500","372000","371500","371000","370000","369500","369000","368500","368000","367000","1","24","87","96","484","257","173","16","136","208","31","18","15","148","42","13","280","111","7","60","1482","725","0","0","0","0","0","-368500","5","-100.00","1206","-1","2","0","0","","0","0","0","","",""
"080104","0000","0","373000","373500","374000","374500","375000","375500","376000","376500","377000","377500","372500","372000","371500","371000","370000","369500","369000","368500","368000","367000","1","24","87","96","484","257","173","16","136","208","31","18","16","148","43","13","280","111","7","62","1482","729","0","0","0","0","0","-368500","5","-100.00","1206","0","4","0","0","","0","0","0","","",""
"080104","0001","0","374000","374500","375000","375500","376000","376500","377000","377500","378000","378500","373500","372500","372000","371500","371000","370000","369500","369000","368500","368000","87","96","484","257","173","16","136","208","106","23","1","31","18","16","148","43","13","280","111","7","1586","668","0","0","0","0","0","-368500","5","-100.00","1231","-1","-61","0","0","","0","0","0","","",""
"080104","0002","0","374000","374500","375000","375500","376000","376500","377000","377500","378000","378500","372500","372000","371500","371000","370000","369500","369000","368500","368000","367000","87","96","484","257","173","16","136","208","106","23","31","18","16","148","43","13","280","111","7","62","1586","729","0","0","0","0","0","-368500","5","-100.00","1232","0","61","0","0","","0","0","0","","",""
"080104","0003","0","373500","374000","374500","375000","375500","376000","376500","377000","377500","378000","372500","372000","371500","371000","370000","369500","369000","368500","368000","367000","5","87","98","484","257","173","16","136","208","106","31","18","16","148","43","13","280","111","7","62","1570","729","0","0","0","0","0","-368500","5","-100.00","1232","-16","0","0","0","","0","0","0","","",""
"080105","0000","0","373500","374000","374500","375000","375500","376000","376500","377000","377500","378000","373000","372500","372000","371500","371000","370000","369500","369000","368500","368000","10","87","98","484","257","173","16","136","208","106","6","16","18","16","148","43","13","280","111","7","1575","658","0","0","0","0","0","-368500","5","-100.00","1247","5","0","0","0","","0","0","0","","",""
"080105","0001","0","373000","373500","374000","374500","375000","375500","376000","376500","377000","377500","372500","372000","371500","371000","370000","369500","369000","368500","368000","367000","12","10","69","98","484","257","173","16","136","208","16","18","16","148","43","13","280","111","7","62","1463","714","0","0","0","0","0","-368500","5","-100.00","1253","-112","56","0","0","","0","0","0","","",""
"080105","0002","0","373500","374000","374500","375000","375500","376000","376500","377000","377500","378000","373000","372500","372000","371500","371000","370000","369500","369000","368500","368000","10","69","98","484","257","173","16","136","208","106","8","16","18","16","148","43","13","280","111","7","1557","660","0","0","0","0","0","-368500","5","-100.00","1265","94","-54","0","0","","0","0","0","","",""
"080106","0000","0","373500","374000","374500","375000","375500","376000","376500","377000","377500","378000","373000","372500","372000","371500","371000","370000","369500","369000","368500","368000","10","69","98","484","257","173","16","136","208","106","8","16","18","16","148","43","13","285","111","7","1557","665","0","0","0","0","0","-368500","5","-100.00","1265","0","5","0","0","","0","0","0","","",""
"080106","0001","0","373500","374000","374500","375000","375500","376000","376500","377000","377500","378000","373000","372500","372000","371500","371000","370000","369500","369000","368500","368000","9","69","98","484","257","173","16","136","208","106","8","16","18","16","148","43","13","285","111","7","1556","665","0","0","0","0","0","-368500","5","-100.00","1266","-1","0","0","0","","0","0","0","","",""
"080106","0002","0","373500","374000","374500","375000","375500","376000","376500","377000","377500","378000","373000","372500","372000","371500","371000","370000","369500","369000","368500","368000","9","69","98","485","257","173","16","136","208","106","7","16","18","16","148","43","13","285","111","7","1557","664","0","0","0","0","0","-368500","5","-100.00","1267","1","-1","0","0","","0","0","0","","",""
"080106","0003","0","373500","374000","374500","375000","375500","376000","376500","377000","377500","378000","373000","372500","372000","371500","371000","370000","369500","369000","368500","368000","7","69","98","485","257","173","16","136","208","106","7","16","18","16","148","43","13","285","111","7","1555","664","0","0","0","0","0","-368500","5","-100.00","1269","-2","0","0","0","","0","0","0","","",""
"080107","0000","0","373500","374000","374500","375000","375500","376000","376500","377000","377500","378000","373000","372500","372000","371500","371000","370000","369500","369000","368500","368000","7","69","98","485","257","173","16","136","208","106","9","16","18","16","148","43","13","285","111","7","1555","666","0","0","0","0","0","-368500","5","-100.00","1269","0","2","0","0","","0","0","0","","",""
"080108","0000","0","373500","374000","374500","375000","375500","376000","376500","377000","377500","378000","373000","372500","372000","371500","371000","370000","369500","369000","368500","368000","6","69","98","485","257","173","16","136","208","106","9","16","18","16","148","43","13","285","111","7","1554","666","0","0","0","0","0","-368500","5","-100.00","1270","-1","0","0","0","","0","0","0","","",""
"080108","0001","0","373500","374000","374500","375000","375500","376000","376500","377000","377500","378000","373000","372500","372000","371500","371000","370000","369500","369000","368500","368000","6","69","98","485","257","173","16","136","210","106","9","16","18","16","148","43","13","285","111","7","1556","666","0","0","0","0","0","-368500","5","-100.00","1270","2","0","0","0","","0","0","0","","",""
"080108","0002","0","373500","374000","374500","375000","375500","376000","376500","377000","377500","378000","373000","372500","372000","371500","371000","370000","369500","369000","368500","368000","106","69","98","485","257","173","16","136","210","106","9","16","18","17","148","43","13","285","111","7","1656","667","0","0","0","0","0","-368500","5","-100.00","1270","0","1","0","0","","0","0","0","","",""
"080108","0003","0","373500","374000","374500","375000","375500","376000","376500","377000","377500","378000","373000","372500","372000","371500","371000","370000","369500","369000","368500","368000","106","69","98","485","257","173","16","138","210","106","9","16","18","17","148","43","13","285","111","7","1658","667","0","0","0","0","0","-368500","5","-100.00","1270","2","0","0","0","","0","0","0","","",""
"080109","0000","0","373500","374000","374500","375000","375500","376000","376500","377000","377500","378000","373000","372500","372000","371500","371000","370000","369500","369000","368500","368000","105","69","98","485","257","173","16","138","210","110","9","16","18","22","148","43","13","285","111","7","1661","672","0","0","0","0","0","-368500","5","-100.00","1271","-1","5","0","0","","0","0","0","","",""
"080109","0001","0","373500","374000","374500","375000","375500","376000","376500","377000","377500","378000","373000","372500","372000","371500","371000","370000","369500","369000","368500","368000","109","69","98","485","257","173","16","138","210","110","6","16","18","22","148","43","13","285","111","7","1665","669","0","0","0","0","0","-368500","5","-100.00","1274","4","0","0","0","","0","0","0","","",""
"080109","0002","0","373500","374000","374500","375000","375500","376000","376500","377000","377500","378000","373000","372500","372000","371500","371000","370000","369500","369000","368500","368000","109","69","98","485","257","173","16","138","210","113","6","16","18","22","148","43","13","285","111","7","1668","669","0","0","0","0","0","-368500","5","-100.00","1274","3","0","0","0","","0","0","0","","",""
"080110","0000","0","373500","374000","374500","375000","375500","376000","376500","377000","377500","378000","373000","372500","372000","371500","371000","370000","369500","369000","368500","368000","114","69","98","485","257","173","16","138","210","113","6","16","18","22","148","43","13","285","111","7","1673","669","0","0","0","0","0","-368500","5","-100.00","1274","5","0","0","0","","0","0","0","","",""
"080110","0001","0","373500","374000","374500","375000","375500","376000","376500","377000","377500","378000","373000","372500","372000","371500","371000","370000","369500","369000","368500","368000","114","69","98","485","257","173","17","138","215","113","56","16","18","22","148","43","13","285","111","7","1679","719","0","0","0","0","0","-368500","5","-100.00","1274","1","0","0","0","","0","0","0","","",""
"080110","0002","0","373500","374000","374500","375000","375500","376000","376500","377000","377500","378000","373000","372500","372000","371500","371000","370000","369500","369000","368500","368000","115","69","98","485","257","173","17","138","215","113","66","16","18","22","148","43","13","285","111","7","1680","729","0","0","0","0","0","-368500","5","-100.00","1275","1","0","0","0","","0","0","0","","",""
"080110","0003","0","373500","374000","374500","375000","375500","376000","376500","377000","377500","378000","373000","372500","372000","371500","371000","370000","369500","369000","368500","368000","115","69","98","485","257","173","17","138","215","113","66","16","18","27","148","43","13","385","111","7","1680","834","0","0","0","0","0","-368500","5","-100.00","1275","0","5","0","0","","0","0","0","","",""
"080111","0000","0","373500","374000","374500","375000","375500","376000","376500","377000","377500","378000","373000","372500","372000","371500","371000","370000","369500","369000","368500","368000","115","69","98","485","257","173","17","138","215","113","65","16","18","27","148","43","13","385","111","7","1680","833","0","0","0","0","0","-368500","5","-100.00","1276","0","-1","0","0","","0","0","0","","",""
"080111","0001","0","373500","374000","374500","375000","375500","376000","376500","377000","377500","378000","373000","372500","372000","371500","371000","370000","369500","369000","368500","368000","115","69","98","485","257","173","17","138","215","113","65","16","18","28","148","43","13","385","111","7","1680","834","0","0","0","0","0","-368500","5","-100.00","1276","0","1","0","0","","0","0","0","","",""
"080111","0002","0","373500","374000","374500","375000","375500","376000","376500","377000","377500","378000","373000","372500","372000","371500","371000","370000","369500","369000","368500","368000","115","69","98","485","257","173","17","138","235","113","65","16","18","28","148","43","13","385","111","7","1700","834","0","0","0","0","0","-368500","5","-100.00","1276","20","0","0","0","","0","0","0","","",""
"080112","0000","0","373500","374000","374500","375000","375500","376000","376500","377000","377500","378000","373000","372500","372000","371500","371000","370000","369500","369000","368500","368000","115","69","98","485","257","173","17","138","235","113","65","16","18","28","148","43","13","385","111","8","1700","835","0","0","0","0","0","-368500","5","-100.00","1276","0","1","0","0","","0","0","0","","",""
"080113","0000","0","373500","374000","374500","375000","375500","376000","376500","377000","377500","378000","373000","372500","372000","371500","371000","370000","369500","369000","368500","368000","135","69","98","485","257","173","17","138","235","113","65","16","18","28","148","43","13","385","111","8","1720","835","0","0","0","0","0","-368500","5","-100.00","1276","20","0","0","0","","0","0","0","","",""
"080113","0001","0","373500","374000","374500","375000","375500","376000","376500","377000","377500","378000","373000","372500","372000","371500","371000","370000","369500","369000","368500","368000","135","69","98","485","257","173","17","138","235","113","62","16","18","28","148","43","13","385","111","8","1720","832","0","0","0","0","0","-368500","5","-100.00","1279","0","-3","0","0","","0","0","0","","",""
"080113","0002","0","373500","374000","374500","375000","375500","376000","376500","377000","377500","378000","373000","372500","372000","371500","371000","370000","369500","369000","368500","368000","135","69","98","484","257","173","17","138","235","113","62","16","18","28","148","43","13","385","111","8","1719","832","0","0","0","0","0","-368500","5","-100.00","1279","-1","0","0","0","","0","0","0","","",""
"080114","0000","0","373500","374000","374500","375000","375500","376000","376500","377000","377500","378000","373000","372500","372000","371500","371000","370000","369500","369000","368500","368000","135","69","98","484","257","173","17","139","235","113","62","16","18","28","148","43","13","385","111","8","1720","832","0","0","0","0","0","-368500","5","-100.00","1279","1","0","0","0","","0","0","0","","",""
"080114","0001","0","373500","374000","374500","375000","375500","376000","376500","377000","377500","378000","373000","372500","372000","371500","371000","370000","369500","369000","368500","368000","135","69","98","484","257","173","17","139","235","113","61","16","18","28","148","43","13","385","111","8","1720","831","0","0","0","0","0","-368500","5","-100.00","1280","0","-1","0","0","","0","0","0","","",""
"080114","0002","0","373500","374000","374500","375000","375500","376000","376500","377000","377500","378000","373000","372500","372000","371500","371000","370000","369500","369000","368500","368000","135","70","98","484","257","173","17","139","235","113","54","16","18","28","148","43","13","385","111","9","1721","825","0","0","0","0","0","-368500","5","-100.00","1288","1","-7","0","0","","0","0","0","","",""
"080114","0003","0","373500","374000","374500","375000","375500","376000","376500","377000","377500","378000","373000","372500","372000","371500","371000","370000","369500","369000","368500","368000","135","70","98","484","257","173","17","139","235","113","54","16","18","31","148","43","13","385","111","9","1721","828","0","0","0","0","0","-368500","5","-100.00","1288","0","3","0","0","","0","0","0","","",""
"080115","0000","0","373500","374000","374500","375000","375500","376000","376500","377000","377500","378000","373000","372500","372000","371500","371000","370000","369500","369000","368500","368000","135","70","98","484","257","173","17","139","235","113","54","16","21","31","148","43","13","385","111","9","1721","831","0","0","0","0","0","-368500","5","-100.00","1288","0","3","0","0","","0","0","0","","",""
"080115","0001","0","373500","374000","374500","375000","375500","376000","376500","377000","377500","378000","373000","372500","372000","371500","371000","370000","369500","369000","368500","368000","135","70","98","484","257","173","17","139","235","113","54","20","21","31","148","43","13","385","111","9","1721","835","0","0","0","0","0","-368500","5","-100.00","1288","0","4","0","0","","0","0","0","","",""
"080115","0002","0","373500","374000","374500","375000","375500","376000","376500","377000","377500","378000","373000","372500","372000","371500","371000","370000","369500","369000","368500","368000","135","70","98","484","268","173","17","139","235","113","54","20","21","31","148","43","13","385","111","9","1732","835","0","0","0","0","0","-368500","5","-100.00","1288","11","0","0","0","","0","0","0","","",""
"080116","0000","0","373500","374000","374500","375000","375500","376000","376500","377000","377500","378000","373000","372500","372000","371500","371000","370000","369500","369000","368500","368000","135","71","98","484","268","173","17","139","235","113","54","30","21","31","148","43","13","385","111","9","1733","845","0","0","0","0","0","-368500","5","-100.00","1288","1","10","0","0","","0","0","0","","",""
"080116","0001","0","373500","374000","374500","375000","375500","376000","376500","377000","377500","378000","373000","372500","372000","371500","371000","370000","369500","369000","368500","368000","135","71","98","484","268","173","17","139","235","113","54","30","21","31","148","73","13","385","111","9","1733","875","0","0","0","0","0","-368500","5","-100.00","1288","0","30","0","0","","0","0","0","","",""
"080116","0002","0","373500","374000","374500","375000","375500","376000","376500","377000","377500","378000","373000","372500","372000","371500","371000","370000","369500","369000","368500","368000","135","71","98","484","268","173","17","139","235","114","54","30","21","31","148","73","13","385","111","9","1734","875","0","0","0","0","0","-368500","5","-100.00","1288","1","0","0","0","","0","0","0","","",""
"080116","0003","0","373500","374000","374500","375000","375500","376000","376500","377000","377500","378000","373000","372500","372000","371500","371000","370000","369500","369000","368500","368000","135","71","98","484","268","173","17","139","235","114","52","30","21","31","148","73","13","385","111","9","1734","873","0","0","0","0","0","-368500","5","-100.00","1290","0","-2","0","0","","0","0","0","","",""
