"time","millisec","HOUR_CLS_CODE","ASKP1","ASKP2","ASKP3","ASKP4","ASKP5","ASKP6","ASKP7","ASKP8","ASKP9","ASKP10","BIDP1","BIDP2","BIDP3","BIDP4","BIDP5","BIDP6","BIDP7","BIDP8","BIDP9","BIDP10","ASKP_RSQN1","ASKP_RSQN2","ASKP_RSQN3","ASKP_RSQN4","ASKP_RSQN5","ASKP_RSQN6","ASKP_RSQN7","ASKP_RSQN8","ASKP_RSQN9","ASKP_RSQN10","BIDP_RSQN1","BIDP_RSQN2","BIDP_RSQN3","BIDP_RSQN4","BIDP_RSQN5","BIDP_RSQN6","BIDP_RSQN7","BIDP_RSQN8","BIDP_RSQN9","BIDP_RSQN10","TOTAL_ASKP_RSQN","TOTAL_BIDP_RSQN","OVTM_TOTAL_ASKP_RSQN","OVTM_TOTAL_BIDP_RSQN","ANTC_CNPR","ANTC_CNQN","ANTC_VOL","ANTC_CNTG_VRSS","ANTC_CNTG_VRSS_SIGN","ANTC_CNTG_PRDY_CTRT","ACML_VOL","TOTAL_ASKP_RSQN_ICDC","TOTAL_BIDP_RSQN_ICDC","OVTM_TOTAL_ASKP_ICDC","OVTM_TOTAL_BIDP_ICDC","STCK_DEAL_CLS_CODE","KMID_PRC","KMID_TOTAL_RSQN","KMID_CLS_CODE","NMID_PRC","NMID_TOTAL_RSQN","NMID_CLS_CODE"
"080000","0000","0","210000","214000","218000","224000","229500","242500","259000","267500","0","0","206000","204000","202000","200000","195000","0","0","0","0","0","10","20","20","30","2","50","50","100","0","0","1","1","1","25","10","0","0","0","0","0","282","38","0","0","0","0","0","-206000","5","-100.00","0","0","0","0","0","","0","0","0","","",""
"080000","0001","0","210000","210500","212500","213000","214000","216000","217500","218000","219000","223000","209500","208000","207000","206000","204500","204000","203000","202500","202000","200500","10","37","1","10","22","2","1","20","29","1","233","10","30","7","1","1","10","1","1","1","133","295","0","0","0","0","0","-206000","5","-100.00","0","-149","257","0","0","","0","0","0","","",""
"080001","0000","0","210000","210500","212000","212500","213000","213500","214000","215000","216000","217000","209500","208000","207000","206500","206000","205500","205000","204500","204000","203000","4","67","2","1","12","100","24","2","4","2","233","10","50","8","207","1","2","2","8","412","218","933","0","0","0","0","0","-206000","5","-100.00","6","85","638","0","0","","0","0","0","","",""
"080001","0001","0","210000","210500","211000","212000","212500","213000","213500","214000","215000","216000","209500","208000","207000","206500","206000","205500","205000","204500","204000","203500","4","67","20","2","1","502","110","24","4","5","177","10","51","22","243","1","27","2","9","1","739","543","0","0","0","0","0","-206000","5","-100.00","66","521","-390","0","0","","0","0","0","","",""
"080001","0002","0","210000","210500","211000","212000","212500","213000","213500","214000","215000","216000","209500","208000","207000","206500","206000","205500","205000","204500","204000","203500","4","67","20","2","6","502","150","54","5","891","271","10","61","28","244","1","27","2","11","1","1701","656","0","0","0","0","0","-206000","5","-100.00","86","962","113","0","0","","0","0","0","","",""
"080002","0000","0","210000","210500","211000","212000","212500","213000","213500","214000","214500","215000","209500","208500","208000","207000","206500","206000","205500","205000","204500","204000","14","67","120","2","6","502","150","54","2","6","268","5","10","61","22","53","1","37","2","61","923","520","0","0","0","0","0","-206000","5","-100.00","99","-778","-136","0","0","","0","0","0","","",""
"080002","0001","0","210000","210500","211000","212000","212500","213000","213500","214000","214500","215000","209500","208500","208000","207000","206500","206000","205500","205000","204500","204000","14","67","120","2","11","502","150","54","2","6","268","5","10","61","22","63","1","37","2","61","928","530","0","0","0","0","0","-206000","5","-100.00","99","5","10","0","0","","0","0","0","","",""
"080003","0000","0","210000","210500","211000","212000","212500","213000","213500","214000","214500","215000","209500","208500","208000","207000","206500","206000","205500","205000","204500","204000","14","67","120","2","11","502","150","54","2","6","753","5","10","61","32","286","1","37","2","61","928","1248","0","0","0","0","0","-206000","5","-100.00","99","0","718","0","0","","0","0","0","","",""
"080003","0001","0","210000","210500","211000","212000","212500","213000","213500","214000","214500","215000","209500","208500","208000","207000","206500","206000","205500","205000","204500","204000","12","67","150","152","11","502","150","59","2","6","739","5","10","61","32","286","1","37","2","61","1111","1234","0","0","0","0","0","-206000","5","-100.00","116","183","-14","0","0","","0","0","0","","",""
"080003","0002","0","210000","210500","211000","212000","212500","213000","213500","214000","214500","215000","209500","208500","208000","207000","206500","206000","205500","205000","204500","204000","12","67","150","252","11","502","150","59","2","6","739","5","10","61","32","286","1","37","2","61","1211","1234","0","0","0","0","0","-206000","5","-100.00","116","100","0","0","0","","0","0","0","","",""
"080003","0003","0","210000","210500","211000","212000","212500","213000","213500","214000","214500","215000","209500","208500","208000","207000","206500","206000","205500","205000","204500","204000","12","87","150","252","11","502","150","59","2","6","739","5","10","61","32","286","1","37","2","86","1231","1259","0","0","0","0","0","-206000","5","-100.00","116","20","25","0","0","","0","0","0","","",""
"080003","0004","0","210000","210500","211000","212000","212500","213000","213500","214000","214500","215000","209500","208500","208000","207000","206500","206000","205500","205000","204500","204000","11","87","150","252","11","502","150","69","2","206","734","5","110","61","32","286","1","37","2","86","1440","1354","0","0","0","0","0","-206000","5","-100.00","122","209","95","0","0","","0","0","0","","",""
"080004","0000","0","210000","210500","211000","212000","212500","213000","213500","214000","214500","215000","209500","208500","208000","207000","206500","206000","205500","205000","204500","204000","11","87","150","442","12","502","150","69","2","206","734","5","110","61","32","286","1","37","2","86","1631","1354","0","0","0","0","0","-206000","5","-100.00","122","6","0","0","0","","0","0","0","","",""
"080004","0001","0","210000","210500","211000","212000","212500","213000","213500","214000","214500","215000","209500","208500","208000","207000","206500","206000","205500","205000","204500","204000","11","87","150","442","12","502","150","69","2","206","734","5","110","61","32","386","1","37","2","86","1631","1454","0","0","0","0","0","-206000","5","-100.00","122","0","100","0","0","","0","0","0","","",""
"080004","0002","0","210000","210500","211000","212000","212500","213000","213500","214000","214500","215000","209500","208500","208000","207000","206500","206000","205500","205000","204500","204000","7","87","150","442","12","502","150","69","2","207","735","5","111","284","32","386","1","47","2","86","1628","1689","0","0","0","0","0","-206000","5","-100.00","126","-3","12","0","0","","0","0","0","","",""
"080004","0003","0","210000","210500","211000","212000","212500","213000","213500","214000","214500","215000","209500","208500","208000","207000","206500","206000","205500","205000","204500","204000","7","87","150","442","12","502","150","69","2","207","775","5","111","284","32","386","1","47","2","86","1628","1729","0","0","0","0","0","-206000","5","-100.00","126","0","40","0","0","","0","0","0","","",""
"080005","0000","0","210000","210500","211000","212000","212500","213000","213500","214000","214500","215000","209500","208500","208000","207000","206500","206000","205500","205000","204500","204000","7","87","150","442","12","502","150","79","2","207","775","5","111","284","33","386","1","47","2","86","1638","1730","0","0","0","0","0","-206000","5","-100.00","126","10","1","0","0","","0","0","0","","",""
"080005","0001","0","210000","210500","211000","211500","212000","212500","213000","213500","214000","214500","209500","208500","208000","207000","206500","206000","205500","205000","204500","204000","7","87","150","300","442","12","502","150","79","102","775","5","111","284","33","386","1","47","2","86","1831","1730","0","0","0","0","0","-206000","5","-100.00","126","193","0","0","0","","0","0","0","","",""
"080005","0002","0","210000","210500","211000","211500","212000","212500","213000","213500","214000","214500","209500","208500","208000","207000","206500","206000","205500","205000","204500","204000","19","87","150","300","442","12","502","150","79","102","775","5","111","284","33","386","1","47","2","86","1843","1730","0","0","0","0","0","-206000","5","-100.00","134","-188","85","0","0","","0","0","0","","",""
"080005","0003","0","210000","210500","211000","211500","212000","212500","213000","213500","214000","214500","209500","208500","208000","207000","206500","206000","205500","205000","204500","204000","19","88","150","300","442","12","502","150","79","102","770","5","111","284","33","391","1","47","2","86","1844","1730","0","0","0","0","0","-206000","5","-100.00","139","1","-5","0","0","","0","0","0","","",""
"080006","0000","0","210000","210500","211000","211500","212000","212500","213000","213500","214000","214500","209500","208500","208000","207000","206500","206000","205500","205000","204500","204000","9","88","150","300","442","12","502","150","79","102","760","5","111","285","43","393","1","47","2","96","1834","1743","0","0","0","0","0","-206000","5","-100.00","149","-10","13","0","0","","0","0","0","","",""
"080006","0001","0","210500","211000","211500","212000","212500","213000","213500","214000","214500","215000","210000","209500","208500","208000","207000","206500","206000","205500","205000","204500","88","150","300","442","12","502","150","79","102","207","456","275","5","111","285","43","393","1","47","2","2032","1618","0","0","0","0","0","-206000","5","-100.00","178","198","-125","0","0","","0","0","0","","",""
"080006","0002","0","210500","211000","211500","212000","212500","213000","213500","214000","214500","215000","210000","209500","208500","208000","207500","207000","206500","206000","205500","205000","88","150","300","442","12","542","150","79","102","207","456","280","5","111","1","285","43","393","1","47","2072","1622","0","0","0","0","0","-206000","5","-100.00","178","40","4","0","0","","0","0","0","","",""
"080007","0000","0","210500","211000","211500","212000","212500","213000","213500","214000","214500","215000","210000","209500","208500","208000","207500","207000","206500","206000","205500","205000","328","150","300","442","12","542","150","79","102","207","456","280","5","111","1","285","43","393","1","55","2312","1630","0","0","0","0","0","-206000","5","-100.00","178","240","8","0","0","","0","0","0","","",""
"080007","0001","0","210500","211000","211500","212000","212500","213000","213500","214000","214500","215000","210000","209500","208500","208000","207500","207000","206500","206000","205500","205000","328","150","300","442","618","542","150","79","102","207","456","280","5","111","1","285","196","393","1","55","2918","1783","0","0","0","0","0","-206000","5","-100.00","178","606","40","0","0","","0","0","0","","",""
"080007","0002","0","210500","211000","211500","212000","212500","213000","213500","214000","214500","215000","210000","209500","208500","208000","207500","207000","206500","206000","205500","205000","328","150","300","442","618","542","150","79","102","207","456","280","5","111","1","285","215","393","1","55","2918","1802","0","0","0","0","0","-206000","5","-100.00","178","0","19","0","0","","0","0","0","","",""
"080007","0003","0","210500","211000","211500","212000","212500","213000","213500","214000","214500","215000","210000","209500","208500","208000","207500","207000","206500","206000","205500","205000","328","150","300","442","618","542","150","79","102","207","449","280","5","111","1","285","215","394","1","55","2918","1796","0","0","0","0","0","-206000","5","-100.00","185","0","-6","0","0","","0","0","0","","",""
"080007","0004","0","210500","211000","211500","212000","212500","213000","213500","214000","214500","215000","210000","209500","208500","208000","207500","207000","206500","206000","205500","205000","328","150","300","442","618","542","150","79","102","207","419","280","5","111","1","285","215","394","1","55","2918","1766","0","0","0","0","0","-206000","5","-100.00","215","0","-30","0","0","","0","0","0","","",""
"080008","0000","0","210500","211000","211500","212000","212500","213000","213500","214000","214500","215000","210000","209500","208500","208000","207500","207000","206500","206000","205500","205000","328","150","300","442","618","542","150","79","102","217","419","280","5","111","1","285","215","394","1","55","2928","1766","0","0","0","0","0","-206000","5","-100.00","215","10","0","0","0","","0","0","0","","",""
"080008","0001","0","210500","211000","211500","212000","212500","213000","213500","214000","214500","215000","210000","209500","208500","208000","207500","207000","206500","206000","205500","205000","328","150","300","442","618","543","150","79","102","217","469","290","5","111","1","285","215","394","1","56","2929","1827","0","0","0","0","0","-206000","5","-100.00","215","1","61","0","0","","0","0","0","","",""
"080008","0002","0","210500","211000","211500","212000","212500","213000","213500","214000","214500","215000","210000","209500","208500","208000","207500","207000","206500","206000","205500","205000","328","150","300","442","618","543","150","79","102","217","470","290","5","111","1","285","215","394","1","56","2929","1828","0","0","0","0","0","-206000","5","-100.00","215","0","1","0","0","","0","0","0","","",""
"080008","0003","0","210500","211000","211500","212000","212500","213000","213500","214000","214500","215000","210000","209500","208500","208000","207500","207000","206500","206000","205500","205000","328","155","300","442","618","543","150","79","102","217","466","175","5","226","1","290","215","394","1","56","2934","1829","0","0","0","0","0","-206000","5","-100.00","232","5","-1","0","0","","0","0","0","","",""
"080008","0004","0","210500","211000","211500","212000","212500","213000","213500","214000","214500","215000","210000","209500","208500","208000","207500","207000","206500","206000","205500","205000","328","155","300","442","638","543","150","79","102","217","467","175","5","226","1","290","215","494","1","56","2954","1930","0","0","0","0","0","-206000","5","-100.00","232","20","101","0","0","","0","0","0","","",""
"080009","0000","0","210500","211000","211500","212000","212500","213000","213500","214000","214500","215000","210000","209500","208500","208000","207500","207000","206500","206000","205500","205000","328","155","300","442","638","543","150","79","102","217","467","175","5","226","1","290","215","494","2","56","2954","1931","0","0","0","0","0","-206000","5","-100.00","232","0","1","0","0","","0","0","0","","",""
"080009","0001","0","210500","211000","211500","212000","212500","213000","213500","214000","214500","215000","210000","209500","208500","208000","207500","207000","206500","206000","205500","205000","328","155","300","442","638","543","150","79","102","217","464","175","5","226","1","290","215","504","2","56","2954","1938","0","0","0","0","0","-206000","5","-100.00","235","0","7","0","0","","0","0","0","","",""
"080009","0002","0","210500","211000","211500","212000","212500","213000","213500","214000","214500","215000","210000","209500","208500","208000","207500","207000","206500","206000","205500","205000","328","155","300","442","638","543","150","79","102","217","464","195","5","226","1","290","215","504","2","56","2954","1958","0","0","0","0","0","-206000","5","-100.00","235","0","20","0","0","","0","0","0","","",""
"080009","0003","0","210500","211000","211500","212000","212500","213000","213500","214000","214500","215000","210000","209500","208500","208000","207500","207000","206500","206000","205500","205000","328","155","300","442","638","543","150","79","102","217","464","195","5","226","1","290","215","504","2","57","2954","1959","0","0","0","0","0","-206000","5","-100.00","235","0","1","0","0","","0","0","0","","",""
"080009","0004","0","210500","211000","211500","212000","212500","213000","213500","214000","214500","215000","210000","209500","208500","208000","207500","207000","206500","206000","205500","205000","328","155","300","442","638","543","150","79","102","219","464","195","5","226","1","290","215","504","2","57","2956","1959","0","0","0","0","0","-206000","5","-100.00","235","2","0","0","0","","0","0","0","","",""
"080010","0000","0","210500","211000","211500","212000","212500","213000","213500","214000","214500","215000","210000","209500","208500","208000","207500","207000","206500","206000","205500","205000","349","155","300","442","638","543","150","79","102","219","53","195","5","226","1","290","215","514","2","57","2977","1558","0","0","0","0","0","-206000","5","-100.00","646","0","-401","0","0","","0","0","0","","",""
"080010","0001","0","210500","211000","211500","212000","212500","213000","213500","214000","214500","215000","210000","209500","208500","208000","207500","207000","206500","206000","205500","205000","349","156","300","772","638","543","150","79","103","219","52","195","5","226","1","290","215","514","2","57","3309","1557","0","0","0","0","0","-206000","5","-100.00","647","332","-1","0","0","","0","0","0","","",""
"080010","0002","0","210500","211000","211500","212000","212500","213000","213500","214000","214500","215000","210000","209500","208500","208000","207500","207000","206500","206000","205500","205000","289","157","300","773","638","543","150","79","103","219","59","195","5","226","1","290","215","514","4","57","3251","1566","0","0","0","0","0","-206000","5","-100.00","734","-58","9","0","0","","0","0","0","","",""
"080010","0003","0","210500","211000","211500","212000","212500","213000","213500","214000","214500","215000","210000","209500","208500","208000","207500","207000","206500","206000","205500","205000","339","157","300","773","638","543","150","79","103","219","59","195","5","226","1","292","216","535","6","60","3301","1595","0","0","0","0","0","-206000","5","-100.00","734","0","2","0","0","","0","0","0","","",""
"080011","0000","0","210500","211000","211500","212000","212500","213000","213500","214000","214500","215000","210000","209500","208500","208000","207500","207000","206500","206000","205500","205000","339","157","300","773","638","543","150","79","103","219","45","195","5","226","1","292","216","535","6","60","3301","1581","0","0","0","0","0","-206000","5","-100.00","748","0","-14","0","0","","0","0","0","","",""
"080011","0001","0","210500","211000","211500","212000","212500","213000","213500","214000","214500","215000","210000","209500","208500","208000","207500","207000","206500","206000","205500","205000","339","157","300","773","638","543","150","79","103","219","35","195","5","226","101","292","216","435","6","60","3301","1571","0","0","0","0","0","-206000","5","-100.00","758","0","-10","0","0","","0","0","0","","",""
"080011","0002","0","210500","211000","211500","212000","212500","213000","213500","214000","214500","215000","210000","209500","208500","208000","207500","207000","206500","206000","205500","205000","339","157","300","773","638","543","150","79","103","219","35","195","5","226","101","292","216","445","6","60","3301","1581","0","0","0","0","0","-206000","5","-100.00","758","0","10","0","0","","0","0","0","","",""
"080011","0003","0","210500","211000","211500","212000","212500","213000","213500","214000","214500","215000","210000","209500","208500","208000","207500","207000","206500","206000","205500","205000","339","157","300","773","638","543","150","79","103","219","35","195","5","226","114","292","216","445","6","60","3301","1594","0","0","0","0","0","-206000","5","-100.00","758","0","13","0","0","","0","0","0","","",""
"080011","0004","0","210500","211000","211500","212000","212500","213000","213500","214000","214500","215000","210000","209500","208500","208000","207500","207000","206500","206000","205500","205000","339","257","302","773","638","543","150","79","103","219","35","195","5","226","114","292","216","445","6","60","3403","1594","0","0","0","0","0","-206000","5","-100.00","758","102","0","0","0","","0","0","0","","",""
"080012","0000","0","210500","211000","211500","212000","212500","213000","213500","214000","214500","215000","210000","209500","208500","208000","207500","207000","206500","206000","205500","205000","339","263","302","773","638","543","150","79","103","219","30","195","5","226","114","292","216","445","6","60","3409","1589","0","0","0","0","0","-206000","5","-100.00","763","6","0","0","0","","0","0","0","","",""
"080012","0001","0","210500","211000","211500","212000","212500","213000","213500","214000","214500","215000","210000","209500","208500","208000","207500","207000","206500","206000","205500","205000","339","263","302","863","638","543","150","79","103","219","30","195","5","226","114","297","216","445","6","60","3499","1594","0","0","0","0","0","-206000","5","-100.00","763","90","5","0","0","","0","0","0","","",""
"080012","0002","0","210500","211000","211500","212000","212500","213000","213500","214000","214500","215000","210000","209500","208500","208000","207500","207000","206500","206000","205500","205000","349","263","302","863","638","543","150","79","103","219","30","195","5","226","114","297","216","445","6","60","3509","1594","0","0","0","0","0","-206000","5","-100.00","763","10","0","0","0","","0","0","0","","",""
"080012","0003","0","210500","211000","211500","212000","212500","213000","213500","214000","214500","215000","210000","209500","208500","208000","207500","207000","206500","206000","205500","205000","349","263","303","863","638","543","150","79","103","280","30","195","5","226","114","297","216","445","6","60","3571","1594","0","0","0","0","0","-206000","5","-100.00","763","61","0","0","0","","0","0","0","","",""
"080012","0004","0","210000","210500","211000","211500","212000","212500","213000","213500","214000","214500","209500","208500","208000","207500","207000","206500","206000","205500","205000","204500","212","349","263","303","863","638","543","150","79","123","195","5","226","114","297","216","445","6","60","9","3523","1573","0","0","0","0","0","-206000","5","-100.00","803","-68","-21","0","0","","0","0","0","","",""
"080013","0000","0","210000","210500","211000","211500","212000","212500","213000","213500","214000","214500","209500","208500","208000","207500","207000","206500","206000","205500","205000","204500","451","109","263","303","878","638","543","165","79","123","194","5","226","114","297","217","445","6","60","9","3552","1573","0","0","0","0","0","-206000","5","-100.00","804","-1","0","0","0","","0","0","0","","",""
"080013","0001","0","210000","210500","211000","211500","212000","212500","213000","213500","214000","214500","209500","208500","208000","207500","207000","206500","206000","205500","205000","204500","451","109","263","303","878","638","543","165","79","123","194","5","226","114","297","217","447","6","60","9","3552","1575","0","0","0","0","0","-206000","5","-100.00","804","0","2","0","0","","0","0","0","","",""
"080013","0002","0","210000","210500","211000","211500","212000","212500","213000","213500","214000","214500","209500","208500","208000","207500","207000","206500","206000","205500","205000","204500","451","109","263","303","878","638","543","165","79","123","316","5","226","114","297","217","453","6","60","9","3552","1703","0","0","0","0","0","-206000","5","-100.00","804","0","128","0","0","","0","0","0","","",""
"080013","0003","0","210000","210500","211000","211500","212000","212500","213000","213500","214000","214500","209500","208500","208000","207500","207000","206500","206000","205500","205000","204500","481","159","263","303","878","638","543","165","79","123","316","5","226","114","297","217","453","6","60","9","3632","1703","0","0","0","0","0","-206000","5","-100.00","804","80","0","0","0","","0","0","0","","",""
"080014","0000","0","210000","210500","211000","211500","212000","212500","213000","213500","214000","214500","209500","208500","208000","207500","207000","206500","206000","205500","205000","204500","451","159","263","313","878","638","543","165","79","123","316","5","226","114","297","217","453","6","60","9","3612","1703","0","0","0","0","0","-206000","5","-100.00","834","-20","0","0","0","","0","0","0","","",""
"080014","0001","0","210000","210500","211000","211500","212000","212500","213000","213500","214000","214500","209500","208500","208000","207500","207000","206500","206000","205500","205000","204500","362","160","263","313","879","638","543","165","79","123","316","5","226","114","297","217","463","6","60","9","3525","1713","0","0","0","0","0","-206000","5","-100.00","934","11","10","0","0","","0","0","0","","",""
"080014","0002","0","210000","210500","211000","211500","212000","212500","213000","213500","214000","214500","209500","208500","208000","207500","207000","206500","206000","205500","205000","204500","396","160","263","313","879","638","543","165","79","123","316","5","226","114","297","217","463","6","60","9","3559","1713","0","0","0","0","0","-206000","5","-100.00","935","34","0","0","0","","0","0","0","","",""
"080014","0003","0","210000","210500","211000","211500","212000","212500","213000","213500","214000","214500","209500","208500","208000","207500","207000","206500","206000","205500","205000","204500","386","160","263","313","879","638","543","165","79","123","316","5","226","114","297","217","463","6","60","9","3549","1713","0","0","0","0","0","-206000","5","-100.00","945","-10","0","0","0","","0","0","0","","",""
"080015","0000","0","210000","210500","211000","211500","212000","212500","213000","213500","214000","214500","209500","208500","208000","207500","207000","206500","206000","205500","205000","204500","384","160","263","313","879","639","543","165","79","123","316","15","226","114","297","217","464","6","60","9","3548","1724","0","0","0","0","0","-206000","5","-100.00","947","1","1","0","0","","0","0","0","","",""
"080015","0001","0","210000","210500","211000","211500","212000","212500","213000","213500","214000","214500","209500","208500","208000","207500","207000","206500","206000","205500","205000","204500","384","160","301","313","880","639","543","165","79","123","316","15","226","114","297","217","464","6","120","9","3587","1784","0","0","0","0","0","-206000","5","-100.00","947","1","0","0","0","","0","0","0","","",""
"080015","0002","0","210000","210500","211000","211500","212000","212500","213000","213500","214000","214500","209500","208500","208000","207500","207000","206500","206000","205500","205000","204500","384","160","302","314","881","639","543","165","79","123","316","15","226","114","297","217","464","6","120","9","3590","1784","0","0","0","0","0","-206000","5","-100.00","947","3","0","0","0","","0","0","0","","",""
"080015","0003","0","210000","210500","211000","211500","212000","212500","213000","213500","214000","214500","209500","208500","208000","207500","207000","206500","206000","205500","205000","204500","394","186","302","314","881","639","543","165","79","123","336","15","226","114","297","217","464","6","120","9","3626","1804","0","0","0","0","0","-206000","5","-100.00","947","30","20","0","0","","0","0","0","","",""
"080016","0000","0","210000","210500","211000","211500","212000","212500","213000","213500","214000","214500","209500","208500","208000","207500","207000","206500","206000","205500","205000","204500","397","186","302","314","881","639","543","165","79","123","336","15","226","114","297","217","464","7","120","9","3629","1805","0","0","0","0","0","-206000","5","-100.00","947","0","1","0","0","","0","0","0","","",""
"080016","0001","0","210000","210500","211000","211500","212000","212500","213000","213500","214000","214500","209500","208500","208000","207500","207000","206500","206000","205500","205000","204500","417","196","302","314","881","639","543","180","79","123","336","15","226","114","297","217","464","7","120","9","3674","1805","0","0","0","0","0","-206000","5","-100.00","947","45","0","0","0","","0","0","0","","",""
"080016","0002","0","210000","210500","211000","211500","212000","212500","213000","213500","214000","214500","209500","208500","208000","207500","207000","206500","206000","205500","205000","204500","417","196","303","314","981","639","543","180","89","123","335","15","226","114","317","217","464","7","120","9","3785","1824","0","0","0","0","0","-206000","5","-100.00","948","111","-1","0","0","","0","0","0","","",""
"080016","0003","0","210000","210500","211000","211500","212000","212500","213000","213500","214000","214500","209500","208500","208000","207500","207000","206500","206000","205500","205000","204500","417","196","303","314","981","639","544","180","89","123","323","15","226","114","317","217","464","7","125","9","3786","1817","0","0","0","0","0","-206000","5","-100.00","960","1","-7","0","0","","0","0","0","","",""
"080016","0004","0","210000","210500","211000","211500","212000","212500","213000","213500","214000","214500","209500","208500","208000","207500","207000","206500","206000","205500","205000","204500","407","196","303","314","981","639","544","180","89","123","506","15","226","114","317","217","464","7","125","9","3776","2000","0","0","0","0","0","-206000","5","-100.00","987","0","200","0","0","","0","0","0","","",""
"080017","0000","0","210000","210500","211000","211500","212000","212500","213000","213500","214000","214500","209500","208500","208000","207500","207000","206500","206000","205500","205000","204500","407","196","303","314","987","639","544","180","89","123","506","15","226","114","317","217","464","7","125","9","3782","2000","0","0","0","0","0","-206000","5","-100.00","987","6","0","0","0","","0","0","0","","",""
"080017","0001","0","210000","210500","211000","211500","212000","212500","213000","213500","214000","214500","209500","208500","208000","207500","207000","206500","206000","205500","205000","204500","407","196","303","314","987","639","544","181","139","123","506","15","231","114","477","217","464","7","125","9","3833","2165","0","0","0","0","0","-206000","5","-100.00","987","51","160","0","0","","0","0","0","","",""
"080017","0002","0","210000","210500","211000","211500","212000","212500","213000","213500","214000","214500","209500","208500","208000","207500","207000","206500","206000","205500","205000","204500","407","196","303","315","987","639","544","182","139","123","526","15","234","114","477","217","464","7","125","9","3835","2188","0","0","0","0","0","-206000","5","-100.00","987","2","23","0","0","","0","0","0","","",""
"080017","0003","0","210000","210500","211000","211500","212000","212500","213000","213500","214000","214500","209500","208500","208000","207500","207000","206500","206000","205500","205000","204500","417","206","309","315","987","639","544","238","139","123","424","15","234","114","478","217","464","7","125","9","3917","2087","0","0","0","0","0","-206000","5","-100.00","1089","66","-101","0","0","","0","0","0","","",""
"080017","0004","0","210000","210500","211000","211500","212000","212500","213000","213500","214000","214500","209500","208500","208000","207500","207000","206500","206000","205500","205000","204500","441","206","309","315","987","639","544","238","139","123","424","15","234","114","478","217","464","7","125","9","3941","2087","0","0","0","0","0","-206000","5","-100.00","1089","4","0","0","0","","0","0","0","","",""
"080018","0000","0","210000","210500","211000","211500","212000","212500","213000","213500","214000","214500","209500","208500","208000","207500","207000","206500","206000","205500","205000","204500","441","216","309","315","987","639","544","238","139","123","424","15","234","114","488","217","464","7","125","9","3951","2097","0","0","0","0","0","-206000","5","-100.00","1089","0","10","0","0","","0","0","0","","",""
"080018","0001","0","210000","210500","211000","211500","212000","212500","213000","213500","214000","214500","209500","208500","208000","207500","207000","206500","206000","205500","205000","204500","432","216","309","315","987","639","544","238","139","123","424","15","234","114","488","217","464","7","125","9","3942","2097","0","0","0","0","0","-206000","5","-100.00","1099","-9","0","0","0","","0","0","0","","",""
"080018","0002","0","210000","210500","211000","211500","212000","212500","213000","213500","214000","214500","209500","209000","208500","208000","207500","207000","206500","206000","205500","205000","432","216","309","315","987","639","544","239","139","123","424","1","15","234","114","488","217","464","7","126","3943","2090","0","0","0","0","0","-206000","5","-100.00","1099","1","-7","0","0","","0","0","0","","",""
"080018","0003","0","210000","210500","211000","211500","212000","212500","213000","213500","214000","214500","209500","209000","208500","208000","207500","207000","206500","206000","205500","205000","430","216","309","315","987","639","544","239","139","123","424","1","15","234","114","488","217","464","7","126","3941","2090","0","0","0","0","0","-206000","5","-100.00","1101","-1","0","0","0","","0","0","0","","",""
"080018","0004","0","210000","210500","211000","211500","212000","212500","213000","213500","214000","214500","209500","209000","208500","208000","207500","207000","206500","206000","205500","205000","450","216","309","315","987","639","544","239","139","123","424","1","15","234","114","488","217","257","7","126","3961","1883","0","0","0","0","0","-206000","5","-100.00","1101","0","-207","0","0","","0","0","0","","",""
"080019","0000","0","210000","210500","211000","211500","212000","212500","213000","213500","214000","214500","209500","209000","208500","208000","207500","207000","206500","206000","205500","205000","449","216","309","315","987","639","544","239","139","123","424","1","15","234","114","487","217","257","7","126","3960","1882","0","0","0","0","0","-206000","5","-100.00","1102","-1","-1","0","0","","0","0","0","","",""
"080019","0001","0","210000","210500","211000","211500","212000","212500","213000","213500","214000","214500","209500","209000","208500","208000","207500","207000","206500","206000","205500","205000","469","216","309","315","987","639","544","239","140","123","424","1","15","234","114","487","217","257","7","126","3981","1882","0","0","0","0","0","-206000","5","-100.00","1102","21","0","0","0","","0","0","0","","",""
"080019","0002","0","210000","210500","211000","211500","212000","212500","213000","213500","214000","214500","209500","209000","208500","208000","207500","207000","206500","206000","205500","205000","479","290","309","315","987","639","545","239","140","123","424","1","15","234","114","487","217","258","7","126","4066","1883","0","0","0","0","0","-206000","5","-100.00","1102","10","0","0","0","","0","0","0","","",""
"080019","0003","0","210000","210500","211000","211500","212000","212500","213000","213500","214000","214500","209500","209000","208500","208000","207500","207000","206500","206000","205500","205000","479","290","309","315","987","639","545","239","140","123","424","1","15","234","114","487","217","258","7","126","4066","1883","0","0","0","0","0","-206000","5","-100.00","1107","0","0","0","0","","0","0","0","","",""
"080020","0000","0","210000","210500","211000","211500","212000","212500","213000","213500","214000","214500","209500","209000","208500","208000","207500","207000","206500","206000","205500","205000","483","290","309","315","987","639","545","239","140","123","437","1","15","234","114","487","217","258","7","126","4070","1896","0","0","0","0","0","-206000","5","-100.00","1127","4","-20","0","0","","0","0","0","","",""
"080020","0001","0","210000","210500","211000","211500","212000","212500","213000","213500","214000","214500","209500","209000","208500","208000","207500","207000","206500","206000","205500","205000","487","290","309","315","987","639","545","239","140","123","407","1","15","234","114","487","217","458","7","126","4074","2066","0","0","0","0","0","-206000","5","-100.00","1158","5","0","0","0","","0","0","0","","",""
"080020","0002","0","210000","210500","211000","211500","212000","212500","213000","213500","214000","214500","209500","209000","208500","208000","207500","207000","206500","206000","205500","205000","464","290","309","315","987","639","545","239","140","123","407","1","15","234","114","487","217","458","7","126","4051","2066","0","0","0","0","0","-206000","5","-100.00","1181","-23","0","0","0","","0","0","0","","",""
"080020","0003","0","210000","210500","211000","211500","212000","212500","213000","213500","214000","214500","209500","209000","208500","208000","207500","207000","206500","206000","205500","205000","464","290","309","317","987","639","545","239","143","124","407","1","47","234","233","487","217","458","7","126","4057","2217","0","0","0","0","0","-206000","5","-100.00","1181","1","120","0","0","","0","0","0","","",""
"080020","0004","0","210000","210500","211000","211500","212000","212500","213000","213500","214000","214500","209500","209000","208500","208000","207500","207000","206500","206000","205500","205000","465","290","309","317","987","639","545","239","143","124","406","1","47","234","233","487","217","458","7","126","4058","2216","0","0","0","0","0","-206000","5","-100.00","1182","1","-1","0","0","","0","0","0","","",""
"080021","0000","0","210000","210500","211000","211500","212000","212500","213000","213500","214000","214500","209500","209000","208500","208000","207500","207000","206500","206000","205500","205000","496","290","309","422","987","639","545","239","143","124","405","1","47","234","233","487","217","458","7","126","4194","2215","0","0","0","0","0","-206000","5","-100.00","1183","30","0","0","0","","0","0","0","","",""
"080021","0001","0","210000","210500","211000","211500","212000","212500","213000","213500","214000","214500","209500","209000","208500","208000","207500","207000","206500","206000","205500","205000","496","290","309","422","987","639","545","239","143","126","200","5","47","234","233","487","217","458","7","126","4196","2014","0","0","0","0","0","-206000","5","-100.00","1388","0","4","0","0","","0","0","0","","",""
"080021","0002","0","210000","210500","211000","211500","212000","212500","213000","213500","214000","214500","209500","209000","208500","208000","207500","207000","206500","206000","205500","205000","496","290","309","422","987","639","545","239","143","127","200","5","51","238","237","491","217","458","7","131","4197","2035","0","0","0","0","0","-206000","5","-100.00","1388","0","8","0","0","","0","0","0","","",""
"080022","0000","0","210000","210500","211000","211500","212000","212500","213000","213500","214000","214500","209500","209000","208500","208000","207500","207000","206500","206000","205500","205000","505","290","309","422","987","639","545","239","143","127","200","5","204","238","237","491","221","462","11","135","4206","2204","0","0","0","0","0","-206000","5","-100.00","1388","0","4","0","0","","0","0","0","","",""
"080022","0001","0","210000","210500","211000","211500","212000","212500","213000","213500","214000","214500","209500","209000","208500","208000","207500","207000","206500","206000","205500","205000","505","290","309","422","987","639","545","239","143","127","200","5","204","238","237","493","221","462","11","135","4206","2206","0","0","0","0","0","-206000","5","-100.00","1388","0","2","0","0","","0","0","0","","",""
"080022","0002","0","210000","210500","211000","211500","212000","212500","213000","213500","214000","214500","209500","209000","208500","208000","207500","207000","206500","206000","205500","205000","513","290","309","422","987","639","545","239","143","127","200","5","204","238","237","493","221","462","11","135","4214","2206","0","0","0","0","0","-206000","5","-100.00","1388","8","0","0","0","","0","0","0","","",""
"080022","0003","0","210000","210500","211000","211500","212000","212500","213000","213500","214000","214500","209500","209000","208500","208000","207500","207000","206500","206000","205500","205000","513","290","309","422","987","639","545","239","143","127","198","5","214","238","237","493","221","462","11","136","4214","2215","0","0","0","0","0","-206000","5","-100.00","1391","0","7","0","0","","0","0","0","","",""
"080022","0004","0","210000","210500","211000","211500","212000","212500","213000","213500","214000","214500","209500","209000","208500","208000","207500","207000","206500","206000","205500","205000","509","290","309","422","988","639","545","239","143","129","194","15","214","238","237","493","221","462","11","136","4213","2221","0","0","0","0","0","-206000","5","-100.00","1405","0","-2","0","0","","0","0","0","","",""
"080023","0000","0","209500","210000","210500","211000","211500","212000","212500","213000","213500","214000","209000","208500","208000","207500","207000","206500","206000","205500","205000","204500","27","509","290","309","422","988","639","545","239","143","15","214","238","237","494","221","462","11","136","13","4111","2041","0","0","0","0","0","-206000","5","-100.00","1670","-10","0","0","0","","0","0","0","","",""
"080023","0001","0","209500","210000","210500","211000","211500","212000","212500","213000","213500","214000","209000","208500","208000","207500","207000","206500","206000","205500","205000","204500","28","509","290","309","422","988","639","545","239","143","15","214","238","237","494","221","565","11","136","13","4112","2144","0","0","0","0","0","-206000","5","-100.00","1670","0","3","0","0","","0","0","0","","",""
"080023","0002","0","209500","210000","210500","211000","211500","212000","212500","213000","213500","214000","209000","208500","208000","207500","207000","206500","206000","205500","205000","204500","59","510","290","309","422","988","639","545","239","143","15","214","238","237","494","221","565","11","136","13","4144","2144","0","0","0","0","0","-206000","5","-100.00","1675","-5","0","0","0","","0","0","0","","",""
"080023","0003","0","209500","210000","210500","211000","211500","212000","212500","213000","213500","214000","209000","208500","208000","207500","207000","206500","206000","205500","205000","204500","39","510","290","309","423","988","639","546","239","145","15","214","238","237","494","221","565","11","136","13","4128","2144","0","0","0","0","0","-206000","5","-100.00","1695","-16","0","0","0","","0","0","0","","",""
"080024","0000","0","209500","210000","210500","211000","211500","212000","212500","213000","213500","214000","209000","208500","208000","207500","207000","206500","206000","205500","205000","204500","19","525","290","309","423","988","639","546","239","145","15","214","248","237","495","221","565","11","136","13","4123","2155","0","0","0","0","0","-206000","5","-100.00","1715","-20","1","0","0","","0","0","0","","",""
"080024","0001","0","209500","210000","210500","211000","211500","212000","212500","213000","213500","214000","209000","208500","208000","207500","207000","206500","206000","205500","205000","204500","49","495","290","309","423","988","692","546","239","145","15","214","248","237","500","221","566","11","136","13","4176","2161","0","0","0","0","0","-206000","5","-100.00","1715","53","0","0","0","","0","0","0","","",""
"080024","0002","0","209500","210000","210500","211000","211500","212000","212500","213000","213500","214000","209000","208500","208000","207500","207000","206500","206000","205500","205000","204500","49","495","295","309","423","988","692","546","239","145","15","214","248","237","500","221","566","11","136","13","4181","2161","0","0","0","0","0","-206000","5","-100.00","1715","5","0","0","0","","0","0","0","","",""
"080024","0003","0","209500","210000","210500","211000","211500","212000","212500","213000","213500","214000","209000","208500","208000","207500","207000","206500","206000","205500","205000","204500","96","495","296","309","433","988","692","546","239","145","15","214","248","237","500","221","566","11","136","13","4239","2161","0","0","0","0","0","-206000","5","-100.00","1715","47","0","0","0","","0","0","0","","",""
"080025","0000","0","209500","210000","210500","211000","211500","212000","212500","213000","213500","214000","209000","208500","208000","207500","207000","206500","206000","205500","205000","204500","96","495","296","309","433","988","702","546","229","146","15","214","248","237","500","221","566","11","136","13","4240","2161","0","0","0","0","0","-206000","5","-100.00","1715","0","0","0","0","","0","0","0","","",""
"080025","0001","0","209500","210000","210500","211000","211500","212000","212500","213000","213500","214000","209000","208500","208000","207500","207000","206500","206000","205500","205000","204500","96","495","296","310","433","988","703","546","229","147","15","214","248","237","502","221","566","11","136","13","4243","2163","0","0","0","0","0","-206000","5","-100.00","1716","3","2","0","0","","0","0","0","","",""
"080025","0002","0","209500","210000","210500","211000","211500","212000","212500","213000","213500","214000","209000","208500","208000","207500","207000","206500","206000","205500","205000","204500","86","495","296","310","433","988","703","546","229","147","15","214","248","237","502","221","580","11","136","13","4233","2177","0","0","0","0","0","-206000","5","-100.00","1726","-10","14","0","0","","0","0","0","","",""
"080025","0003","0","209500","210000","210500","211000","211500","212000","212500","213000","213500","214000","209000","208500","208000","207500","207000","206500","206000","205500","205000","204500","73","495","296","310","433","988","703","546","229","147","15","214","248","237","502","221","580","11","136","13","4220","2177","0","0","0","0","0","-206000","5","-100.00","1739","-13","0","0","0","","0","0","0","","",""
"080025","0004","0","209500","210000","210500","211000","211500","212000","212500","213000","213500","214000","209000","208500","208000","207500","207000","206500","206000","205500","205000","204500","73","495","296","310","438","988","703","546","229","147","15","214","248","237","502","221","580","11","136","33","4225","2197","0","0","0","0","0","-206000","5","-100.00","1739","5","20","0","0","","0","0","0","","",""
"080026","0000","0","209500","210000","210500","211000","211500","212000","212500","213000","213500","214000","209000","208500","208000","207500","207000","206500","206000","205500","205000","204500","73","495","296","310","438","988","703","546","236","147","15","214","248","237","502","221","580","11","136","33","4232","2197","0","0","0","0","0","-206000","5","-100.00","1739","5","0","0","0","","0","0","0","","",""
"080026","0001","0","209500","210000","210500","211000","211500","212000","212500","213000","213500","214000","209000","208500","208000","207500","207000","206500","206000","205500","205000","204500","123","495","296","310","438","988","703","546","236","147","86","214","248","237","502","221","580","11","136","33","4282","2268","0","0","0","0","0","-206000","5","-100.00","1789","50","71","0","0","","0","0","0","","",""
"080026","0002","0","209500","210000","210500","211000","211500","212000","212500","213000","213500","214000","209000","208500","208000","207500","207000","206500","206000","205500","205000","204500","125","496","296","310","438","988","703","546","236","147","86","218","248","237","512","221","580","11","136","33","4285","2282","0","0","0","0","0","-206000","5","-100.00","1789","3","0","0","0","","0","0","0","","",""
"080026","0003","0","209500","210000","210500","211000","211500","212000","212500","213000","213500","214000","209000","208500","208000","207500","207000","206500","206000","205500","205000","204500","123","506","296","310","438","988","704","546","236","147","63","218","248","237","512","221","688","11","136","33","4294","2367","0","0","0","0","0","-206000","5","-100.00","1814","0","-23","0","0","","0","0","0","","",""
"080027","0000","0","209500","210000","210500","211000","211500","212000","212500","213000","213500","214000","209000","208500","208000","207500","207000","206500","206000","205500","205000","204500","103","506","296","320","438","988","704","546","236","147","63","218","248","237","512","221","688","11","136","33","4284","2367","0","0","0","0","0","-206000","5","-100.00","1864","-40","0","0","0","","0","0","0","","",""
"080027","0001","0","209500","210000","210500","211000","211500","212000","212500","213000","213500","214000","209000","208500","208000","207500","207000","206500","206000","205500","205000","204500","103","506","296","320","438","988","704","546","236","147","63","218","248","237","512","221","688","11","137","33","4284","2368","0","0","0","0","0","-206000","5","-100.00","1864","0","1","0","0","","0","0","0","","",""
"080027","0002","0","209500","210000","210500","211000","211500","212000","212500","213000","213500","214000","209000","208500","208000","207500","207000","206500","206000","205500","205000","204500","143","506","296","320","439","988","704","546","236","147","64","218","248","237","512","221","688","11","137","33","4325","2369","0","0","0","0","0","-206000","5","-100.00","1864","1","1","0","0","","0","0","0","","",""
"080027","0003","0","209500","210000","210500","211000","211500","212000","212500","213000","213500","214000","209000","208500","208000","207500","207000","206500","206000","205500","205000","204500","131","506","346","320","439","988","704","546","236","147","64","218","248","237","512","221","688","11","137","33","4363","2369","0","0","0","0","0","-206000","5","-100.00","1876","38","0","0","0","","0","0","0","","",""
"080027","0004","0","209500","210000","210500","211000","211500","212000","212500","213000","213500","214000","209000","208500","208000","207500","207000","206500","206000","205500","205000","204500","138","505","346","320","439","988","704","546","236","147","64","218","248","237","512","221","688","11","140","33","4369","2372","0","0","0","0","0","-206000","5","-100.00","1876","6","3","0","0","","0","0","0","","",""
"080028","0000","0","209500","210000","210500","211000","211500","212000","212500","213000","213500","214000","209000","208500","208000","207500","207000","206500","206000","205500","205000","204500","138","505","346","338","439","988","704","546","236","147","65","218","248","237","512","221","688","11","140","33","4387","2373","0","0","0","0","0","-206000","5","-100.00","1876","18","1","0","0","","0","0","0","","",""
"080028","0001","0","209500","210000","210500","211000","211500","212000","212500","213000","213500","214000","209000","208500","208000","207500","207000","206500","206000","205500","205000","204500","138","470","346","338","439","988","704","548","236","209","65","218","248","237","512","235","688","11","140","33","4416","2387","0","0","0","0","0","-206000","5","-100.00","1876","29","14","0","0","","0","0","0","","",""
"080028","0002","0","209500","210000","210500","211000","211500","212000","212500","213000","213500","214000","209000","208500","208000","207500","207000","206500","206000","205500","205000","204500","138","475","346","338","439","988","704","548","236","209","65","218","248","237","512","235","688","11","140","33","4421","2387","0","0","0","0","0","-206000","5","-100.00","1876","5","0","0","0","","0","0","0","","",""
"080028","0003","0","209500","210000","210500","211000","211500","212000","212500","213000","213500","214000","209000","208500","208000","207500","207000","206500","206000","205500","205000","204500","138","553","346","338","439","988","704","548","236","209","65","218","272","237","512","235","719","11","140","33","4499","2442","0","0","0","0","0","-206000","5","-100.00","1876","-5","0","0","0","","0","0","0","","",""
"080029","0000","0","209500","210000","210500","211000","211500","212000","212500","213000","213500","214000","209000","208500","208000","207500","207000","206500","206000","205500","205000","204500","138","553","346","338","439","988","704","548","236","209","61","218","272","237","512","235","719","11","140","33","4499","2438","0","0","0","0","0","-206000","5","-100.00","1881","0","-4","0","0","","0","0","0","","",""
"080029","0001","0","209500","210000","210500","211000","211500","212000","212500","213000","213500","214000","209000","208500","208000","207500","207000","206500","206000","205500","205000","204500","138","553","346","338","439","988","704","548","236","209","61","218","272","237","612","235","720","11","140","33","4499","2539","0","0","0","0","0","-206000","5","-100.00","1881","0","101","0","0","","0","0","0","","",""
"080029","0002","0","209500","210000","210500","211000","211500","212000","212500","213000","213500","214000","209000","208500","208000","207500","207000","206500","206000","205500","205000","204500","138","553","346","338","439","993","704","548","236","209","61","218","272","237","612","235","730","11","160","33","4504","2569","0","0","0","0","0","-206000","5","-100.00","1881","0","10","0","0","","0","0","0","","",""
"080029","0003","0","209500","210000","210500","211000","211500","212000","212500","213000","213500","214000","209000","208500","208000","207500","207000","206500","206000","205500","205000","204500","188","553","326","339","429","993","704","548","236","209","41","218","272","239","612","235","730","11","165","33","4525","2556","0","0","0","0","0","-206000","5","-100.00","1901","-19","-18","0","0","","0","0","0","","",""
"080030","0000","0","209500","210000","210500","211000","211500","212000","212500","213000","213500","214000","209000","208500","208000","207500","207000","206500","206000","205500","205000","204500","196","553","326","339","429","993","704","548","236","209","41","218","272","239","612","235","730","11","165","33","4533","2556","0","0","0","0","0","-206000","5","-100.00","1907","9","0","0","0","","0","0","0","","",""
"080030","0001","0","209500","210000","210500","211000","211500","212000","212500","213000","213500","214000","209000","208500","208000","207500","207000","206500","206000","205500","205000","204500","239","553","327","339","429","993","706","548","236","239","34","218","272","239","612","235","730","11","165","33","4609","2549","0","0","0","0","0","-206000","5","-100.00","1924","-9","-7","0","0","","0","0","0","","",""
"080030","0002","0","209500","210000","210500","211000","211500","212000","212500","213000","213500","214000","209000","208500","208000","207500","207000","206500","206000","205500","205000","204500","238","553","327","339","429","993","706","548","236","249","34","218","272","239","612","235","730","11","165","33","4618","2549","0","0","0","0","0","-206000","5","-100.00","1925","10","0","0","0","","0","0","0","","",""
"080030","0003","0","209500","210000","210500","211000","211500","212000","212500","213000","213500","214000","209000","208500","208000","207500","207000","206500","206000","205500","205000","204500","233","553","327","339","429","993","706","549","236","249","24","218","272","243","612","221","730","11","165","33","4614","2529","0","0","0","0","0","-206000","5","-100.00","1940","-4","-14","0","0","","0","0","0","","",""
"080031","0000","0","209500","210000","210500","211000","211500","212000","212500","213000","213500","214000","209000","208500","208000","207500","207000","206500","206000","205500","205000","204500","233","553","335","339","429","993","706","549","236","249","24","218","272","243","612","221","730","11","165","33","4622","2529","0","0","0","0","0","-206000","5","-100.00","1940","8","0","0","0","","0","0","0","","",""
"080031","0001","0","209500","210000","210500","211000","211500","212000","212500","213000","213500","214000","209000","208500","208000","207500","207000","206500","206000","205500","205000","204500","233","553","335","339","429","1493","706","549","236","278","24","218","272","343","612","221","730","11","165","33","5151","2629","0","0","0","0","0","-206000","5","-100.00","1940","500","100","0","0","","0","0","0","","",""
"080031","0002","0","209500","210000","210500","211000","211500","212000","212500","213000","213500","214000","209000","208500","208000","207500","207000","206500","206000","205500","205000","204500","233","553","335","339","429","1493","706","549","236","278","24","218","272","343","616","221","730","11","165","33","5151","2633","0","0","0","0","0","-206000","5","-100.00","1940","0","4","0","0","","0","0","0","","",""
"080032","0000","0","209500","210000","210500","211000","211500","212000","212500","213000","213500","214000","209000","208500","208000","207500","207000","206500","206000","205500","205000","204500","230","553","335","339","429","1493","706","549","236","378","39","218","272","343","616","221","730","11","165","33","5248","2648","0","0","0","0","0","-206000","5","-100.00","1943","97","15","0","0","","0","0","0","","",""
"080032","0001","0","209500","210000","210500","211000","211500","212000","212500","213000","213500","214000","209000","208500","208000","207500","207000","206500","206000","205500","205000","204500","240","553","335","339","429","1493","708","549","236","378","40","218","272","343","616","221","730","11","165","33","5260","2649","0","0","0","0","0","-206000","5","-100.00","1943","2","0","0","0","","0","0","0","","",""
"080032","0002","0","209500","210000","210500","211000","211500","212000","212500","213000","213500","214000","209000","208500","208000","207500","207000","206500","206000","205500","205000","204500","740","553","335","339","429","1493","708","49","236","378","40","218","262","343","626","221","730","11","165","33","5260","2649","0","0","0","0","0","-206000","5","-100.00","1943","0","0","0","0","","0","0","0","","",""
"080032","0003","0","209500","210000","210500","211000","211500","212000","212500","213000","213500","214000","209000","208500","208000","207500","207000","206500","206000","205500","205000","204500","731","552","335","339","429","1493","708","49","236","389","40","218","262","343","626","225","730","11","165","33","5261","2653","0","0","0","0","0","-206000","5","-100.00","1953","1","4","0","0","","0","0","0","","",""
"080032","0004","0","209500","210000","210500","211000","211500","212000","212500","213000","213500","214000","209000","208500","208000","207500","207000","206500","206000","205500","205000","204500","731","552","335","339","429","1493","708","49","236","389","41","218","262","343","626","225","730","11","165","33","5261","2654","0","0","0","0","0","-206000","5","-100.00","1953","0","1","0","0","","0","0","0","","",""
"080033","0000","0","209500","210000","210500","211000","211500","212000","212500","213000","213500","214000","209000","208500","208000","207500","207000","206500","206000","205500","205000","204500","731","562","335","339","429","1493","708","49","236","389","41","218","262","343","626","225","730","11","166","33","5271","2655","0","0","0","0","0","-206000","5","-100.00","1953","0","1","0","0","","0","0","0","","",""
"080033","0001","0","209500","210000","210500","211000","211500","212000","212500","213000","213500","214000","209000","208500","208000","207500","207000","206500","206000","205500","205000","204500","731","562","335","339","429","1493","708","49","236","389","46","218","262","343","626","225","730","11","166","33","5271","2660","0","0","0","0","0","-206000","5","-100.00","1953","0","5","0","0","","0","0","0","","",""
"080033","0002","0","209500","210000","210500","211000","211500","212000","212500","213000","213500","214000","209000","208500","208000","207500","207000","206500","206000","205500","205000","204500","736","562","285","339","429","1493","708","49","236","439","6","218","262","343","626","225","734","11","167","33","5276","2625","0","0","0","0","0","-206000","5","-100.00","2003","390","-98","0","0","","0","0","0","","",""
"080033","0003","0","209500","210000","210500","211000","211500","212000","212500","213000","213500","214000","209000","208500","208000","207500","207000","206500","206000","205500","205000","204500","736","562","285","339","429","1493","708","49","236","489","5","218","262","343","626","225","734","11","167","33","5326","2624","0","0","0","0","0","-206000","5","-100.00","2004","50","-1","0","0","","0","0","0","","",""
"080034","0000","0","209500","210000","210500","211000","211500","212000","212500","213000","213500","214000","209000","208500","208000","207500","207000","206500","206000","205500","205000","204500","736","562","285","339","429","1493","708","49","236","489","15","218","262","343","627","225","734","11","171","33","5326","2639","0","0","0","0","0","-206000","5","-100.00","2004","0","10","0","0","","0","0","0","","",""
"080034","0001","0","209500","210000","210500","211000","211500","212000","212500","213000","213500","214000","209000","208500","208000","207500","207000","206500","206000","205500","205000","204500","752","562","285","339","429","1493","708","49","237","489","19","218","262","343","627","225","734","11","171","33","5343","2643","0","0","0","0","0","-206000","5","-100.00","2004","16","0","0","0","","0","0","0","","",""
"080034","0002","0","209000","209500","210000","210500","211000","211500","212000","212500","213000","213500","208500","208000","207500","207000","206500","206000","205500","205000","204500","204000","15","752","562","285","339","429","1493","708","49","237","218","262","343","627","225","744","11","171","33","105","4869","2739","0","0","0","0","0","-206000","5","-100.00","2024","-1","10","0","0","","0","0","0","","",""
"080034","0003","0","209000","209500","210000","210500","211000","211500","212000","212500","213000","213500","208500","208000","207500","207000","206500","206000","205500","205000","204500","204000","12","752","562","285","339","429","1493","708","49","237","218","262","343","627","225","744","11","171","33","105","4866","2739","0","0","0","0","0","-206000","5","-100.00","2027","-3","0","0","0","","0","0","0","","",""
"080034","0004","0","209000","209500","210000","210500","211000","211500","212000","212500","213000","213500","208500","208000","207500","207000","206500","206000","205500","205000","204500","204000","22","752","562","285","340","429","1493","708","49","237","218","262","343","627","225","744","11","171","33","105","4877","2739","0","0","0","0","0","-206000","5","-100.00","2027","0","0","0","0","","0","0","0","","",""
"080035","0000","0","209000","209500","210000","210500","211000","211500","212000","212500","213000","213500","208500","208000","207500","207000","206500","206000","205500","205000","204500","204000","18","752","562","285","340","429","1493","708","49","237","218","262","343","627","227","744","11","172","33","105","4873","2742","0","0","0","0","0","-206000","5","-100.00","2031","-4","3","0","0","","0","0","0","","",""
"080035","0001","0","209500","210000","210500","211000","211500","212000","212500","213000","213500","214000","209000","208500","208000","207500","207000","206500","206000","205500","205000","204500","752","562","285","340","441","1493","708","49","237","489","2","203","262","343","627","227","744","11","172","33","5356","2624","0","0","0","0","0","-206000","5","-100.00","2064","483","-118","0","0","","0","0","0","","",""
"080035","0002","0","209500","210000","210500","211000","211500","212000","212500","213000","213500","214000","209000","208500","208000","207500","207000","206500","206000","205500","205000","204500","752","592","285","340","441","1493","708","49","237","489","2","203","262","343","627","227","744","11","172","33","5386","2624","0","0","0","0","0","-206000","5","-100.00","2064","30","0","0","0","","0","0","0","","",""
"080035","0003","0","209500","210000","210500","211000","211500","212000","212500","213000","213500","214000","209000","208500","208000","207500","207000","206500","206000","205500","205000","204500","752","592","285","340","441","1493","708","50","237","490","2","203","262","343","627","227","744","11","172","33","5388","2624","0","0","0","0","0","-206000","5","-100.00","2064","1","0","0","0","","0","0","0","","",""
"080036","0000","0","209500","210000","210500","211000","211500","212000","212500","213000","213500","214000","209000","208500","208000","207500","207000","206500","206000","205500","205000","204500","761","584","285","340","441","1493","708","50","237","490","2","203","262","343","627","227","744","11","172","33","5389","2624","0","0","0","0","0","-206000","5","-100.00","2064","1","0","0","0","","0","0","0","","",""
"080036","0001","0","209000","209500","210000","210500","211000","211500","212000","212500","213000","213500","208500","208000","207500","207000","206500","206000","205500","205000","204500","204000","88","761","584","285","340","441","1493","708","50","237","213","262","343","627","227","744","15","172","33","105","4987","2741","0","0","0","0","0","-206000","5","-100.00","2066","-402","117","0","0","","0","0","0","","",""
"080036","0002","0","209000","209500","210000","210500","211000","211500","212000","212500","213000","213500","208500","208000","207500","207000","206500","206000","205500","205000","204500","204000","88","766","584","285","340","441","1493","708","50","237","213","262","343","627","227","744","15","172","33","105","4992","2741","0","0","0","0","0","-206000","5","-100.00","2066","5","0","0","0","","0","0","0","","",""
"080036","0003","0","209000","209500","210000","210500","211000","211500","212000","212500","213000","213500","208500","208000","207500","207000","206500","206000","205500","205000","204500","204000","88","766","584","285","340","441","1493","708","50","237","213","262","343","627","227","744","16","172","33","106","4992","2743","0","0","0","0","0","-206000","5","-100.00","2066","0","1","0","0","","0","0","0","","",""
"080036","0004","0","209000","209500","210000","210500","211000","211500","212000","212500","213000","213500","208500","208000","207500","207000","206500","206000","205500","205000","204500","204000","83","766","584","286","340","441","1493","708","50","237","213","262","343","627","227","744","16","172","33","106","4988","2743","0","0","0","0","0","-206000","5","-100.00","2071","-5","0","0","0","","0","0","0","","",""
"080037","0000","0","209000","209500","210000","210500","211000","211500","212000","212500","213000","213500","208500","208000","207500","207000","206500","206000","205500","205000","204500","204000","83","766","584","286","355","441","1493","708","50","237","213","262","343","627","227","744","16","172","33","106","5003","2743","0","0","0","0","0","-206000","5","-100.00","2071","15","0","0","0","","0","0","0","","",""
"080037","0001","0","209000","209500","210000","210500","211000","211500","212000","212500","213000","213500","208500","208000","207500","207000","206500","206000","205500","205000","204500","204000","82","766","584","286","355","441","1493","708","50","237","213","262","343","627","227","774","16","172","33","106","5002","2773","0","0","0","0","0","-206000","5","-100.00","2072","0","30","0","0","","0","0","0","","",""
"080037","0002","0","209000","209500","210000","210500","211000","211500","212000","212500","213000","213500","208500","208000","207500","207000","206500","206000","205500","205000","204500","204000","82","766","584","286","355","441","1493","708","50","237","213","262","343","630","232","774","16","172","33","106","5002","2781","0","0","0","0","0","-206000","5","-100.00","2072","0","8","0","0","","0","0","0","","",""
"080037","0003","0","209000","209500","210000","210500","211000","211500","212000","212500","213000","213500","208500","208000","207500","207000","206500","206000","205500","205000","204500","204000","80","766","584","286","355","441","1493","708","50","237","213","262","343","640","232","774","16","172","33","106","5000","2791","0","0","0","0","0","-206000","5","-100.00","2074","0","10","0","0","","0","0","0","","",""
"080037","0004","0","209000","209500","210000","210500","211000","211500","212000","212500","213000","213500","208500","208000","207500","207000","206500","206000","205500","205000","204500","204000","59","766","584","286","355","441","1493","708","50","237","203","262","343","640","232","774","16","172","33","106","4979","2781","0","0","0","0","0","-206000","5","-100.00","2095","-21","-10","0","0","","0","0","0","","",""
"080038","0000","0","209000","209500","210000","210500","211000","211500","212000","212500","213000","213500","208500","208000","207500","207000","206500","206000","205500","205000","204500","204000","59","766","584","286","355","441","1493","709","50","237","203","262","343","740","232","774","16","172","33","106","4980","2881","0","0","0","0","0","-206000","5","-100.00","2095","1","-10","0","0","","0","0","0","","",""
"080038","0001","0","209000","209500","210000","210500","211000","211500","212000","212500","213000","213500","208500","208000","207500","207000","206500","206000","205500","205000","204500","204000","66","766","579","286","355","441","1493","709","50","237","203","262","343","740","232","759","16","172","33","106","4982","2866","0","0","0","0","0","-206000","5","-100.00","2095","0","0","0","0","","0","0","0","","",""
"080038","0002","0","210000","210500","211000","211500","212000","212500","213000","213500","214000","214500","209000","208500","208000","207500","207000","206500","206000","205500","205000","204500","579","286","355","441","1493","709","51","267","490","130","363","203","262","343","740","232","759","16","172","33","4801","3123","0","0","0","0","0","-206000","5","-100.00","2928","159","0","0","0","","0","0","0","","",""
"080038","0003","0","210000","210500","211000","211500","212000","212500","213000","213500","214000","214500","209000","208500","208000","207500","207000","206500","206000","205500","205000","204500","579","286","355","441","1493","709","51","267","490","130","363","213","262","343","740","232","759","16","172","33","4801","3133","0","0","0","0","0","-206000","5","-100.00","2928","0","10","0","0","","0","0","0","","",""
"080038","0004","0","210000","210500","211000","211500","212000","212500","213000","213500","214000","214500","209500","209000","208500","208000","207500","207000","206500","206000","205500","205000","579","286","356","441","1493","709","51","267","500","130","10","363","217","262","343","742","232","759","16","172","4812","3116","0","0","0","0","0","-206000","5","-100.00","2928","0","-21","0","0","","0","0","0","","",""
"080039","0000","0","210000","210500","211000","211500","212000","212500","213000","213500","214000","214500","209500","209000","208500","208000","207500","207000","206500","206000","205500","205000","579","286","356","441","1493","709","51","267","500","130","10","387","217","262","343","742","232","759","16","222","4812","3190","0","0","0","0","0","-206000","5","-100.00","2928","0","74","0","0","","0","0","0","","",""
"080039","0001","0","210000","210500","211000","211500","212000","212500","213000","213500","214000","214500","209000","208500","208000","207500","207000","206500","206000","205500","205000","204500","579","286","356","441","1493","709","51","268","540","130","377","217","272","343","742","232","759","16","222","33","4853","3213","0","0","0","0","0","-206000","5","-100.00","2948","41","10","0","0","","0","0","0","","",""
"080039","0002","0","210000","210500","211000","211500","212000","212500","213000","213500","214000","214500","209500","209000","208500","208000","207500","207000","206500","206000","205500","205000","1079","285","356","441","1493","709","51","268","540","130","2","327","217","272","343","744","232","759","16","222","5352","3134","0","0","0","0","0","-206000","5","-100.00","2999","629","-79","0","0","","0","0","0","","",""
"080040","0000","0","210000","210500","211000","211500","212000","212500","213000","213500","214000","214500","209000","208500","208000","207500","207000","206500","206000","205500","205000","204500","1075","285","356","441","1493","709","51","268","540","130","351","217","272","343","744","232","759","16","222","33","5348","3189","0","0","0","0","0","-206000","5","-100.00","3021","-4","55","0","0","","0","0","0","","",""
"080040","0001","0","210000","210500","211000","211500","212000","212500","213000","213500","214000","214500","209000","208500","208000","207500","207000","206500","206000","205500","205000","204500","1090","285","356","441","1493","709","51","268","540","130","351","217","272","343","744","232","759","16","223","33","5363","3190","0","0","0","0","0","-206000","5","-100.00","3021","15","1","0","0","","0","0","0","","",""
"080040","0002","0","209500","210000","210500","211000","211500","212000","212500","213000","213500","214000","209000","208500","208000","207500","207000","206500","206000","205500","205000","204500","5","1090","285","356","441","1493","709","51","268","540","351","217","272","343","744","232","759","16","223","33","5238","3190","0","0","0","0","0","-206000","5","-100.00","3021","-125","0","0","0","","0","0","0","","",""
"080041","0000","0","209500","210000","210500","211000","211500","212000","212500","213000","213500","214000","209000","208500","208000","207500","207000","206500","206000","205500","205000","204500","5","1090","285","356","441","1488","709","52","268","545","382","217","272","343","744","232","759","16","223","33","5239","3221","0","0","0","0","0","-206000","5","-100.00","3021","0","26","0","0","","0","0","0","","",""
"080041","0001","0","209500","210000","210500","211000","211500","212000","212500","213000","213500","214000","209000","208500","208000","207500","207000","206500","206000","205500","205000","204500","5","1090","285","356","441","1488","709","52","268","545","383","217","272","343","744","232","759","16","223","33","5239","3222","0","0","0","0","0","-206000","5","-100.00","3021","0","1","0","0","","0","0","0","","",""
"080041","0002","0","209500","210000","210500","211000","211500","212000","212500","213000","213500","214000","209000","208500","208000","207500","207000","206500","206000","205500","205000","204500","5","1090","285","356","441","1488","709","52","268","483","383","217","272","343","744","232","760","16","223","33","5177","3223","0","0","0","0","0","-206000","5","-100.00","3021","-62","0","0","0","","0","0","0","","",""
"080041","0003","0","209500","210000","210500","211000","211500","212000","212500","213000","213500","214000","209000","208500","208000","207500","207000","206500","206000","205500","205000","204500","5","1090","305","356","441","1488","709","52","268","483","382","217","275","343","744","232","760","16","225","33","5197","3227","0","0","0","0","0","-206000","5","-100.00","3022","20","2","0","0","","0","0","0","","",""
"080041","0004","0","210000","210500","211000","211500","212000","212500","213000","213500","214000","214500","209500","209000","208500","208000","207500","207000","206500","206000","205500","205000","1091","305","356","441","1488","709","52","268","483","192","2","386","217","275","343","744","232","760","16","230","5385","3205","0","0","0","0","0","-206000","5","-100.00","3040","183","-27","0","0","","0","0","0","","",""
"080042","0000","0","210000","210500","211000","211500","212000","212500","213000","213500","214000","214500","209500","209000","208500","208000","207500","207000","206500","206000","205500","205000","1097","305","356","441","1491","709","52","268","483","192","2","386","217","275","343","744","232","760","16","230","5394","3205","0","0","0","0","0","-206000","5","-100.00","3040","3","0","0","0","","0","0","0","","",""
"080043","0000","0","210000","210500","211000","211500","212000","212500","213000","213500","214000","214500","209500","209000","208500","208000","207500","207000","206500","206000","205500","205000","1097","305","356","441","1491","709","53","268","483","192","1","1373","217","275","343","744","232","760","16","235","5395","4196","0","0","0","0","0","-206000","5","-100.00","3041","1","991","0","0","","0","0","0","","",""
"080043","0001","0","210000","210500","211000","211500","212000","212500","213000","213500","214000","214500","209500","209000","208500","208000","207500","207000","206500","206000","205500","205000","1087","305","366","441","1491","709","53","268","483","192","61","1373","207","275","343","744","232","760","16","235","5395","4246","0","0","0","0","0","-206000","5","-100.00","3041","0","0","0","0","","0","0","0","","",""
"080043","0002","0","210000","210500","211000","211500","212000","212500","213000","213500","214000","214500","209500","209000","208500","208000","207500","207000","206500","206000","205500","205000","1087","305","366","441","1491","709","53","268","483","192","11","1373","207","275","343","744","232","760","16","235","5395","4196","0","0","0","0","0","-206000","5","-100.00","3091","0","-50","0","0","","0","0","0","","",""
"080043","0003","0","210000","210500","211000","211500","212000","212500","213000","213500","214000","214500","209500","209000","208500","208000","207500","207000","206500","206000","205500","205000","1092","305","366","461","1491","709","53","268","483","192","11","1373","207","275","343","744","232","760","16","235","5420","4196","0","0","0","0","0","-206000","5","-100.00","3091","25","0","0","0","","0","0","0","","",""
"080044","0000","0","210000","210500","211000","211500","212000","212500","213000","213500","214000","214500","209500","209000","208500","208000","207500","207000","206500","206000","205500","205000","1092","305","367","461","1521","709","53","268","483","192","11","1492","207","275","343","744","235","760","16","235","5451","4318","0","0","0","0","0","-206000","5","-100.00","3091","0","119","0","0","","0","0","0","","",""
"080044","0001","0","209500","210000","210500","211000","211500","212000","212500","213000","213500","214000","209000","208500","208000","207500","207000","206500","206000","205500","205000","204500","19","1092","305","367","461","1521","709","53","268","483","1492","207","275","343","744","235","760","16","235","33","5278","4340","0","0","0","0","0","-206000","5","-100.00","3102","-173","22","0","0","","0","0","0","","",""
"080044","0002","0","209500","210000","210500","211000","211500","212000","212500","213000","213500","214000","209000","208500","208000","207500","207000","206500","206000","205500","205000","204500","219","1092","305","367","461","1521","709","53","268","483","1497","207","275","344","744","235","760","16","235","33","5478","4346","0","0","0","0","0","-206000","5","-100.00","3102","200","6","0","0","","0","0","0","","",""
"080044","0003","0","209500","210000","210500","211000","211500","212000","212500","213000","213500","214000","209000","208500","208000","207500","207000","206500","206000","205500","205000","204500","202","1092","305","367","462","1521","709","53","268","483","1495","207","275","344","744","235","760","16","235","33","5462","4344","0","0","0","0","0","-206000","5","-100.00","3121","-16","0","0","0","","0","0","0","","",""
"080044","0004","0","209500","210000","210500","211000","211500","212000","212500","213000","213500","214000","209000","208500","208000","207500","207000","206500","206000","205500","205000","204500","198","1092","305","367","462","1521","709","53","268","483","1495","207","275","344","744","235","765","16","235","33","5458","4349","0","0","0","0","0","-206000","5","-100.00","3125","-4","5","0","0","","0","0","0","","",""
"080045","0000","0","209500","210000","210500","211000","211500","212000","212500","213000","213500","214000","209000","208500","208000","207500","207000","206500","206000","205500","205000","204500","349","1092","305","367","462","1521","709","53","268","483","1495","207","275","344","744","235","765","16","235","38","5609","4354","0","0","0","0","0","-206000","5","-100.00","3125","151","5","0","0","","0","0","0","","",""
"080045","0001","0","209500","210000","210500","211000","211500","212000","212500","213000","213500","214000","209000","208500","208000","207500","207000","206500","206000","205500","205000","204500","349","1092","305","367","462","1521","709","53","268","483","1492","207","275","344","744","235","765","16","235","38","5609","4351","0","0","0","0","0","-206000","5","-100.00","3128","0","-3","0","0","","0","0","0","","",""
"080045","0002","0","209500","210000","210500","211000","211500","212000","212500","213000","213500","214000","209000","208500","208000","207500","207000","206500","206000","205500","205000","204500","359","1062","305","367","462","1521","709","53","270","483","1492","207","275","344","744","235","775","16","235","38","5591","4361","0","0","0","0","0","-206000","5","-100.00","3128","-28","0","0","0","","0","0","0","","",""
"080045","0003","0","209500","210000","210500","211000","211500","212000","212500","213000","213500","214000","209000","208500","208000","207500","207000","206500","206000","205500","205000","204500","359","1062","305","371","462","1521","709","53","270","483","1515","207","275","344","744","235","775","18","235","38","5595","4386","0","0","0","0","0","-206000","5","-100.00","3128","4","2","0","0","","0","0","0","","",""
"080045","0004","0","209500","210000","210500","211000","211500","212000","212500","213000","213500","214000","209000","208500","208000","207500","207000","206500","206000","205500","205000","204500","359","1062","305","371","462","1521","709","53","270","483","1515","208","275","344","744","235","775","18","237","40","5595","4391","0","0","0","0","0","-206000","5","-100.00","3128","0","5","0","0","","0","0","0","","",""
"080046","0000","0","209500","210000","210500","211000","211500","212000","212500","213000","213500","214000","209000","208500","208000","207500","207000","206500","206000","205500","205000","204500","358","1062","305","371","462","1521","709","56","270","483","1515","208","275","344","744","235","775","18","237","40","5597","4391","0","0","0","0","0","-206000","5","-100.00","3129","3","-25","0","0","","0","0","0","","",""
"080046","0001","0","209500","210000","210500","211000","211500","212000","212500","213000","213500","214000","209000","208500","208000","207500","207000","206500","206000","205500","205000","204500","353","1112","255","371","462","1521","709","56","270","483","1515","208","275","344","744","235","775","18","239","40","5592","4393","0","0","0","0","0","-206000","5","-100.00","3134","0","2","0","0","","0","0","0","","",""
"080046","0002","0","209500","210000","210500","211000","211500","212000","212500","213000","213500","214000","209000","208500","208000","207500","207000","206500","206000","205500","205000","204500","368","1112","255","371","462","1521","709","56","270","483","1740","204","275","344","744","235","775","18","239","40","5607","4614","0","0","0","0","0","-206000","5","-100.00","3135","15","-4","0","0","","0","0","0","","",""
"080046","0003","0","209500","210000","210500","211000","211500","212000","212500","213000","213500","214000","209000","208500","208000","207500","207000","206500","206000","205500","205000","204500","368","1112","255","371","462","1521","709","56","270","483","1740","204","275","344","744","235","775","18","239","40","5607","4614","0","0","0","0","0","-206000","5","-100.00","3136","0","0","0","0","","0","0","0","","",""
"080046","0004","0","209500","210000","210500","211000","211500","212000","212500","213000","213500","214000","209000","208500","208000","207500","207000","206500","206000","205500","205000","204500","408","1112","255","371","462","1521","709","56","270","483","1740","204","275","344","744","235","775","18","239","40","5647","4614","0","0","0","0","0","-206000","5","-100.00","3136","40","0","0","0","","0","0","0","","",""
"080047","0000","0","209500","210000","210500","211000","211500","212000","212500","213000","213500","214000","209000","208500","208000","207500","207000","206500","206000","205500","205000","204500","413","1112","255","371","462","1521","709","56","270","483","1740","204","275","344","744","235","775","18","239","40","5652","4614","0","0","0","0","0","-206000","5","-100.00","3136","5","0","0","0","","0","0","0","","",""
"080047","0001","0","209500","210000","210500","211000","211500","212000","212500","213000","213500","214000","209000","208500","208000","207500","207000","206500","206000","205500","205000","204500","409","1112","255","371","462","1521","709","56","270","483","1740","204","275","344","744","235","775","18","239","40","5648","4614","0","0","0","0","0","-206000","5","-100.00","3141","1","0","0","0","","0","0","0","","",""
"080047","0002","0","209500","210000","210500","211000","211500","212000","212500","213000","213500","214000","209000","208500","208000","207500","207000","206500","206000","205500","205000","204500","439","1112","255","371","462","1521","709","26","270","483","1766","204","275","344","744","235","775","18","239","40","5648","4640","0","0","0","0","0","-206000","5","-100.00","3141","0","26","0","0","","0","0","0","","",""
"080047","0003","0","209500","210000","210500","211000","211500","212000","212500","213000","213500","214000","209000","208500","208000","207500","207000","206500","206000","205500","205000","204500","438","1112","255","371","462","1521","709","26","270","483","1766","204","275","344","744","235","775","18","239","40","5647","4640","0","0","0","0","0","-206000","5","-100.00","3142","-1","0","0","0","","0","0","0","","",""
"080047","0004","0","209500","210000","210500","211000","211500","212000","212500","213000","213500","214000","209000","208500","208000","207500","207000","206500","206000","205500","205000","204500","438","1112","255","371","462","1521","709","26","270","483","1766","204","275","344","744","235","765","18","239","40","5647","4630","0","0","0","0","0","-206000","5","-100.00","3142","0","-10","0","0","","0","0","0","","",""
"080048","0000","0","209500","210000","210500","211000","211500","212000","212500","213000","213500","214000","209000","208500","208000","207500","207000","206500","206000","205500","205000","204500","438","1112","255","371","462","1521","709","26","270","483","1760","204","275","344","744","235","765","18","239","40","5647","4624","0","0","0","0","0","-206000","5","-100.00","3142","0","-6","0","0","","0","0","0","","",""
"080048","0001","0","209500","210000","210500","211000","211500","212000","212500","213000","213500","214000","209000","208500","208000","207500","207000","206500","206000","205500","205000","204500","440","1112","255","371","462","1521","709","26","270","483","1760","204","275","344","744","235","765","18","289","40","5649","4674","0","0","0","0","0","-206000","5","-100.00","3142","2","0","0","0","","0","0","0","","",""
"080048","0002","0","209500","210000","210500","211000","211500","212000","212500","213000","213500","214000","209000","208500","208000","207500","207000","206500","206000","205500","205000","204500","439","1112","255","371","462","1521","709","26","270","483","1786","204","275","344","744","235","765","18","289","40","5648","4700","0","0","0","0","0","-206000","5","-100.00","3143","-1","26","0","0","","0","0","0","","",""
"080048","0003","0","209500","210000","210500","211000","211500","212000","212500","213000","213500","214000","209000","208500","208000","207500","207000","206500","206000","205500","205000","204500","434","1115","255","411","462","1521","709","26","270","483","1786","204","275","344","744","235","765","18","339","40","5686","4750","0","0","0","0","0","-206000","5","-100.00","3148","-5","76","0","0","","0","0","0","","",""
"080048","0004","0","209500","210000","210500","211000","211500","212000","212500","213000","213500","214000","209000","208500","208000","207500","207000","206500","206000","205500","205000","204500","432","1115","255","411","462","1521","709","26","270","485","1786","204","275","344","744","235","765","18","339","40","5686","4750","0","0","0","0","0","-206000","5","-100.00","3150","0","0","0","0","","0","0","0","","",""
"080049","0000","0","209500","210000","210500","211000","211500","212000","212500","213000","213500","214000","209000","208500","208000","207500","207000","206500","206000","205500","205000","204500","432","1116","255","411","462","1521","709","26","272","485","1786","204","275","344","744","235","765","18","339","40","5689","4750","0","0","0","0","0","-206000","5","-100.00","3150","2","0","0","0","","0","0","0","","",""
"080049","0001","0","210000","210500","211000","211500","212000","212500","213000","213500","214000","214500","209500","209000","208500","208000","207500","207000","206500","206000","205500","205000","1116","255","411","462","1521","709","26","272","485","212","341","1760","204","275","344","744","235","765","18","339","5469","5025","0","0","0","0","0","-206000","5","-100.00","3582","-215","275","0","0","","0","0","0","","",""
"080049","0002","0","210000","210500","211000","211500","212000","212500","213000","213500","214000","214500","209500","209000","208500","208000","207500","207000","206500","206000","205500","205000","1116","255","411","462","1521","709","26","272","485","212","316","1760","204","497","344","744","235","765","18","339","5469","5222","0","0","0","0","0","-206000","5","-100.00","3607","0","197","0","0","","0","0","0","","",""
"080049","0003","0","210000","210500","211000","211500","212000","212500","213000","213500","214000","214500","209500","209000","208500","208000","207500","207000","206500","206000","205500","205000","1116","255","411","462","1521","709","26","272","485","212","290","1860","204","497","344","745","235","765","18","339","5469","5297","0","0","0","0","0","-206000","5","-100.00","3607","0","75","0","0","","0","0","0","","",""
"080050","0000","0","210000","210500","211000","211500","212000","212500","213000","213500","214000","214500","209500","209000","208500","208000","207500","207000","206500","206000","205500","205000","1116","355","431","462","1521","709","26","272","485","213","290","1860","204","497","344","745","235","765","18","339","5590","5297","0","0","0","0","0","-206000","5","-100.00","3607","21","0","0","0","","0","0","0","","",""
"080050","0001","0","210000","210500","211000","211500","212000","212500","213000","213500","214000","214500","209500","209000","208500","208000","207500","207000","206500","206000","205500","205000","1116","356","431","462","1521","709","26","272","485","213","288","1860","204","497","344","745","235","765","18","339","5591","5295","0","0","0","0","0","-206000","5","-100.00","3609","1","-2","0","0","","0","0","0","","",""
"080050","0002","0","210000","210500","211000","211500","212000","212500","213000","213500","214000","214500","209500","209000","208500","208000","207500","207000","206500","206000","205500","205000","1127","356","431","462","1521","709","26","272","485","213","276","1860","204","497","344","745","235","765","28","354","5602","5308","0","0","0","0","0","-206000","5","-100.00","3621","11","8","0","0","","0","0","0","","",""
"080050","0003","0","210000","210500","211000","211500","212000","212500","213000","213500","214000","214500","209500","209000","208500","208000","207500","207000","206500","206000","205500","205000","1122","356","431","462","1521","709","26","272","485","213","418","1861","205","497","344","745","235","766","28","354","5597","5453","0","0","0","0","0","-206000","5","-100.00","3636","-5","1","0","0","","0","0","0","","",""
"080050","0004","0","210000","210500","211000","211500","212000","212500","213000","213500","214000","214500","209500","209000","208500","208000","207500","207000","206500","206000","205500","205000","1122","356","431","462","1521","709","26","272","485","213","418","1861","205","498","344","744","235","766","28","354","5597","5453","0","0","0","0","0","-206000","5","-100.00","3636","0","0","0","0","","0","0","0","","",""
"080051","0000","0","210000","210500","211000","211500","212000","212500","213000","213500","214000","214500","209500","209000","208500","208000","207500","207000","206500","206000","205500","205000","1072","356","431","462","1521","709","26","272","485","213","403","1861","205","498","344","744","235","766","28","354","5547","5438","0","0","0","0","0","-206000","5","-100.00","3686","-50","-50","0","0","","0","0","0","","",""
"080051","0001","0","210000","210500","211000","211500","212000","212500","213000","213500","214000","214500","209500","209000","208500","208000","207500","207000","206500","206000","205500","205000","1072","356","431","462","1522","709","76","272","485","213","403","1861","205","498","344","744","235","766","28","354","5598","5438","0","0","0","0","0","-206000","5","-100.00","3686","1","0","0","0","","0","0","0","","",""
"080051","0002","0","210000","210500","211000","211500","212000","212500","213000","213500","214000","214500","209500","209000","208500","208000","207500","207000","206500","206000","205500","205000","1075","356","431","462","1522","709","76","272","485","213","403","1861","205","498","344","744","235","766","28","354","5601","5438","0","0","0","0","0","-206000","5","-100.00","3686","3","0","0","0","","0","0","0","","",""
"080051","0003","0","210000","210500","211000","211500","212000","212500","213000","213500","214000","214500","209500","209000","208500","208000","207500","207000","206500","206000","205500","205000","1075","356","431","462","1522","709","76","272","485","213","402","1862","205","498","344","744","235","775","32","354","5601","5451","0","0","0","0","0","-206000","5","-100.00","3687","0","-1","0","0","","0","0","0","","",""
"080051","0004","0","210000","210500","211000","211500","212000","212500","213000","213500","214000","214500","209500","209000","208500","208000","207500","207000","206500","206000","205500","205000","1075","356","431","462","1522","709","76","272","485","213","402","1862","205","498","344","744","235","775","32","355","5601","5452","0","0","0","0","0","-206000","5","-100.00","3687","0","1","0","0","","0","0","0","","",""
"080052","0000","0","210000","210500","211000","211500","212000","212500","213000","213500","214000","214500","209500","209000","208500","208000","207500","207000","206500","206000","205500","205000","1075","356","431","467","1522","709","76","272","485","213","408","1862","195","498","344","744","235","775","32","355","5606","5448","0","0","0","0","0","-206000","5","-100.00","3692","5","-5","0","0","","0","0","0","","",""
"080052","0001","0","210000","210500","211000","211500","212000","212500","213000","213500","214000","214500","209500","209000","208500","208000","207500","207000","206500","206000","205500","205000","1075","356","431","467","1522","709","76","272","485","213","389","1862","195","498","344","744","235","775","32","355","5606","5429","0","0","0","0","0","-206000","5","-100.00","3712","0","-20","0","0","","0","0","0","","",""
"080052","0002","0","210000","210500","211000","211500","212000","212500","213000","213500","214000","214500","209500","209000","208500","208000","207500","207000","206500","206000","205500","205000","1070","356","431","468","1522","709","76","272","485","213","389","1862","195","498","344","744","235","775","32","355","5602","5429","0","0","0","0","0","-206000","5","-100.00","3712","1","0","0","0","","0","0","0","","",""
"080052","0003","0","210000","210500","211000","211500","212000","212500","213000","213500","214000","214500","209500","209000","208500","208000","207500","207000","206500","206000","205500","205000","1050","356","451","468","1522","709","76","272","485","213","389","1867","195","501","344","744","235","925","32","295","5602","5527","0","0","0","0","0","-206000","5","-100.00","3712","0","-52","0","0","","0","0","0","","",""
"080052","0004","0","210000","210500","211000","211500","212000","212500","213000","213500","214000","214500","209500","209000","208500","208000","207500","207000","206500","206000","205500","205000","1050","356","451","468","1522","709","76","272","485","213","373","1868","195","501","344","769","235","928","32","295","5602","5540","0","0","0","0","0","-206000","5","-100.00","3762","0","-33","0","0","","0","0","0","","",""
"080053","0000","0","210000","210500","211000","211500","212000","212500","213000","213500","214000","214500","209500","209000","208500","208000","207500","207000","206500","206000","205500","205000","1070","356","451","468","1522","709","76","272","485","213","373","1871","195","501","344","769","235","928","32","295","5622","5543","0","0","0","0","0","-206000","5","-100.00","3762","20","3","0","0","","0","0","0","","",""
"080053","0001","0","210000","210500","211000","211500","212000","212500","213000","213500","214000","214500","209500","209000","208500","208000","207500","207000","206500","206000","205500","205000","1070","356","451","468","1522","709","76","272","485","213","413","1871","195","501","344","769","235","928","32","295","5622","5583","0","0","0","0","0","-206000","5","-100.00","3762","0","40","0","0","","0","0","0","","",""
"080053","0002","0","210000","210500","211000","211500","212000","212500","213000","213500","214000","214500","209500","209000","208500","208000","207500","207000","206500","206000","205500","205000","1070","356","451","468","1522","709","76","272","485","213","444","1881","195","501","344","769","235","928","32","295","5622","5624","0","0","0","0","0","-206000","5","-100.00","3766","0","31","0","0","","0","0","0","","",""
"080053","0003","0","210000","210500","211000","211500","212000","212500","213000","213500","214000","214500","209500","209000","208500","208000","207500","207000","206500","206000","205500","205000","1070","360","451","468","1534","709","76","272","485","213","444","1881","195","501","344","770","235","928","32","295","5638","5625","0","0","0","0","0","-206000","5","-100.00","3766","4","1","0","0","","0","0","0","","",""
"080053","0004","0","210000","210500","211000","211500","212000","212500","213000","213500","214000","214500","209500","209000","208500","208000","207500","207000","206500","206000","205500","205000","1084","360","451","467","1534","709","76","272","486","213","444","1881","195","551","344","770","235","928","32","295","5652","5675","0","0","0","0","0","-206000","5","-100.00","3767","14","0","0","0","","0","0","0","","",""
"080054","0000","0","210000","210500","211000","211500","212000","212500","213000","213500","214000","214500","209500","209000","208500","208000","207500","207000","206500","206000","205500","205000","1086","360","451","468","1534","709","76","275","486","213","444","1881","195","551","344","771","235","928","32","295","5658","5676","0","0","0","0","0","-206000","5","-100.00","3767","6","0","0","0","","0","0","0","","",""
"080054","0001","0","210000","210500","211000","211500","212000","212500","213000","213500","214000","214500","209500","209000","208500","208000","207500","207000","206500","206000","205500","205000","1086","360","451","468","1534","709","76","275","486","213","445","1881","195","551","344","771","235","928","32","295","5658","5677","0","0","0","0","0","-206000","5","-100.00","3768","0","-1","0","0","","0","0","0","","",""
"080054","0002","0","210000","210500","211000","211500","212000","212500","213000","213500","214000","214500","209500","209000","208500","208000","207500","207000","206500","206000","205500","205000","1086","360","451","468","1534","709","76","275","486","213","436","1881","195","551","344","774","235","928","32","295","5658","5671","0","0","0","0","0","-206000","5","-100.00","3778","0","1","0","0","","0","0","0","","",""
