"time","millisec","HOUR_CLS_CODE","ASKP1","ASKP2","ASKP3","ASKP4","ASKP5","ASKP6","ASKP7","ASKP8","ASKP9","ASKP10","BIDP1","BIDP2","BIDP3","BIDP4","BIDP5","BIDP6","BIDP7","BIDP8","BIDP9","BIDP10","ASKP_RSQN1","ASKP_RSQN2","ASKP_RSQN3","ASKP_RSQN4","ASKP_RSQN5","ASKP_RSQN6","ASKP_RSQN7","ASKP_RSQN8","ASKP_RSQN9","ASKP_RSQN10","BIDP_RSQN1","BIDP_RSQN2","BIDP_RSQN3","BIDP_RSQN4","BIDP_RSQN5","BIDP_RSQN6","BIDP_RSQN7","BIDP_RSQN8","BIDP_RSQN9","BIDP_RSQN10","TOTAL_ASKP_RSQN","TOTAL_BIDP_RSQN","OVTM_TOTAL_ASKP_RSQN","OVTM_TOTAL_BIDP_RSQN","ANTC_CNPR","ANTC_CNQN","ANTC_VOL","ANTC_CNTG_VRSS","ANTC_CNTG_VRSS_SIGN","ANTC_CNTG_PRDY_CTRT","ACML_VOL","TOTAL_ASKP_RSQN_ICDC","TOTAL_BIDP_RSQN_ICDC","OVTM_TOTAL_ASKP_ICDC","OVTM_TOTAL_BIDP_ICDC","STCK_DEAL_CLS_CODE","KMID_PRC","KMID_TOTAL_RSQN","KMID_CLS_CODE","NMID_PRC","NMID_TOTAL_RSQN","NMID_CLS_CODE"
"080000","0000","0","771000","863000","0","0","0","0","0","0","0","0","678000","668000","664000","659000","641000","610000","0","0","0","0","1","15","0","0","0","0","0","0","0","0","48","30","5","3","30","20","0","0","0","0","16","136","0","0","0","0","0","-664000","5","-100.00","0","0","0","0","0","","0","0","0","","",""
"080000","0001","0","697000","700000","771000","784000","863000","0","0","0","0","0","678000","673000","671000","670000","668000","666000","664000","659000","651000","641000","16","10","1","45","15","0","0","0","0","0","96","74","50","20","30","9","112","3","20","30","87","444","0","0","0","0","0","-664000","5","-100.00","0","71","308","0","0","","0","0","0","","",""
"080001","0000","0","697000","699000","700000","771000","784000","863000","0","0","0","0","678000","676000","674000","673000","672000","671000","670000","668000","667000","666000","6","9","110","1","45","20","0","0","0","0","83","15","25","74","5","65","20","30","11","29","191","357","0","0","0","0","0","-664000","5","-100.00","24","104","-87","0","0","","0","0","0","","",""
"080001","0001","0","682000","695000","697000","698000","699000","700000","703000","771000","774000","784000","678000","676000","674000","673000","672000","671000","670000","669000","668000","667000","1","1","6","11","89","110","16","1","1","45","77","15","25","74","5","65","20","9","30","11","281","331","0","0","0","0","0","-664000","5","-100.00","30","90","-26","0","0","","0","0","0","","",""
"080001","0002","0","687000","695000","696000","697000","698000","699000","700000","703000","771000","774000","679000","678000","676000","674000","673000","672000","671000","670000","669000","668000","5","1","1","28","33","89","140","16","1","1","2","76","15","26","74","5","65","20","19","30","315","332","0","0","0","0","0","-664000","5","-100.00","52","34","1","0","0","","0","0","0","","",""
"080002","0000","0","687000","688000","689000","693000","695000","696000","697000","698000","699000","700000","678000","676000","674000","673000","672000","671000","670000","669000","668000","667000","4","1","20","1","1","29","32","34","89","140","71","15","26","74","5","75","20","19","130","11","351","446","0","0","0","0","0","-664000","5","-100.00","61","36","114","0","0","","0","0","0","","",""
"080002","0001","0","686000","687000","688000","689000","691000","693000","695000","696000","697000","698000","678000","676000","674000","673000","672000","671000","670000","669000","668000","667000","2","4","1","20","13","1","1","29","32","34","86","15","26","74","5","75","20","19","130","11","137","461","0","0","0","0","0","-664000","5","-100.00","61","-214","15","0","0","","0","0","0","","",""
"080003","0000","0","687000","688000","689000","691000","693000","695000","696000","697000","698000","699000","678000","676000","674000","673000","672000","671000","670000","669000","668000","667000","4","1","20","14","1","1","29","32","34","167","86","15","26","74","5","75","20","19","130","11","303","461","0","0","0","0","0","-664000","5","-100.00","64","166","0","0","0","","0","0","0","","",""
"080003","0001","0","687000","688000","689000","691000","693000","695000","696000","697000","698000","699000","678000","676000","674000","673000","672000","671000","670000","669000","668000","667000","4","1","20","14","1","1","29","32","84","167","86","15","26","74","5","75","20","19","130","11","353","461","0","0","0","0","0","-664000","5","-100.00","64","50","0","0","0","","0","0","0","","",""
"080003","0002","0","687000","688000","689000","691000","693000","695000","696000","697000","698000","699000","681000","678000","676000","674000","673000","672000","671000","670000","669000","668000","4","1","20","14","1","1","29","32","84","167","16","106","15","26","74","5","75","20","19","130","353","486","0","0","0","0","0","-664000","5","-100.00","64","0","25","0","0","","0","0","0","","",""
"080003","0003","0","687000","688000","689000","691000","693000","695000","696000","697000","698000","699000","681000","679000","678000","676000","674000","673000","672000","671000","670000","669000","4","1","20","14","1","1","29","32","84","167","16","1","106","15","26","74","5","75","20","19","353","357","0","0","0","0","0","-664000","5","-100.00","64","0","-129","0","0","","0","0","0","","",""
"080003","0004","0","684000","687000","688000","689000","691000","693000","695000","696000","697000","698000","681000","679000","678000","676000","674000","673000","672000","671000","670000","669000","18","4","1","20","14","1","1","29","32","84","16","5","110","15","26","74","5","75","20","19","204","365","0","0","0","0","0","-664000","5","-100.00","64","-149","8","0","0","","0","0","0","","",""
"080004","0000","0","684000","687000","688000","689000","691000","693000","695000","696000","697000","698000","681000","679000","678000","676000","674000","673000","672000","671000","670000","669000","18","4","45","20","14","1","1","29","52","84","16","4","110","15","26","74","5","75","20","19","268","364","0","0","0","0","0","-664000","5","-100.00","64","64","0","0","0","","0","0","0","","",""
"080004","0001","0","684000","687000","688000","689000","691000","693000","695000","696000","697000","698000","681000","679000","678000","676000","674000","673000","672000","671000","670000","669000","18","4","45","20","14","1","1","30","52","84","16","4","110","15","26","74","5","75","20","19","269","364","0","0","0","0","0","-664000","5","-100.00","64","1","0","0","0","","0","0","0","","",""
"080005","0000","0","684000","686000","687000","688000","689000","691000","693000","694000","695000","696000","681000","680000","679000","678000","676000","674000","673000","672000","671000","670000","18","26","4","45","20","14","1","18","1","30","16","4","4","110","15","26","74","5","75","20","177","349","0","0","0","0","0","-664000","5","-100.00","64","-92","-15","0","0","","0","0","0","","",""
"080005","0001","0","684000","686000","687000","688000","689000","691000","693000","694000","695000","696000","681000","680000","679000","678000","676000","674000","673000","672000","671000","670000","18","26","4","45","20","15","1","18","1","30","16","4","4","110","15","26","74","5","75","20","178","349","0","0","0","0","0","-664000","5","-100.00","64","1","0","0","0","","0","0","0","","",""
"080006","0000","0","684000","686000","687000","688000","689000","691000","693000","694000","695000","696000","681000","680000","679000","678000","676000","674000","673000","672000","671000","670000","18","26","19","45","20","15","1","18","1","52","16","4","4","110","15","26","74","5","75","20","215","349","0","0","0","0","0","-664000","5","-100.00","64","37","0","0","0","","0","0","0","","",""
"080006","0001","0","684000","686000","687000","688000","689000","691000","693000","694000","695000","696000","681000","680000","678000","676000","674000","673000","672000","671000","670000","669000","18","26","19","45","20","29","1","18","1","52","16","4","110","15","26","74","5","75","20","19","229","364","0","0","0","0","0","-664000","5","-100.00","64","14","15","0","0","","0","0","0","","",""
"080006","0002","0","684000","686000","687000","688000","689000","691000","693000","694000","695000","696000","681000","680000","678000","676000","674000","673000","672000","671000","670000","669000","18","26","19","45","20","16","1","18","1","52","20","4","110","15","26","74","5","75","20","19","216","368","0","0","0","0","0","-664000","5","-100.00","64","-13","4","0","0","","0","0","0","","",""
"080007","0000","0","686000","687000","688000","689000","691000","693000","694000","695000","696000","697000","681000","680000","678000","676000","674000","673000","672000","671000","670000","669000","68","19","45","20","16","1","18","1","52","52","20","4","110","15","26","74","5","75","20","19","292","368","0","0","0","0","0","-664000","5","-100.00","84","76","0","0","0","","0","0","0","","",""
"080007","0001","0","686000","687000","688000","689000","691000","693000","694000","695000","696000","697000","681000","680000","678000","676000","674000","673000","672000","671000","670000","669000","68","19","45","20","16","1","18","1","52","52","40","4","110","15","26","74","5","75","20","19","292","388","0","0","0","0","0","-664000","5","-100.00","84","0","20","0","0","","0","0","0","","",""
"080007","0002","0","684000","686000","687000","688000","689000","691000","693000","694000","695000","696000","681000","680000","678000","676000","674000","673000","672000","671000","670000","669000","10","69","19","45","20","16","1","18","1","52","40","4","110","15","26","74","5","75","20","19","251","388","0","0","0","0","0","-664000","5","-100.00","84","-37","0","0","0","","0","0","0","","",""
"080008","0000","0","685000","686000","687000","688000","689000","691000","693000","694000","695000","696000","684000","681000","680000","678000","676000","674000","673000","672000","671000","670000","6","75","19","65","20","16","1","18","1","52","2","40","4","110","15","26","74","5","75","20","273","371","0","0","0","0","0","-664000","5","-100.00","94","22","-17","0","0","","0","0","0","","",""
"080008","0001","0","685000","686000","687000","688000","689000","691000","693000","694000","695000","696000","684000","681000","680000","678000","676000","674000","673000","672000","671000","670000","6","75","19","65","20","16","1","18","1","52","10","40","4","110","15","26","74","5","75","20","273","379","0","0","0","0","0","-664000","5","-100.00","95","0","8","0","0","","0","0","0","","",""
"080008","0002","0","685000","686000","687000","688000","689000","691000","693000","694000","695000","696000","684000","681000","680000","678000","676000","674000","673000","672000","671000","670000","6","75","19","65","20","16","1","18","1","52","30","40","4","90","15","26","74","5","75","25","273","384","0","0","0","0","0","-664000","5","-100.00","95","0","5","0","0","","0","0","0","","",""
"080009","0000","0","686000","687000","688000","689000","691000","693000","694000","695000","696000","697000","684000","681000","680000","678000","676000","674000","673000","672000","671000","670000","82","19","65","20","16","1","18","1","53","48","25","40","4","90","15","26","74","5","75","25","323","379","0","0","0","0","0","-664000","5","-100.00","101","50","-5","0","0","","0","0","0","","",""
"080009","0001","0","686000","687000","688000","689000","691000","693000","694000","695000","696000","697000","684000","681000","680000","678000","676000","674000","673000","672000","671000","670000","81","19","65","20","16","1","18","1","53","48","25","40","4","90","15","26","74","5","75","27","322","381","0","0","0","0","0","-664000","5","-100.00","103","0","2","0","0","","0","0","0","","",""
"080009","0002","0","686000","687000","688000","689000","691000","693000","694000","695000","696000","697000","684000","681000","680000","678000","676000","674000","673000","672000","671000","670000","84","19","65","20","16","1","18","1","53","48","25","40","4","90","15","26","74","5","75","27","325","381","0","0","0","0","0","-664000","5","-100.00","103","3","0","0","0","","0","0","0","","",""
"080010","0000","0","686000","687000","688000","689000","691000","693000","694000","695000","696000","697000","684000","681000","680000","678000","676000","674000","673000","672000","671000","670000","84","19","65","20","16","1","18","1","53","48","25","41","4","90","33","26","74","5","75","27","325","400","0","0","0","0","0","-664000","5","-100.00","103","0","19","0","0","","0","0","0","","",""
"080010","0001","0","686000","687000","688000","689000","691000","693000","694000","695000","696000","697000","684000","681000","680000","678000","676000","674000","673000","672000","671000","670000","84","19","65","20","16","1","18","1","53","48","25","41","4","90","33","26","74","5","75","27","325","400","0","0","0","0","0","-664000","5","-100.00","103","0","0","0","0","","0","0","0","","",""
"080010","0002","0","686000","687000","688000","689000","691000","693000","694000","695000","696000","697000","684000","681000","680000","678000","676000","674000","673000","672000","671000","670000","84","19","65","20","16","1","18","1","53","48","26","41","4","90","33","26","74","5","75","27","325","401","0","0","0","0","0","-664000","5","-100.00","103","0","1","0","0","","0","0","0","","",""
"080010","0003","0","687000","688000","689000","691000","693000","694000","695000","696000","697000","698000","686000","685000","684000","681000","680000","678000","676000","674000","673000","672000","19","65","20","16","1","18","1","53","48","84","2","1","26","41","4","20","33","26","74","5","325","232","0","0","0","0","0","-664000","5","-100.00","187","0","-169","0","0","","0","0","0","","",""
"080010","0004","0","686000","687000","688000","689000","691000","693000","694000","695000","696000","697000","685000","684000","681000","680000","678000","676000","674000","673000","672000","671000","18","19","65","20","16","1","18","1","53","48","1","26","41","4","20","33","26","74","5","75","259","305","0","0","0","0","0","-664000","5","-100.00","189","-66","73","0","0","","0","0","0","","",""
"080011","0000","0","686000","687000","688000","689000","691000","693000","694000","695000","696000","697000","685000","684000","681000","680000","678000","676000","674000","673000","672000","671000","18","20","65","20","16","1","18","1","53","48","1","26","41","4","20","33","26","74","5","75","260","305","0","0","0","0","0","-664000","5","-100.00","189","1","0","0","0","","0","0","0","","",""
"080011","0001","0","686000","687000","688000","689000","691000","693000","694000","695000","696000","697000","685000","684000","681000","680000","678000","676000","674000","673000","672000","671000","18","30","65","20","16","1","18","1","53","48","1","31","41","4","5","33","26","74","5","75","270","295","0","0","0","0","0","-664000","5","-100.00","189","10","-10","0","0","","0","0","0","","",""
"080011","0002","0","686000","687000","688000","689000","691000","693000","694000","695000","696000","697000","685000","684000","681000","680000","678000","676000","674000","673000","672000","671000","22","30","65","20","16","1","18","1","53","48","1","31","41","4","5","33","26","74","5","75","274","295","0","0","0","0","0","-664000","5","-100.00","189","4","0","0","0","","0","0","0","","",""
"080011","0003","0","685000","686000","687000","688000","689000","691000","693000","694000","695000","696000","684000","681000","680000","678000","676000","674000","673000","672000","671000","670000","17","22","30","65","20","16","11","18","1","53","30","41","4","5","33","26","74","5","75","27","253","320","0","0","0","0","0","-664000","5","-100.00","191","11","-1","0","0","","0","0","0","","",""
"080011","0004","0","685000","686000","687000","688000","689000","691000","693000","694000","695000","696000","684000","681000","680000","678000","676000","674000","673000","672000","671000","670000","16","22","35","65","20","16","11","18","1","53","30","41","4","5","33","26","74","5","75","27","257","320","0","0","0","0","0","-664000","5","-100.00","192","4","0","0","0","","0","0","0","","",""
"080012","0000","0","685000","686000","687000","688000","689000","691000","693000","694000","695000","696000","684000","681000","680000","679000","678000","676000","674000","673000","672000","671000","16","22","35","66","20","16","11","18","1","53","30","41","4","1","5","33","26","74","5","75","258","294","0","0","0","0","0","-664000","5","-100.00","192","0","-26","0","0","","0","0","0","","",""
"080012","0001","0","685000","686000","687000","688000","689000","691000","693000","694000","695000","696000","684000","681000","680000","679000","678000","676000","674000","673000","672000","671000","6","22","35","66","20","16","11","18","1","53","19","41","4","1","5","33","26","74","5","75","248","283","0","0","0","0","0","-664000","5","-100.00","213","-12","-1","0","0","","0","0","0","","",""
"080012","0002","0","686000","687000","688000","689000","691000","693000","694000","695000","696000","697000","685000","684000","682000","681000","680000","679000","678000","676000","674000","673000","36","35","66","20","17","11","18","1","53","48","9","18","1","41","4","1","5","33","26","74","305","212","0","0","0","0","0","-664000","5","-100.00","220","49","-70","0","0","","0","0","0","","",""
"080012","0003","0","686000","687000","688000","689000","691000","693000","694000","695000","696000","697000","685000","684000","682000","681000","680000","679000","678000","676000","674000","673000","67","35","66","20","17","11","18","1","53","47","2","19","1","21","4","1","5","33","26","74","335","186","0","0","0","0","0","-664000","5","-100.00","227","0","-20","0","0","","0","0","0","","",""
"080012","0004","0","683000","684000","685000","686000","687000","688000","689000","691000","693000","694000","682000","681000","680000","679000","678000","676000","674000","673000","672000","671000","6","8","6","61","35","66","20","17","11","18","3","21","4","1","5","33","26","74","5","75","248","247","0","0","0","0","0","-664000","5","-100.00","248","-88","61","0","0","","0","0","0","","",""
"080013","0000","0","685000","686000","687000","688000","689000","691000","693000","694000","695000","696000","682000","681000","680000","679000","678000","676000","674000","673000","672000","671000","6","66","35","66","20","17","11","18","1","53","3","21","4","1","5","34","26","74","5","75","293","248","0","0","0","0","0","-664000","5","-100.00","256","1","1","0","0","","0","0","0","","",""
"080013","0001","0","686000","687000","688000","689000","690000","691000","693000","694000","695000","696000","682000","681000","680000","679000","678000","676000","674000","673000","672000","671000","64","35","66","20","5","17","11","18","1","53","3","23","4","1","5","34","26","74","5","75","290","250","0","0","0","0","0","-664000","5","-100.00","266","-43","0","0","0","","0","0","0","","",""
"080013","0002","0","686000","687000","688000","689000","690000","691000","693000","694000","695000","696000","682000","681000","680000","679000","678000","676000","674000","673000","672000","671000","64","35","66","20","5","17","11","18","1","53","3","48","4","1","5","34","26","74","5","75","290","275","0","0","0","0","0","-664000","5","-100.00","266","0","25","0","0","","0","0","0","","",""
"080013","0003","0","686000","687000","688000","689000","690000","691000","693000","694000","695000","696000","682000","681000","680000","679000","678000","676000","674000","673000","672000","671000","64","35","66","20","5","17","11","18","1","53","3","48","5","1","5","34","26","74","5","75","290","276","0","0","0","0","0","-664000","5","-100.00","266","0","1","0","0","","0","0","0","","",""
"080014","0000","0","686000","687000","688000","689000","690000","691000","693000","694000","695000","696000","682000","681000","680000","679000","678000","676000","674000","673000","672000","671000","69","35","66","20","5","17","11","18","1","53","3","48","5","1","5","34","26","74","5","75","295","276","0","0","0","0","0","-664000","5","-100.00","266","5","0","0","0","","0","0","0","","",""
"080014","0001","0","686000","687000","688000","689000","690000","691000","693000","694000","695000","696000","682000","681000","680000","679000","678000","676000","674000","673000","672000","671000","76","35","66","20","5","17","11","18","1","53","3","48","5","1","5","34","26","74","5","75","302","276","0","0","0","0","0","-664000","5","-100.00","266","1","0","0","0","","0","0","0","","",""
"080014","0002","0","686000","687000","688000","689000","690000","691000","693000","694000","695000","696000","682000","681000","680000","679000","678000","676000","674000","673000","672000","671000","76","35","66","20","5","17","21","18","1","53","2","48","5","1","5","34","26","74","5","85","312","285","0","0","0","0","0","-664000","5","-100.00","267","10","9","0","0","","0","0","0","","",""
"080014","0003","0","684000","686000","687000","688000","689000","690000","691000","693000","694000","695000","682000","681000","680000","679000","678000","676000","674000","673000","672000","671000","29","78","35","66","20","5","17","21","18","1","2","48","5","1","5","34","26","74","5","85","290","285","0","0","0","0","0","-664000","5","-100.00","267","-22","0","0","0","","0","0","0","","",""
"080015","0000","0","685000","686000","687000","688000","689000","690000","691000","693000","694000","695000","684000","682000","681000","680000","679000","678000","676000","674000","673000","672000","19","78","35","66","20","5","17","21","18","1","11","2","48","5","1","5","34","26","74","5","280","211","0","0","0","0","0","-664000","5","-100.00","296","-10","-74","0","0","","0","0","0","","",""
"080015","0001","0","685000","686000","687000","688000","689000","690000","691000","693000","694000","695000","684000","682000","681000","680000","679000","678000","676000","674000","673000","672000","19","78","35","66","20","5","17","21","18","1","8","2","48","5","1","5","34","26","74","5","280","208","0","0","0","0","0","-664000","5","-100.00","299","0","-3","0","0","","0","0","0","","",""
"080015","0002","0","685000","686000","687000","688000","689000","690000","691000","693000","694000","695000","684000","682000","681000","680000","679000","678000","676000","674000","673000","672000","19","78","35","72","20","5","17","21","18","1","8","2","48","5","1","5","34","26","74","5","286","208","0","0","0","0","0","-664000","5","-100.00","299","0","0","0","0","","0","0","0","","",""
"080015","0003","0","685000","686000","687000","688000","689000","690000","691000","693000","694000","695000","684000","682000","681000","680000","679000","678000","676000","674000","673000","672000","20","79","35","72","20","5","17","21","18","1","8","2","48","5","1","5","19","26","74","5","288","193","0","0","0","0","0","-664000","5","-100.00","299","2","0","0","0","","0","0","0","","",""
"080016","0000","0","685000","686000","687000","688000","689000","690000","691000","693000","694000","695000","684000","682000","681000","680000","679000","678000","676000","674000","673000","672000","20","180","36","102","20","5","17","21","18","1","7","2","48","5","1","5","19","26","74","5","420","192","0","0","0","0","0","-664000","5","-100.00","300","100","0","0","0","","0","0","0","","",""
"080016","0001","0","684000","685000","686000","687000","688000","689000","690000","691000","693000","694000","682000","681000","680000","679000","678000","676000","674000","673000","672000","671000","13","20","180","36","102","20","5","17","21","18","2","48","5","1","5","19","26","74","5","85","432","270","0","0","0","0","0","-664000","5","-100.00","307","12","78","0","0","","0","0","0","","",""
"080016","0002","0","684000","685000","686000","687000","688000","689000","690000","691000","693000","694000","682000","681000","680000","679000","678000","676000","674000","673000","672000","671000","13","20","180","42","96","20","5","17","21","18","2","48","5","21","5","19","26","74","5","85","432","290","0","0","0","0","0","-664000","5","-100.00","307","0","20","0","0","","0","0","0","","",""
"080016","0003","0","684000","685000","686000","687000","688000","689000","690000","691000","693000","694000","682000","681000","680000","679000","678000","676000","674000","673000","672000","671000","13","20","180","42","96","20","5","17","21","18","3","48","5","21","5","19","26","74","5","85","432","291","0","0","0","0","0","-664000","5","-100.00","307","0","1","0","0","","0","0","0","","",""
"080016","0004","0","684000","685000","686000","687000","688000","689000","690000","691000","693000","694000","682000","681000","680000","679000","678000","676000","674000","673000","672000","671000","13","71","180","42","96","20","5","17","21","18","1","32","5","21","5","19","26","74","5","85","483","273","0","0","0","0","0","-664000","5","-100.00","307","51","-18","0","0","","0","0","0","","",""
"080017","0000","0","684000","685000","686000","687000","688000","689000","690000","691000","693000","694000","682000","681000","680000","679000","678000","676000","674000","673000","672000","671000","13","71","186","36","96","20","5","17","21","18","1","32","5","21","5","19","26","74","5","85","483","273","0","0","0","0","0","-664000","5","-100.00","307","0","0","0","0","","0","0","0","","",""
"080017","0001","0","684000","685000","686000","687000","688000","689000","690000","691000","693000","694000","682000","681000","680000","679000","678000","676000","674000","673000","672000","671000","23","71","186","36","97","20","5","17","21","18","1","32","5","21","5","19","26","74","5","85","494","273","0","0","0","0","0","-664000","5","-100.00","307","11","0","0","0","","0","0","0","","",""
"080017","0002","0","684000","685000","686000","687000","688000","689000","690000","691000","693000","694000","682000","681000","680000","679000","678000","676000","674000","673000","672000","671000","23","71","186","36","97","22","5","17","21","18","1","32","5","21","5","19","26","74","5","85","496","273","0","0","0","0","0","-664000","5","-100.00","307","2","0","0","0","","0","0","0","","",""
"080017","0003","0","684000","685000","686000","687000","688000","689000","690000","691000","693000","694000","682000","681000","680000","679000","678000","676000","674000","673000","672000","671000","23","81","186","37","97","22","5","17","21","18","1","32","5","21","5","19","26","74","5","85","507","273","0","0","0","0","0","-664000","5","-100.00","307","11","0","0","0","","0","0","0","","",""
"080018","0000","0","684000","685000","686000","687000","688000","689000","690000","691000","693000","694000","682000","681000","680000","679000","678000","676000","674000","673000","672000","671000","24","81","187","37","97","22","5","17","21","18","1","32","5","21","5","19","26","74","5","85","509","273","0","0","0","0","0","-664000","5","-100.00","309","1","-1","0","0","","0","0","0","","",""
"080018","0001","0","684000","685000","686000","687000","688000","689000","690000","691000","693000","694000","682000","681000","680000","679000","678000","676000","674000","673000","672000","671000","24","86","188","37","97","22","5","17","21","18","1","32","5","21","5","19","26","74","5","85","515","273","0","0","0","0","0","-664000","5","-100.00","309","1","0","0","0","","0","0","0","","",""
"080018","0002","0","684000","685000","686000","687000","688000","689000","690000","691000","693000","694000","682000","681000","680000","679000","678000","676000","674000","673000","672000","671000","19","86","188","37","97","22","5","17","21","18","1","32","5","21","5","19","26","74","5","85","510","273","0","0","0","0","0","-664000","5","-100.00","315","-5","0","0","0","","0","0","0","","",""
"080018","0003","0","684000","685000","686000","687000","688000","689000","690000","691000","693000","694000","682000","681000","680000","679000","678000","676000","674000","673000","672000","671000","46","86","188","37","97","22","5","17","21","18","1","32","5","21","5","19","26","74","5","85","537","273","0","0","0","0","0","-664000","5","-100.00","315","27","0","0","0","","0","0","0","","",""
"080018","0004","0","684000","685000","686000","687000","688000","689000","690000","691000","693000","694000","682000","681000","680000","679000","678000","676000","674000","673000","672000","671000","76","86","189","37","97","22","5","17","21","18","1","32","5","21","5","19","26","74","5","85","568","273","0","0","0","0","0","-664000","5","-100.00","315","31","0","0","0","","0","0","0","","",""
"080019","0000","0","684000","685000","686000","687000","688000","689000","690000","691000","693000","694000","682000","681000","680000","679000","678000","676000","674000","673000","672000","671000","79","130","185","37","97","22","5","17","21","18","1","32","5","21","5","19","26","74","5","85","611","273","0","0","0","0","0","-664000","5","-100.00","316","-1","0","0","0","","0","0","0","","",""
"080019","0001","0","681000","684000","685000","686000","687000","688000","689000","690000","691000","693000","680000","679000","678000","676000","674000","673000","672000","671000","670000","669000","37","79","130","185","37","97","22","5","17","21","5","21","5","19","26","74","5","85","27","19","630","286","0","0","0","0","0","-664000","5","-100.00","350","19","13","0","0","","0","0","0","","",""
"080019","0002","0","683000","684000","685000","686000","687000","688000","689000","690000","691000","693000","680000","679000","678000","676000","674000","673000","672000","671000","670000","669000","4","57","132","235","37","97","22","7","17","21","1","21","5","19","26","74","5","85","27","19","629","282","0","0","0","0","0","-664000","5","-100.00","432","-15","-4","0","0","","0","0","0","","",""
"080019","0003","0","682000","683000","684000","685000","686000","687000","688000","689000","690000","691000","680000","679000","678000","676000","674000","673000","672000","671000","670000","669000","4","4","53","132","257","37","97","22","7","17","1","21","5","19","26","74","5","85","27","19","630","282","0","0","0","0","0","-664000","5","-100.00","435","-1","0","0","0","","0","0","0","","",""
"080019","0004","0","682000","683000","684000","685000","686000","687000","688000","689000","690000","691000","680000","679000","678000","676000","674000","673000","672000","671000","670000","669000","4","4","53","132","270","37","97","22","7","17","1","21","5","19","26","74","5","85","27","19","643","282","0","0","0","0","0","-664000","5","-100.00","436","13","0","0","0","","0","0","0","","",""
"080020","0000","0","682000","683000","684000","685000","686000","687000","688000","689000","690000","691000","680000","679000","678000","676000","674000","673000","672000","671000","670000","669000","4","4","54","132","278","37","97","22","7","17","1","21","5","19","26","74","86","85","27","19","652","363","0","0","0","0","0","-664000","5","-100.00","436","1","81","0","0","","0","0","0","","",""
"080020","0001","0","684000","685000","686000","687000","688000","689000","690000","691000","693000","694000","680000","679000","678000","676000","674000","673000","672000","671000","670000","669000","54","132","279","37","97","22","7","17","21","18","6","21","5","19","26","74","86","85","27","19","684","368","0","0","0","0","0","-664000","5","-100.00","437","32","5","0","0","","0","0","0","","",""
"080020","0002","0","683000","684000","685000","686000","687000","688000","689000","690000","691000","693000","680000","679000","678000","676000","674000","673000","672000","671000","670000","669000","4","58","132","279","37","97","22","7","17","21","6","21","5","19","26","74","86","85","27","19","674","368","0","0","0","0","0","-664000","5","-100.00","439","-10","0","0","0","","0","0","0","","",""
"080020","0003","0","683000","684000","685000","686000","687000","688000","689000","690000","691000","693000","680000","679000","678000","676000","674000","673000","672000","671000","670000","669000","4","61","134","279","37","97","22","7","18","21","6","21","5","19","26","74","86","85","27","19","680","368","0","0","0","0","0","-664000","5","-100.00","439","4","0","0","0","","0","0","0","","",""
"080020","0004","0","682000","683000","684000","685000","686000","687000","688000","689000","690000","691000","680000","679000","678000","676000","674000","673000","672000","671000","670000","669000","6","4","57","134","279","37","97","22","7","18","6","21","8","19","26","74","86","85","27","19","661","371","0","0","0","0","0","-664000","5","-100.00","444","-19","0","0","0","","0","0","0","","",""
"080021","0000","0","682000","683000","684000","685000","686000","687000","688000","689000","690000","691000","680000","679000","678000","676000","674000","673000","672000","671000","670000","669000","6","4","87","135","279","37","97","22","7","18","6","21","8","19","26","74","86","85","27","19","692","371","0","0","0","0","0","-664000","5","-100.00","444","31","0","0","0","","0","0","0","","",""
"080021","0001","0","682000","683000","684000","685000","686000","687000","688000","689000","690000","691000","680000","679000","678000","676000","674000","673000","672000","671000","670000","669000","6","4","87","136","279","37","97","22","7","18","6","21","8","19","26","74","86","85","27","19","693","371","0","0","0","0","0","-664000","5","-100.00","444","1","0","0","0","","0","0","0","","",""
"080021","0002","0","682000","683000","684000","685000","686000","687000","688000","689000","690000","691000","681000","680000","679000","678000","676000","674000","673000","672000","671000","670000","6","4","87","139","279","37","97","22","7","18","4","6","21","8","19","26","74","86","85","27","696","356","0","0","0","0","0","-664000","5","-100.00","445","1","-15","0","0","","0","0","0","","",""
"080022","0000","0","682000","683000","684000","685000","686000","687000","688000","689000","690000","691000","681000","680000","679000","678000","676000","674000","673000","672000","671000","670000","10","4","87","139","286","37","108","22","8","18","3","25","11","8","19","26","74","86","85","27","719","364","0","0","0","0","0","-664000","5","-100.00","446","16","-1","0","0","","0","0","0","","",""
"080022","0001","0","682000","683000","684000","685000","686000","687000","688000","689000","690000","691000","681000","680000","679000","678000","677000","676000","674000","673000","672000","671000","2","4","88","138","286","37","108","22","8","18","3","25","11","8","1","19","26","74","86","85","711","338","0","0","0","0","0","-664000","5","-100.00","450","-1","-26","0","0","","0","0","0","","",""
"080022","0002","0","682000","683000","684000","685000","686000","687000","688000","689000","690000","691000","681000","680000","679000","678000","677000","676000","674000","673000","672000","671000","7","4","88","138","286","37","108","22","8","18","3","25","11","8","1","19","26","74","86","85","716","338","0","0","0","0","0","-664000","5","-100.00","450","5","0","0","0","","0","0","0","","",""
"080022","0003","0","682000","683000","684000","685000","686000","687000","688000","689000","690000","691000","681000","680000","679000","678000","677000","676000","674000","673000","672000","671000","7","4","92","138","2786","37","108","22","8","18","3","39","11","8","1","19","26","74","86","85","3220","352","0","0","0","0","0","-664000","5","-100.00","450","2504","14","0","0","","0","0","0","","",""
"080022","0004","0","681000","682000","684000","685000","686000","687000","688000","689000","690000","691000","680000","679000","678000","677000","676000","674000","673000","672000","671000","670000","6","23","92","120","2787","18","108","22","8","18","22","11","8","1","19","26","74","86","85","27","3202","359","0","0","0","0","0","-664000","5","-100.00","475","-19","7","0","0","","0","0","0","","",""
"080023","0000","0","682000","684000","685000","686000","687000","688000","689000","690000","691000","693000","680000","679000","678000","677000","676000","674000","673000","672000","671000","670000","19","93","121","2820","20","108","22","8","18","21","22","11","8","1","19","26","74","86","85","27","3250","359","0","0","0","0","0","-664000","5","-100.00","481","1","0","0","0","","0","0","0","","",""
"080023","0001","0","682000","684000","685000","686000","687000","688000","689000","690000","691000","693000","680000","679000","678000","677000","676000","675000","674000","673000","672000","671000","19","93","121","2820","20","108","22","8","18","21","22","11","8","1","19","1","26","74","86","85","3250","333","0","0","0","0","0","-664000","5","-100.00","481","0","-26","0","0","","0","0","0","","",""
"080023","0002","0","682000","684000","685000","686000","687000","688000","689000","690000","691000","693000","680000","679000","678000","677000","676000","675000","674000","673000","672000","671000","19","93","122","2820","20","108","22","8","18","21","22","11","8","1","19","1","26","74","86","85","3251","333","0","0","0","0","0","-664000","5","-100.00","481","1","0","0","0","","0","0","0","","",""
"080023","0003","0","682000","683000","684000","685000","686000","687000","688000","689000","690000","691000","680000","679000","678000","677000","676000","675000","674000","673000","672000","671000","19","5","93","122","2820","20","109","22","8","18","22","11","8","1","19","1","26","74","86","90","3236","338","0","0","0","0","0","-664000","5","-100.00","481","-15","5","0","0","","0","0","0","","",""
"080023","0004","0","682000","683000","684000","685000","686000","687000","688000","689000","690000","691000","680000","679000","678000","677000","676000","675000","674000","673000","672000","671000","19","8","93","122","2820","20","109","22","8","18","22","11","8","2","19","1","26","74","86","90","3239","339","0","0","0","0","0","-664000","5","-100.00","481","0","1","0","0","","0","0","0","","",""
"080024","0000","0","682000","683000","684000","685000","686000","687000","688000","689000","690000","691000","680000","679000","678000","677000","676000","675000","674000","673000","672000","671000","19","8","94","122","2820","20","109","22","8","18","22","11","8","2","19","1","26","74","86","90","3240","339","0","0","0","0","0","-664000","5","-100.00","481","1","0","0","0","","0","0","0","","",""
"080024","0001","0","682000","683000","684000","685000","686000","687000","688000","689000","690000","691000","680000","679000","678000","677000","676000","675000","674000","673000","672000","671000","18","10","94","122","2820","20","109","22","8","18","22","11","8","2","20","1","26","74","86","90","3241","340","0","0","0","0","0","-664000","5","-100.00","482","1","1","0","0","","0","0","0","","",""
"080024","0002","0","682000","683000","684000","685000","686000","687000","688000","689000","690000","691000","680000","679000","678000","677000","676000","675000","674000","673000","672000","671000","18","10","95","122","2820","20","109","22","8","18","22","11","8","2","20","1","26","74","86","90","3242","340","0","0","0","0","0","-664000","5","-100.00","482","1","0","0","0","","0","0","0","","",""
"080024","0003","0","682000","683000","684000","685000","686000","687000","688000","689000","690000","691000","681000","680000","679000","678000","677000","676000","675000","674000","673000","672000","17","10","95","122","2820","20","109","22","8","18","60","22","11","8","2","20","1","26","74","86","3241","310","0","0","0","0","0","-664000","5","-100.00","483","0","-30","0","0","","0","0","0","","",""
"080025","0000","0","682000","683000","684000","685000","686000","687000","688000","689000","690000","691000","681000","680000","679000","678000","677000","676000","675000","674000","673000","672000","21","10","96","122","2820","20","109","22","9","19","65","42","11","8","2","20","1","26","74","86","3248","335","0","0","0","0","0","-664000","5","-100.00","483","3","25","0","0","","0","0","0","","",""
"080025","0001","0","682000","683000","684000","685000","686000","687000","688000","689000","690000","691000","681000","680000","679000","678000","677000","676000","675000","674000","673000","672000","23","10","97","122","2820","20","109","22","9","19","66","52","11","8","2","20","1","26","74","86","3251","346","0","0","0","0","0","-664000","5","-100.00","483","3","1","0","0","","0","0","0","","",""
"080025","0002","0","682000","683000","684000","685000","686000","687000","688000","689000","690000","691000","681000","680000","679000","678000","677000","676000","675000","674000","673000","672000","24","10","116","122","2820","20","109","22","9","19","66","52","11","8","2","20","1","26","74","86","3271","346","0","0","0","0","0","-664000","5","-100.00","483","20","0","0","0","","0","0","0","","",""
"080025","0003","0","682000","683000","684000","685000","686000","687000","688000","689000","690000","691000","681000","680000","679000","678000","677000","676000","675000","674000","673000","672000","13","10","116","123","2819","20","109","22","9","19","66","52","11","8","2","20","1","26","74","86","3260","346","0","0","0","0","0","-664000","5","-100.00","494","-11","0","0","0","","0","0","0","","",""
"080025","0004","0","682000","683000","684000","685000","686000","687000","688000","689000","690000","691000","681000","680000","679000","678000","677000","676000","675000","674000","673000","672000","14","10","116","123","2812","20","109","22","10","19","66","52","11","8","2","20","1","26","74","86","3255","346","0","0","0","0","0","-664000","5","-100.00","494","1","0","0","0","","0","0","0","","",""
"080026","0000","0","682000","683000","684000","685000","686000","687000","688000","689000","690000","691000","681000","680000","679000","678000","677000","676000","675000","674000","673000","672000","13","10","116","123","2812","20","98","22","10","19","55","52","11","8","2","20","21","26","74","86","3243","355","0","0","0","0","0","-664000","5","-100.00","506","-12","20","0","0","","0","0","0","","",""
"080026","0001","0","682000","683000","684000","685000","686000","687000","688000","689000","690000","691000","681000","680000","679000","678000","677000","676000","675000","674000","673000","672000","13","10","116","123","2812","20","103","22","10","19","55","52","11","8","2","20","21","26","74","86","3248","355","0","0","0","0","0","-664000","5","-100.00","506","5","0","0","0","","0","0","0","","",""
"080026","0002","0","682000","683000","684000","685000","686000","687000","688000","689000","690000","691000","681000","680000","679000","678000","677000","676000","675000","674000","673000","672000","26","11","116","123","2812","20","103","22","10","19","55","52","11","8","2","20","21","26","74","86","3262","355","0","0","0","0","0","-664000","5","-100.00","506","3","0","0","0","","0","0","0","","",""
"080026","0003","0","682000","683000","684000","685000","686000","687000","688000","689000","690000","691000","681000","680000","679000","678000","677000","676000","675000","674000","673000","672000","48","11","116","123","2813","20","103","22","10","19","51","52","11","8","2","20","21","26","74","86","3285","351","0","0","0","0","0","-664000","5","-100.00","510","23","-4","0","0","","0","0","0","","",""
"080027","0000","0","682000","683000","684000","685000","686000","687000","688000","689000","690000","691000","681000","680000","679000","678000","677000","676000","675000","674000","673000","672000","50","11","116","123","2813","20","103","22","10","19","53","52","11","8","2","20","21","26","74","86","3287","353","0","0","0","0","0","-664000","5","-100.00","510","2","0","0","0","","0","0","0","","",""
"080027","0001","0","682000","683000","684000","685000","686000","687000","688000","689000","690000","691000","681000","680000","679000","678000","677000","676000","675000","674000","673000","672000","50","11","118","123","2813","20","103","22","10","19","54","52","16","8","2","20","21","26","74","86","3289","359","0","0","0","0","0","-664000","5","-100.00","510","2","5","0","0","","0","0","0","","",""
"080027","0002","0","682000","683000","684000","685000","686000","687000","688000","689000","690000","691000","681000","680000","679000","678000","677000","676000","675000","674000","673000","672000","60","11","118","137","2813","20","103","22","10","5","53","52","16","10","2","20","21","26","74","86","3299","360","0","0","0","0","0","-664000","5","-100.00","511","10","2","0","0","","0","0","0","","",""
"080027","0003","0","682000","683000","684000","685000","686000","687000","688000","689000","690000","691000","681000","680000","679000","678000","677000","676000","675000","674000","673000","672000","60","11","120","137","2813","21","103","22","10","5","53","52","16","10","2","20","21","26","74","86","3302","360","0","0","0","0","0","-664000","5","-100.00","511","3","0","0","0","","0","0","0","","",""
"080027","0004","0","682000","683000","684000","685000","686000","687000","688000","689000","690000","691000","681000","680000","679000","678000","677000","676000","675000","674000","673000","672000","86","13","120","137","2813","21","103","22","10","5","53","52","16","10","2","20","21","26","74","86","3330","360","0","0","0","0","0","-664000","5","-100.00","511","26","0","0","0","","0","0","0","","",""
"080028","0000","0","682000","683000","684000","685000","686000","687000","688000","689000","690000","691000","681000","680000","679000","678000","677000","676000","675000","674000","673000","672000","106","13","120","142","2793","21","103","22","5","5","60","52","16","10","2","20","21","26","74","86","3330","367","0","0","0","0","0","-664000","5","-100.00","514","0","0","0","0","","0","0","0","","",""
"080028","0001","0","682000","683000","684000","685000","686000","687000","688000","689000","690000","691000","681000","680000","679000","678000","677000","676000","675000","674000","673000","672000","106","13","121","142","2793","21","103","22","5","5","60","52","16","10","2","20","21","26","74","86","3331","367","0","0","0","0","0","-664000","5","-100.00","514","1","0","0","0","","0","0","0","","",""
"080028","0002","0","682000","683000","684000","685000","686000","687000","688000","689000","690000","691000","681000","680000","679000","678000","677000","676000","675000","674000","673000","672000","116","13","121","142","2793","21","103","22","5","5","60","52","16","10","2","21","21","26","74","86","3341","368","0","0","0","0","0","-664000","5","-100.00","514","0","1","0","0","","0","0","0","","",""
"080028","0003","0","682000","683000","684000","685000","686000","687000","688000","689000","690000","691000","681000","680000","679000","678000","677000","676000","675000","674000","673000","672000","116","13","121","142","2794","21","103","22","5","5","65","52","18","10","2","21","21","26","74","86","3342","375","0","0","0","0","0","-664000","5","-100.00","514","1","2","0","0","","0","0","0","","",""
"080029","0000","0","682000","683000","684000","685000","686000","687000","688000","689000","690000","691000","681000","680000","679000","678000","677000","676000","675000","674000","673000","672000","122","13","121","142","2794","21","103","22","5","5","14","52","18","10","2","21","21","26","74","86","3348","324","0","0","0","0","0","-664000","5","-100.00","565","0","-51","0","0","","0","0","0","","",""
"080029","0001","0","681000","682000","683000","684000","685000","686000","687000","688000","689000","690000","680000","679000","678000","677000","676000","675000","674000","673000","672000","671000","3","122","14","121","142","2794","21","103","22","5","47","8","10","2","21","21","26","74","86","91","3347","386","0","0","0","0","0","-664000","5","-100.00","584","-1","62","0","0","","0","0","0","","",""
"080029","0002","0","681000","682000","683000","684000","685000","686000","687000","688000","689000","690000","680000","679000","678000","677000","676000","675000","674000","673000","672000","671000","58","123","14","121","142","2794","21","103","22","5","47","8","10","2","24","21","26","74","86","91","3403","389","0","0","0","0","0","-664000","5","-100.00","584","55","3","0","0","","0","0","0","","",""
"080029","0003","0","681000","682000","683000","684000","685000","686000","687000","688000","689000","690000","680000","679000","678000","677000","676000","675000","674000","673000","672000","671000","39","123","14","126","141","2794","21","103","22","5","47","8","10","2","24","21","26","74","86","91","3388","389","0","0","0","0","0","-664000","5","-100.00","603","4","0","0","0","","0","0","0","","",""
"080029","0004","0","681000","682000","683000","684000","685000","686000","687000","688000","689000","690000","680000","679000","678000","677000","676000","675000","674000","673000","672000","671000","39","123","34","126","141","2801","21","103","22","5","47","8","10","2","24","21","26","74","86","91","3415","389","0","0","0","0","0","-664000","5","-100.00","603","27","0","0","0","","0","0","0","","",""
"080030","0000","0","681000","682000","683000","684000","685000","686000","687000","688000","689000","690000","680000","679000","678000","677000","676000","675000","674000","673000","672000","671000","45","124","34","126","141","2800","21","103","22","5","47","8","10","2","23","21","26","74","86","91","3421","388","0","0","0","0","0","-664000","5","-100.00","613","1","-1","0","0","","0","0","0","","",""
"080030","0001","0","681000","682000","683000","684000","685000","686000","687000","688000","689000","690000","680000","679000","678000","677000","676000","675000","674000","673000","672000","671000","45","124","34","126","141","2800","21","103","22","5","47","8","7","2","26","21","26","74","86","91","3421","388","0","0","0","0","0","-664000","5","-100.00","613","0","0","0","0","","0","0","0","","",""
"080030","0002","0","681000","682000","683000","684000","685000","686000","687000","688000","689000","690000","680000","679000","678000","677000","676000","675000","674000","673000","672000","671000","45","125","34","126","141","2800","21","103","22","5","47","8","7","2","27","21","26","74","86","91","3422","389","0","0","0","0","0","-664000","5","-100.00","613","0","1","0","0","","0","0","0","","",""
"080030","0003","0","681000","682000","683000","684000","685000","686000","687000","688000","689000","690000","680000","679000","678000","677000","676000","675000","674000","673000","672000","671000","45","125","34","126","141","2800","21","103","22","5","57","8","7","2","27","21","26","74","86","91","3422","399","0","0","0","0","0","-664000","5","-100.00","613","0","10","0","0","","0","0","0","","",""
"080030","0004","0","681000","682000","683000","684000","685000","686000","687000","688000","689000","690000","680000","679000","678000","677000","676000","675000","674000","673000","672000","671000","45","125","34","146","141","2800","21","83","22","5","57","8","8","2","27","21","26","74","86","91","3422","400","0","0","0","0","0","-664000","5","-100.00","613","0","1","0","0","","0","0","0","","",""
"080031","0000","0","681000","682000","683000","684000","685000","686000","687000","688000","689000","690000","680000","679000","678000","677000","676000","675000","674000","673000","672000","671000","45","105","34","146","141","2800","21","83","22","5","47","8","8","2","27","21","26","74","86","91","3402","390","0","0","0","0","0","-664000","5","-100.00","633","-20","-10","0","0","","0","0","0","","",""
"080031","0001","0","681000","682000","683000","684000","685000","686000","687000","688000","689000","690000","680000","679000","678000","677000","676000","675000","674000","673000","672000","671000","35","105","34","149","141","2800","21","83","22","5","50","8","8","2","27","21","26","74","86","91","3395","393","0","0","0","0","0","-664000","5","-100.00","643","-7","0","0","0","","0","0","0","","",""
"080031","0002","0","681000","682000","683000","684000","685000","686000","687000","688000","689000","690000","680000","679000","678000","677000","676000","675000","674000","673000","672000","671000","39","101","34","177","141","2800","21","83","22","5","49","8","9","2","27","21","26","74","86","91","3423","393","0","0","0","0","0","-664000","5","-100.00","644","0","-1","0","0","","0","0","0","","",""
"080031","0003","0","681000","682000","683000","684000","685000","686000","687000","688000","689000","690000","680000","679000","678000","677000","676000","675000","674000","673000","672000","671000","105","101","34","177","141","2800","21","83","22","5","49","8","9","2","27","21","26","74","86","91","3489","393","0","0","0","0","0","-664000","5","-100.00","646","1","0","0","0","","0","0","0","","",""
"080031","0004","0","682000","683000","684000","685000","686000","687000","688000","689000","690000","691000","681000","680000","679000","678000","677000","676000","675000","674000","673000","672000","64","59","152","141","2800","21","83","22","5","5","1","24","8","9","2","27","21","26","74","86","3352","278","0","0","0","0","0","-664000","5","-100.00","813","-137","-115","0","0","","0","0","0","","",""
"080032","0000","0","681000","682000","683000","684000","685000","686000","687000","688000","689000","690000","680000","679000","678000","677000","676000","675000","674000","673000","672000","671000","163","64","59","152","141","2799","21","83","22","5","24","9","9","2","27","21","25","74","86","99","3509","376","0","0","0","0","0","-664000","5","-100.00","814","160","0","0","0","","0","0","0","","",""
"080032","0001","0","681000","682000","683000","684000","685000","686000","687000","688000","689000","690000","680000","679000","678000","677000","676000","675000","674000","673000","672000","671000","166","64","59","151","141","2799","21","83","22","5","24","9","9","2","27","21","25","74","86","99","3511","376","0","0","0","0","0","-664000","5","-100.00","814","2","0","0","0","","0","0","0","","",""
"080032","0002","0","681000","682000","683000","684000","685000","686000","687000","688000","689000","690000","680000","679000","678000","677000","676000","675000","674000","673000","672000","671000","166","64","69","151","141","2699","21","83","22","5","24","9","9","2","27","21","25","74","86","99","3421","376","0","0","0","0","0","-664000","5","-100.00","814","-90","0","0","0","","0","0","0","","",""
"080032","0003","0","681000","682000","683000","684000","685000","686000","687000","688000","689000","690000","680000","679000","678000","677000","676000","675000","674000","673000","672000","671000","166","64","69","132","147","2699","21","83","22","5","5","9","9","2","27","21","25","74","86","99","3408","357","0","0","0","0","0","-664000","5","-100.00","833","5","0","0","0","","0","0","0","","",""
"080032","0004","0","681000","682000","683000","684000","685000","686000","687000","688000","689000","690000","680000","679000","678000","677000","676000","675000","674000","673000","672000","671000","200","64","69","132","147","2665","21","83","22","5","5","9","9","2","27","21","25","74","86","99","3408","357","0","0","0","0","0","-664000","5","-100.00","833","0","0","0","0","","0","0","0","","",""
"080033","0000","0","681000","682000","683000","684000","685000","686000","687000","688000","689000","690000","680000","679000","678000","677000","676000","675000","674000","673000","672000","671000","201","65","69","132","147","2665","21","83","22","5","5","9","9","2","27","51","25","74","86","99","3410","387","0","0","0","0","0","-664000","5","-100.00","834","1","0","0","0","","0","0","0","","",""
"080033","0001","0","680000","681000","682000","683000","684000","685000","686000","687000","688000","689000","679000","678000","677000","676000","675000","674000","673000","672000","671000","670000","2","214","65","69","132","147","2665","21","83","22","4","9","2","27","51","25","74","86","99","59","3420","436","0","0","0","0","0","-664000","5","-100.00","846","11","0","0","0","","0","0","0","","",""
"080033","0002","0","680000","681000","682000","683000","684000","685000","686000","687000","688000","689000","679000","678000","677000","676000","675000","674000","673000","672000","671000","670000","2","256","65","69","132","149","2665","21","83","22","4","9","2","27","51","25","74","86","99","59","3464","436","0","0","0","0","0","-664000","5","-100.00","846","44","0","0","0","","0","0","0","","",""
"080033","0003","0","680000","681000","682000","683000","684000","685000","686000","687000","688000","689000","679000","678000","677000","676000","675000","674000","673000","672000","671000","670000","2","257","65","69","132","149","2664","21","83","22","4","9","2","27","51","25","75","86","99","59","3464","437","0","0","0","0","0","-664000","5","-100.00","846","0","1","0","0","","0","0","0","","",""
"080034","0000","0","681000","682000","683000","684000","685000","686000","687000","688000","689000","690000","679000","678000","677000","676000","675000","674000","673000","672000","671000","670000","236","75","69","132","149","2664","22","83","22","6","4","9","2","27","51","25","75","86","99","59","3458","437","0","0","0","0","0","-664000","5","-100.00","870","-6","0","0","0","","0","0","0","","",""
"080034","0001","0","681000","682000","683000","684000","685000","686000","687000","688000","689000","690000","679000","678000","677000","676000","675000","674000","673000","672000","671000","670000","118","75","69","132","149","2664","22","83","22","6","4","9","2","35","51","25","75","86","99","59","3340","445","0","0","0","0","0","-664000","5","-100.00","993","-118","8","0","0","","0","0","0","","",""
"080034","0002","0","680000","681000","682000","683000","684000","685000","686000","687000","688000","689000","679000","678000","677000","676000","675000","674000","673000","672000","671000","670000","2","18","75","69","132","153","2664","22","83","22","4","9","2","35","51","25","75","86","99","59","3240","445","0","0","0","0","0","-664000","5","-100.00","1093","0","0","0","0","","0","0","0","","",""
"080034","0003","0","680000","681000","682000","683000","684000","685000","686000","687000","688000","689000","679000","678000","677000","676000","675000","674000","673000","672000","671000","670000","8","18","75","69","132","153","2664","22","83","22","4","9","2","35","51","25","75","86","99","59","3246","445","0","0","0","0","0","-664000","5","-100.00","1093","6","0","0","0","","0","0","0","","",""
"080035","0000","0","680000","681000","682000","683000","684000","685000","686000","687000","688000","689000","679000","678000","677000","676000","675000","674000","673000","672000","671000","670000","3","18","75","69","132","151","2664","22","83","22","4","9","2","35","51","25","75","86","99","59","3239","445","0","0","0","0","0","-664000","5","-100.00","1100","-7","0","0","0","","0","0","0","","",""
"080035","0001","0","680000","681000","682000","683000","684000","685000","686000","687000","688000","689000","679000","678000","677000","676000","675000","674000","673000","672000","671000","670000","3","27","76","69","133","150","2664","22","83","22","4","9","2","35","51","25","75","86","99","59","3249","445","0","0","0","0","0","-664000","5","-100.00","1100","9","0","0","0","","0","0","0","","",""
"080035","0002","0","680000","681000","682000","683000","684000","685000","686000","687000","688000","689000","679000","678000","677000","676000","675000","674000","673000","672000","671000","670000","3","27","76","69","183","150","2664","22","83","22","4","9","2","35","51","25","75","86","99","59","3299","445","0","0","0","0","0","-664000","5","-100.00","1100","50","0","0","0","","0","0","0","","",""
"080035","0003","0","680000","681000","682000","683000","684000","685000","686000","687000","688000","689000","679000","678000","677000","676000","675000","674000","673000","672000","671000","670000","3","28","76","69","183","150","2664","22","83","22","4","9","2","35","51","25","75","86","99","59","3300","445","0","0","0","0","0","-664000","5","-100.00","1100","1","0","0","0","","0","0","0","","",""
"080036","0000","0","680000","681000","682000","683000","684000","685000","686000","687000","688000","689000","679000","678000","677000","676000","675000","674000","673000","672000","671000","670000","3","28","96","69","183","160","2664","22","83","22","5","9","2","35","51","25","75","86","99","59","3330","446","0","0","0","0","0","-664000","5","-100.00","1100","30","1","0","0","","0","0","0","","",""
"080036","0001","0","680000","681000","682000","683000","684000","685000","686000","687000","688000","689000","679000","678000","677000","676000","675000","674000","673000","672000","671000","670000","4","28","96","69","183","160","2664","22","83","22","5","9","2","35","51","25","75","86","99","59","3331","446","0","0","0","0","0","-664000","5","-100.00","1100","1","0","0","0","","0","0","0","","",""
"080036","0002","0","680000","681000","682000","683000","684000","685000","686000","687000","688000","689000","679000","678000","677000","676000","675000","674000","673000","672000","671000","670000","2","28","96","69","183","161","2664","22","83","22","5","9","2","35","51","25","75","86","99","59","3330","446","0","0","0","0","0","-664000","5","-100.00","1102","1","0","0","0","","0","0","0","","",""
"080036","0003","0","680000","681000","682000","683000","684000","685000","686000","687000","688000","689000","678000","677000","676000","675000","674000","673000","672000","671000","670000","669000","57","32","96","69","183","161","2664","22","83","22","4","2","35","51","25","75","86","99","59","21","3389","457","0","0","0","0","0","-664000","5","-100.00","1112","59","11","0","0","","0","0","0","","",""
"080036","0004","0","680000","681000","682000","683000","684000","685000","686000","687000","688000","689000","678000","677000","676000","675000","674000","673000","672000","671000","670000","669000","57","33","96","69","183","161","2664","22","83","47","4","2","35","51","25","75","86","99","59","21","3415","457","0","0","0","0","0","-664000","5","-100.00","1112","25","0","0","0","","0","0","0","","",""
"080037","0000","0","680000","681000","682000","683000","684000","685000","686000","687000","688000","689000","679000","678000","677000","676000","675000","674000","673000","672000","671000","670000","57","34","96","69","183","161","2663","22","83","47","1","4","2","35","51","25","75","86","99","59","3415","437","0","0","0","0","0","-664000","5","-100.00","1112","0","-20","0","0","","0","0","0","","",""
"080037","0001","0","680000","681000","682000","683000","684000","685000","686000","687000","688000","689000","679000","678000","677000","676000","675000","674000","673000","672000","671000","670000","57","54","96","69","183","161","2663","22","83","47","1","4","2","27","51","25","75","86","99","59","3435","429","0","0","0","0","0","-664000","5","-100.00","1112","20","-8","0","0","","0","0","0","","",""
"080037","0002","0","680000","681000","682000","683000","684000","685000","686000","687000","688000","689000","679000","678000","677000","676000","675000","674000","673000","672000","671000","670000","76","55","86","69","183","161","2659","22","83","47","1","4","2","27","51","25","75","86","99","59","3441","429","0","0","0","0","0","-664000","5","-100.00","1112","1","0","0","0","","0","0","0","","",""
"080038","0000","0","680000","681000","682000","683000","684000","685000","686000","687000","688000","689000","679000","678000","677000","676000","675000","674000","673000","672000","671000","670000","71","56","86","69","183","161","2659","22","83","47","1","4","2","27","51","25","75","86","99","59","3437","429","0","0","0","0","0","-664000","5","-100.00","1117","-2","0","0","0","","0","0","0","","",""
"080038","0001","0","680000","681000","682000","683000","684000","685000","686000","687000","688000","689000","679000","678000","677000","676000","675000","674000","673000","672000","671000","670000","71","72","86","69","183","161","2659","22","83","47","1","4","2","27","51","25","75","86","99","59","3453","429","0","0","0","0","0","-664000","5","-100.00","1117","16","0","0","0","","0","0","0","","",""
"080038","0002","0","680000","681000","682000","683000","684000","685000","686000","687000","688000","689000","679000","678000","677000","676000","675000","674000","673000","672000","671000","670000","81","72","86","69","183","168","2659","22","83","47","1","4","2","27","51","25","75","86","99","59","3470","429","0","0","0","0","0","-664000","5","-100.00","1117","17","0","0","0","","0","0","0","","",""
"080038","0003","0","680000","681000","682000","683000","684000","685000","686000","687000","688000","689000","679000","678000","677000","676000","675000","674000","673000","672000","671000","670000","94","72","86","69","188","168","2659","22","83","47","1","4","2","27","51","25","75","86","99","59","3488","429","0","0","0","0","0","-664000","5","-100.00","1117","18","0","0","0","","0","0","0","","",""
"080038","0004","0","678000","680000","681000","682000","683000","684000","685000","686000","687000","688000","677000","676000","675000","674000","673000","672000","671000","670000","669000","668000","3","95","72","86","69","188","170","2659","22","84","2","24","54","25","75","86","99","59","21","31","3448","476","0","0","0","0","0","-664000","5","-100.00","1124","-43","47","0","0","","0","0","0","","",""
"080039","0000","0","678000","679000","680000","681000","682000","683000","684000","685000","686000","687000","677000","676000","675000","674000","673000","672000","671000","670000","669000","668000","3","7","95","72","130","69","188","170","2659","22","2","24","54","25","75","86","99","59","21","31","3415","476","0","0","0","0","0","-664000","5","-100.00","1124","-33","0","0","0","","0","0","0","","",""
"080039","0001","0","679000","680000","681000","682000","683000","684000","685000","686000","687000","688000","678000","677000","676000","675000","674000","673000","672000","671000","670000","669000","7","95","72","105","69","188","170","2659","22","40","2","2","24","54","25","75","86","99","59","21","3427","447","0","0","0","0","0","-664000","5","-100.00","1127","37","-29","0","0","","0","0","0","","",""
"080039","0002","0","680000","681000","682000","683000","684000","685000","686000","687000","688000","689000","679000","678000","677000","676000","675000","674000","673000","672000","671000","670000","60","82","103","69","188","170","2659","22","40","47","1","2","2","24","54","25","75","86","99","59","3440","427","0","0","0","0","0","-664000","5","-100.00","1177","7","-20","0","0","","0","0","0","","",""
"080039","0003","0","680000","681000","682000","683000","684000","685000","686000","687000","688000","689000","678000","677000","676000","675000","674000","673000","672000","671000","670000","669000","61","82","103","69","188","170","2659","22","40","47","3","2","24","54","25","75","86","99","59","21","3441","448","0","0","0","0","0","-664000","5","-100.00","1178","0","1","0","0","","0","0","0","","",""
"080040","0000","0","680000","681000","682000","683000","684000","685000","686000","687000","688000","689000","678000","677000","676000","675000","674000","673000","672000","671000","670000","669000","65","82","103","69","188","170","2659","22","40","47","4","2","24","54","25","75","86","99","59","21","3445","449","0","0","0","0","0","-664000","5","-100.00","1178","4","1","0","0","","0","0","0","","",""
"080040","0001","0","680000","681000","682000","683000","684000","685000","686000","687000","688000","689000","678000","677000","676000","675000","674000","673000","672000","671000","670000","669000","65","82","103","69","188","170","2659","22","40","47","4","2","24","54","25","75","86","99","59","21","3445","449","0","0","0","0","0","-664000","5","-100.00","1178","0","0","0","0","","0","0","0","","",""
"080040","0002","0","680000","681000","682000","683000","684000","685000","686000","687000","688000","689000","678000","677000","676000","675000","674000","673000","672000","671000","670000","669000","63","82","103","69","188","170","2659","22","40","47","23","2","24","54","25","75","86","99","59","21","3443","468","0","0","0","0","0","-664000","5","-100.00","1181","0","19","0","0","","0","0","0","","",""
"080041","0000","0","680000","681000","682000","683000","684000","685000","686000","687000","688000","689000","678000","677000","676000","675000","674000","673000","672000","671000","670000","669000","67","82","103","69","188","170","2659","22","40","47","23","2","24","54","25","75","86","99","59","21","3447","468","0","0","0","0","0","-664000","5","-100.00","1181","4","0","0","0","","0","0","0","","",""
"080041","0001","0","680000","681000","682000","683000","684000","685000","686000","687000","688000","689000","678000","677000","676000","675000","674000","673000","672000","671000","670000","669000","66","82","103","69","189","170","2661","22","40","47","23","2","24","54","25","75","86","99","59","21","3449","468","0","0","0","0","0","-664000","5","-100.00","1183","2","0","0","0","","0","0","0","","",""
"080041","0002","0","679000","680000","681000","682000","683000","684000","685000","686000","687000","688000","678000","677000","676000","675000","674000","673000","672000","671000","670000","669000","1","166","82","103","69","189","170","2661","22","40","22","2","24","54","26","75","86","99","59","21","3503","468","0","0","0","0","0","-664000","5","-100.00","1184","-46","1","0","0","","0","0","0","","",""
"080041","0003","0","680000","681000","682000","683000","684000","685000","686000","687000","688000","689000","678000","677000","676000","675000","674000","673000","672000","671000","670000","669000","167","81","103","69","189","170","2661","22","40","47","24","2","24","54","26","75","86","99","59","21","3549","470","0","0","0","0","0","-664000","5","-100.00","1185","46","0","0","0","","0","0","0","","",""
"080041","0004","0","680000","681000","682000","683000","684000","685000","686000","687000","688000","689000","678000","677000","676000","675000","674000","673000","672000","671000","670000","669000","168","81","102","69","189","170","2661","22","40","47","14","2","24","54","26","75","86","99","59","21","3549","460","0","0","0","0","0","-664000","5","-100.00","1195","0","-10","0","0","","0","0","0","","",""
"080042","0000","0","680000","681000","682000","683000","684000","685000","686000","687000","688000","689000","678000","677000","676000","675000","674000","673000","672000","671000","670000","669000","166","91","103","69","189","169","2661","22","40","47","25","2","24","54","26","75","86","99","59","22","3557","472","0","0","0","0","0","-664000","5","-100.00","1197","8","1","0","0","","0","0","0","","",""
"080042","0001","0","680000","681000","682000","683000","684000","685000","686000","687000","688000","689000","678000","677000","676000","675000","674000","673000","672000","671000","670000","669000","166","141","103","69","189","119","2661","22","40","47","32","2","24","54","26","75","86","99","59","22","3557","479","0","0","0","0","0","-664000","5","-100.00","1197","0","7","0","0","","0","0","0","","",""
"080042","0002","0","680000","681000","682000","683000","684000","685000","686000","687000","688000","689000","678000","677000","676000","675000","674000","673000","672000","671000","670000","669000","181","141","103","69","174","119","2661","22","40","47","32","2","24","54","26","75","86","99","59","22","3557","479","0","0","0","0","0","-664000","5","-100.00","1197","0","0","0","0","","0","0","0","","",""
"080043","0000","0","680000","681000","682000","683000","684000","685000","686000","687000","688000","689000","678000","677000","676000","675000","674000","673000","672000","671000","670000","669000","181","141","103","69","174","119","2661","22","40","47","29","2","24","54","26","75","86","99","59","22","3557","476","0","0","0","0","0","-664000","5","-100.00","1207","0","-3","0","0","","0","0","0","","",""
"080043","0001","0","680000","681000","682000","683000","684000","685000","686000","687000","688000","689000","678000","677000","676000","675000","674000","673000","672000","671000","670000","669000","181","141","103","69","174","119","2661","22","40","47","34","2","24","54","26","75","86","99","59","22","3557","481","0","0","0","0","0","-664000","5","-100.00","1207","0","5","0","0","","0","0","0","","",""
"080043","0002","0","680000","681000","682000","683000","684000","685000","686000","687000","688000","689000","678000","677000","676000","675000","674000","673000","672000","671000","670000","669000","207","141","95","69","174","119","2666","22","40","47","33","2","24","54","26","75","86","99","59","22","3580","480","0","0","0","0","0","-664000","5","-100.00","1214","18","-7","0","0","","0","0","0","","",""
"080043","0003","0","680000","681000","682000","683000","684000","685000","686000","687000","688000","689000","678000","677000","676000","675000","674000","673000","672000","671000","670000","669000","207","141","95","69","174","119","2666","22","40","47","68","2","24","54","26","75","86","99","59","22","3580","515","0","0","0","0","0","-664000","5","-100.00","1214","0","35","0","0","","0","0","0","","",""
"080043","0004","0","680000","681000","682000","683000","684000","685000","686000","687000","688000","689000","678000","677000","676000","675000","674000","673000","672000","671000","670000","669000","228","141","95","69","174","119","2666","22","40","47","68","2","24","54","26","75","86","99","59","23","3601","516","0","0","0","0","0","-664000","5","-100.00","1217","0","0","0","0","","0","0","0","","",""
"080044","0000","0","680000","681000","682000","683000","684000","685000","686000","687000","688000","689000","678000","677000","676000","675000","674000","673000","672000","671000","670000","669000","247","141","95","69","174","119","2666","22","40","47","69","2","24","54","26","75","86","99","59","23","3620","517","0","0","0","0","0","-664000","5","-100.00","1218","20","0","0","0","","0","0","0","","",""
"080044","0001","0","680000","681000","682000","683000","684000","685000","686000","687000","688000","689000","678000","677000","676000","675000","674000","673000","672000","671000","670000","669000","249","141","95","69","174","120","2666","22","40","47","69","2","24","54","26","75","86","99","59","23","3623","517","0","0","0","0","0","-664000","5","-100.00","1218","3","0","0","0","","0","0","0","","",""
"080044","0002","0","680000","681000","682000","683000","684000","685000","686000","687000","688000","689000","678000","677000","676000","675000","674000","673000","672000","671000","670000","669000","247","141","96","69","174","120","2666","22","40","47","69","2","24","54","26","75","86","99","59","23","3622","517","0","0","0","0","0","-664000","5","-100.00","1220","-1","0","0","0","","0","0","0","","",""
"080044","0003","0","680000","681000","682000","683000","684000","685000","686000","687000","688000","689000","678000","677000","676000","675000","674000","673000","672000","671000","670000","669000","261","141","96","69","174","120","2666","22","40","47","69","2","24","54","26","75","86","99","59","23","3636","517","0","0","0","0","0","-664000","5","-100.00","1221","15","0","0","0","","0","0","0","","",""
"080044","0004","0","679000","680000","681000","682000","683000","684000","685000","686000","687000","688000","678000","677000","676000","675000","674000","673000","672000","671000","670000","669000","20","261","141","96","49","174","120","2666","22","40","69","24","24","54","26","75","86","99","59","23","3589","539","0","0","0","0","0","-664000","5","-100.00","1221","0","22","0","0","","0","0","0","","",""
"080045","0000","0","679000","680000","681000","682000","683000","684000","685000","686000","687000","688000","678000","677000","676000","675000","674000","673000","672000","671000","670000","669000","20","306","141","96","49","174","120","2666","22","40","69","29","24","54","46","75","86","99","59","23","3634","564","0","0","0","0","0","-664000","5","-100.00","1221","0","20","0","0","","0","0","0","","",""
"080045","0001","0","679000","680000","681000","682000","683000","684000","685000","686000","687000","688000","678000","677000","676000","675000","674000","673000","672000","671000","670000","669000","20","307","141","96","49","174","120","2666","22","40","69","29","24","54","46","75","86","99","69","23","3635","574","0","0","0","0","0","-664000","5","-100.00","1221","1","10","0","0","","0","0","0","","",""
"080045","0002","0","679000","680000","681000","682000","683000","684000","685000","686000","687000","688000","678000","677000","676000","675000","674000","673000","672000","671000","670000","669000","19","307","141","104","49","174","120","2666","22","40","69","29","24","56","46","75","86","99","69","23","3642","576","0","0","0","0","0","-664000","5","-100.00","1222","7","2","0","0","","0","0","0","","",""
"080045","0003","0","679000","680000","681000","682000","683000","684000","685000","686000","687000","688000","678000","677000","676000","675000","674000","673000","672000","671000","670000","669000","19","312","141","104","49","174","110","2666","22","40","59","29","24","56","46","75","86","99","69","23","3637","566","0","0","0","0","0","-664000","5","-100.00","1232","-5","-10","0","0","","0","0","0","","",""
"080045","0004","0","679000","680000","681000","682000","683000","684000","685000","686000","687000","688000","678000","677000","676000","675000","674000","673000","672000","671000","670000","669000","19","312","141","104","49","175","110","2666","22","40","59","30","24","56","46","75","86","99","69","23","3638","567","0","0","0","0","0","-664000","5","-100.00","1232","0","1","0","0","","0","0","0","","",""
"080046","0000","0","679000","680000","681000","682000","683000","684000","685000","686000","687000","688000","678000","677000","676000","675000","674000","673000","672000","671000","670000","669000","19","312","141","104","49","176","110","2666","22","40","59","30","24","56","46","75","86","99","69","23","3639","567","0","0","0","0","0","-664000","5","-100.00","1232","1","0","0","0","","0","0","0","","",""
"080046","0001","0","679000","680000","681000","682000","683000","684000","685000","686000","687000","688000","678000","677000","676000","675000","674000","673000","672000","671000","670000","669000","19","312","141","104","50","205","110","2666","22","40","54","30","24","57","46","75","86","99","69","23","3669","563","0","0","0","0","0","-664000","5","-100.00","1237","1","0","0","0","","0","0","0","","",""
"080046","0002","0","679000","680000","681000","682000","683000","684000","685000","686000","687000","688000","678000","677000","676000","675000","674000","673000","672000","671000","670000","669000","19","321","141","104","50","205","110","2666","22","40","54","30","24","57","46","75","86","99","69","23","3678","563","0","0","0","0","0","-664000","5","-100.00","1237","9","0","0","0","","0","0","0","","",""
"080046","0003","0","679000","680000","681000","682000","683000","684000","685000","686000","687000","688000","678000","677000","676000","675000","674000","673000","672000","671000","670000","669000","19","321","141","104","50","205","110","2666","22","40","54","30","24","72","46","75","86","99","69","23","3678","578","0","0","0","0","0","-664000","5","-100.00","1237","0","15","0","0","","0","0","0","","",""
"080047","0000","0","679000","680000","681000","682000","683000","684000","685000","686000","687000","688000","678000","677000","676000","675000","674000","673000","672000","671000","670000","669000","19","321","141","104","50","205","96","2666","22","40","40","30","24","72","21","75","86","99","69","23","3664","539","0","0","0","0","0","-664000","5","-100.00","1251","-14","-39","0","0","","0","0","0","","",""
"080047","0001","0","679000","680000","681000","682000","683000","684000","685000","686000","687000","688000","678000","677000","676000","675000","674000","673000","672000","671000","670000","669000","14","321","141","104","50","205","96","2664","22","40","40","30","24","72","21","75","86","99","69","23","3657","539","0","0","0","0","0","-664000","5","-100.00","1258","-2","0","0","0","","0","0","0","","",""
"080047","0002","0","679000","680000","681000","682000","683000","684000","685000","686000","687000","688000","678000","677000","676000","675000","674000","673000","672000","671000","670000","669000","13","321","141","104","50","205","96","2664","22","40","44","30","24","72","21","75","86","99","69","23","3656","543","0","0","0","0","0","-664000","5","-100.00","1259","-1","4","0","0","","0","0","0","","",""
"080047","0003","0","679000","680000","681000","682000","683000","684000","685000","686000","687000","688000","678000","677000","676000","675000","674000","673000","672000","671000","670000","669000","13","321","141","104","50","205","96","2664","22","40","36","30","24","72","21","75","86","99","69","23","3656","535","0","0","0","0","0","-664000","5","-100.00","1267","0","-8","0","0","","0","0","0","","",""
"080048","0000","0","679000","680000","681000","682000","683000","684000","685000","686000","687000","688000","678000","677000","676000","675000","674000","673000","672000","671000","670000","669000","14","321","141","104","50","205","96","2664","22","40","36","30","24","72","21","75","86","99","69","23","3657","535","0","0","0","0","0","-664000","5","-100.00","1268","1","-1","0","0","","0","0","0","","",""
"080048","0001","0","677000","679000","680000","681000","682000","683000","684000","685000","686000","687000","676000","675000","674000","673000","672000","671000","670000","669000","668000","667000","3","14","321","141","104","50","205","96","2665","22","24","72","21","75","86","99","69","23","31","14","3621","514","0","0","0","0","0","-664000","5","-100.00","1339","-37","-22","0","0","","0","0","0","","",""
"080048","0002","0","677000","679000","680000","681000","682000","683000","684000","685000","686000","687000","676000","675000","674000","673000","672000","671000","670000","669000","668000","667000","3","14","324","151","104","50","205","158","2665","22","24","72","21","75","86","99","69","23","31","14","3696","514","0","0","0","0","0","-664000","5","-100.00","1339","72","0","0","0","","0","0","0","","",""
"080048","0003","0","677000","679000","680000","681000","682000","683000","684000","685000","686000","687000","676000","675000","674000","673000","672000","671000","670000","669000","668000","667000","6","14","321","150","104","50","205","158","2665","22","24","72","21","75","86","99","69","23","31","14","3695","514","0","0","0","0","0","-664000","5","-100.00","1340","-1","0","0","0","","0","0","0","","",""
"080048","0004","0","680000","681000","682000","683000","684000","685000","686000","687000","688000","689000","676000","675000","674000","673000","672000","671000","670000","669000","668000","667000","250","145","104","50","205","158","2665","22","41","47","24","72","21","75","86","99","69","23","31","14","3687","514","0","0","0","0","0","-664000","5","-100.00","1440","-8","0","0","0","","0","0","0","","",""
"080049","0000","0","678000","680000","681000","682000","683000","684000","685000","686000","687000","688000","676000","675000","674000","673000","672000","671000","670000","669000","668000","667000","4","252","145","103","50","205","158","2665","22","41","24","72","21","75","86","99","69","23","31","14","3645","514","0","0","0","0","0","-664000","5","-100.00","1441","0","0","0","0","","0","0","0","","",""
"080049","0001","0","678000","680000","681000","682000","683000","684000","685000","686000","687000","688000","676000","675000","674000","673000","672000","671000","670000","669000","668000","667000","1","252","145","103","50","205","158","2665","22","41","18","72","21","75","86","99","69","23","31","14","3642","508","0","0","0","0","0","-664000","5","-100.00","1450","-3","-6","0","0","","0","0","0","","",""
"080049","0002","0","680000","681000","682000","683000","684000","685000","686000","687000","688000","689000","678000","676000","675000","674000","673000","672000","671000","670000","669000","668000","252","145","103","50","205","158","2665","22","41","47","1","18","72","21","75","86","99","89","23","31","3688","515","0","0","0","0","0","-664000","5","-100.00","1451","46","-13","0","0","","0","0","0","","",""
"080049","0003","0","680000","681000","682000","683000","684000","685000","686000","687000","688000","689000","676000","675000","674000","673000","672000","671000","670000","669000","668000","667000","252","145","103","50","205","158","2665","22","41","47","16","72","21","75","86","99","89","23","31","14","3688","526","0","0","0","0","0","-664000","5","-100.00","1454","0","-2","0","0","","0","0","0","","",""
"080050","0000","0","680000","681000","682000","683000","684000","685000","686000","687000","688000","689000","676000","675000","674000","673000","672000","671000","670000","669000","668000","667000","249","145","103","50","185","153","2665","22","41","47","16","72","21","75","86","99","89","23","31","14","3660","526","0","0","0","0","0","-664000","5","-100.00","1457","-5","0","0","0","","0","0","0","","",""
"080050","0001","0","680000","681000","682000","683000","684000","685000","686000","687000","688000","689000","676000","675000","674000","673000","672000","671000","670000","669000","668000","667000","239","145","103","50","185","153","2665","22","41","47","16","72","21","75","86","99","89","23","31","14","3650","526","0","0","0","0","0","-664000","5","-100.00","1467","-10","0","0","0","","0","0","0","","",""
"080050","0002","0","680000","681000","682000","683000","684000","685000","686000","687000","688000","689000","679000","677000","676000","675000","674000","673000","672000","671000","670000","669000","239","145","103","50","185","153","2665","22","41","47","10","5","16","72","21","75","86","99","89","23","3650","496","0","0","0","0","0","-664000","5","-100.00","1467","0","-26","0","0","","0","0","0","","",""
"080050","0003","0","680000","681000","682000","683000","684000","685000","686000","687000","688000","689000","679000","677000","676000","675000","674000","673000","672000","671000","670000","669000","266","145","103","50","185","153","2665","22","41","47","10","5","16","72","21","75","86","99","89","23","3677","496","0","0","0","0","0","-664000","5","-100.00","1467","27","0","0","0","","0","0","0","","",""
"080051","0000","0","680000","681000","682000","683000","684000","685000","686000","687000","688000","689000","679000","678000","677000","676000","675000","674000","673000","672000","671000","670000","267","145","103","58","185","153","2665","22","41","47","9","11","6","23","72","21","75","86","99","89","3686","491","0","0","0","0","0","-664000","5","-100.00","1468","9","7","0","0","","0","0","0","","",""
"080051","0001","0","680000","681000","682000","683000","684000","685000","686000","687000","688000","689000","679000","678000","677000","676000","675000","674000","673000","672000","671000","670000","267","145","103","58","185","153","2665","22","41","47","9","16","6","23","72","21","75","86","99","89","3686","496","0","0","0","0","0","-664000","5","-100.00","1468","0","5","0","0","","0","0","0","","",""
"080051","0002","0","679000","680000","681000","682000","683000","684000","685000","686000","687000","688000","678000","677000","676000","675000","674000","673000","672000","671000","670000","669000","43","267","144","119","58","185","153","2665","22","41","14","6","23","72","21","75","86","99","89","23","3697","508","0","0","0","0","0","-664000","5","-100.00","1488","0","-2","0","0","","0","0","0","","",""
"080051","0003","0","679000","680000","681000","682000","683000","684000","685000","686000","687000","688000","678000","677000","676000","675000","674000","673000","672000","671000","670000","669000","43","267","144","119","58","185","153","2665","22","41","14","6","23","72","21","80","86","99","89","23","3697","513","0","0","0","0","0","-664000","5","-100.00","1488","0","5","0","0","","0","0","0","","",""
"080052","0000","0","679000","680000","681000","682000","683000","684000","685000","686000","687000","688000","678000","677000","676000","675000","674000","673000","672000","671000","670000","669000","42","268","144","119","58","184","153","2665","22","41","14","6","23","72","21","80","86","99","89","23","3696","513","0","0","0","0","0","-664000","5","-100.00","1489","-1","0","0","0","","0","0","0","","",""
"080052","0001","0","679000","680000","681000","682000","683000","684000","685000","686000","687000","688000","678000","677000","676000","675000","674000","673000","672000","671000","670000","669000","42","268","144","119","58","184","153","2693","22","41","14","6","23","72","21","80","86","99","89","23","3724","513","0","0","0","0","0","-664000","5","-100.00","1489","28","0","0","0","","0","0","0","","",""
"080052","0002","0","679000","680000","681000","682000","683000","684000","685000","686000","687000","688000","678000","677000","676000","675000","674000","673000","672000","671000","670000","669000","6","268","144","119","58","184","153","2693","22","41","15","6","23","72","21","80","86","99","89","23","3688","514","0","0","0","0","0","-664000","5","-100.00","1525","0","1","0","0","","0","0","0","","",""
"080052","0003","0","679000","680000","681000","682000","683000","684000","685000","686000","687000","688000","678000","677000","676000","675000","674000","673000","672000","671000","670000","669000","6","268","144","119","58","184","153","2693","22","41","5","6","23","72","21","80","86","99","89","23","3688","504","0","0","0","0","0","-664000","5","-100.00","1535","0","-10","0","0","","0","0","0","","",""
"080052","0004","0","679000","680000","681000","682000","683000","684000","685000","686000","687000","688000","678000","677000","676000","675000","674000","673000","672000","671000","670000","669000","6","268","144","119","58","184","153","2693","22","46","5","16","23","72","21","80","86","99","89","23","3693","514","0","0","0","0","0","-664000","5","-100.00","1535","5","10","0","0","","0","0","0","","",""
"080053","0000","0","679000","680000","681000","682000","683000","684000","685000","686000","687000","688000","678000","677000","676000","675000","674000","673000","672000","671000","670000","669000","7","268","144","119","58","184","153","2693","22","46","5","16","23","72","21","80","86","99","89","23","3694","514","0","0","0","0","0","-664000","5","-100.00","1535","1","0","0","0","","0","0","0","","",""
"080053","0001","0","679000","680000","681000","682000","683000","684000","685000","686000","687000","688000","678000","677000","676000","675000","674000","673000","672000","671000","670000","669000","7","270","144","119","58","184","153","2693","22","46","5","16","23","72","21","80","86","99","89","23","3696","514","0","0","0","0","0","-664000","5","-100.00","1535","2","0","0","0","","0","0","0","","",""
"080053","0002","0","679000","680000","681000","682000","683000","684000","685000","686000","687000","688000","678000","677000","676000","675000","674000","673000","672000","671000","670000","669000","7","270","144","119","58","184","153","2693","22","46","5","22","23","72","21","80","86","99","89","23","3696","520","0","0","0","0","0","-664000","5","-100.00","1535","0","6","0","0","","0","0","0","","",""
"080053","0003","0","679000","680000","681000","682000","683000","684000","685000","686000","687000","688000","678000","677000","676000","675000","674000","673000","672000","671000","670000","669000","17","270","144","109","58","184","153","2693","22","46","4","22","23","272","21","80","86","99","89","23","3696","719","0","0","0","0","0","-664000","5","-100.00","1536","0","-1","0","0","","0","0","0","","",""
"080054","0000","0","679000","680000","681000","682000","683000","684000","685000","686000","687000","688000","678000","677000","676000","675000","674000","673000","672000","671000","670000","669000","17","267","147","109","58","184","153","2693","22","46","4","22","23","272","21","80","86","99","89","29","3696","725","0","0","0","0","0","-664000","5","-100.00","1536","0","0","0","0","","0","0","0","","",""
"080054","0001","0","679000","680000","681000","682000","683000","684000","685000","686000","687000","688000","678000","677000","676000","675000","674000","673000","672000","671000","670000","669000","38","267","147","109","58","184","153","2693","22","46","4","23","23","272","21","80","86","99","89","29","3717","726","0","0","0","0","0","-664000","5","-100.00","1536","20","0","0","0","","0","0","0","","",""
"080054","0002","0","679000","680000","681000","682000","683000","684000","685000","686000","687000","688000","678000","677000","676000","675000","674000","673000","672000","671000","670000","669000","38","267","147","109","58","184","153","2693","22","46","8","23","23","272","21","80","86","99","89","34","3717","735","0","0","0","0","0","-664000","5","-100.00","1536","0","9","0","0","","0","0","0","","",""
"080054","0003","0","678000","679000","680000","681000","682000","683000","684000","685000","686000","687000","677000","676000","675000","674000","673000","672000","671000","670000","669000","668000","12","38","267","147","109","58","184","153","2693","22","23","23","272","21","80","86","99","89","34","31","3683","758","0","0","0","0","0","-664000","5","-100.00","1554","-34","23","0","0","","0","0","0","","",""
"080055","0000","0","679000","680000","681000","682000","683000","684000","685000","686000","687000","688000","678000","677000","676000","675000","674000","673000","672000","671000","670000","669000","38","277","147","109","58","184","153","2693","22","46","13","24","23","272","21","80","86","99","89","34","3727","741","0","0","0","0","0","-664000","5","-100.00","1566","10","11","0","0","","0","0","0","","",""
"080055","0001","0","681000","682000","683000","684000","685000","686000","687000","688000","689000","690000","680000","679000","678000","677000","676000","675000","674000","673000","672000","671000","147","109","58","184","153","2693","22","46","47","81","19","462","18","24","23","272","21","80","86","99","3540","1104","0","0","0","0","0","-664000","5","-100.00","1881","-187","363","0","0","","0","0","0","","",""
"080055","0002","0","682000","683000","684000","685000","686000","687000","688000","689000","690000","691000","680000","679000","678000","677000","676000","675000","674000","673000","672000","671000","109","58","184","153","2693","22","46","47","81","5","18","462","23","24","23","272","21","80","86","99","3398","1108","0","0","0","0","0","-664000","5","-100.00","2029","-142","4","0","0","","0","0","0","","",""
"080056","0000","0","682000","683000","684000","685000","686000","687000","688000","689000","690000","691000","680000","679000","678000","677000","676000","675000","674000","673000","672000","671000","109","58","184","153","2693","22","46","47","81","5","17","462","23","24","23","272","21","80","86","99","3398","1107","0","0","0","0","0","-664000","5","-100.00","2030","0","-1","0","0","","0","0","0","","",""
"080056","0001","0","682000","683000","684000","685000","686000","687000","688000","689000","690000","691000","680000","679000","678000","677000","676000","675000","674000","673000","672000","671000","109","58","184","153","2693","22","46","47","81","5","12","462","23","24","23","272","21","80","86","99","3398","1102","0","0","0","0","0","-664000","5","-100.00","2035","0","-5","0","0","","0","0","0","","",""
"080056","0002","0","682000","683000","684000","685000","686000","687000","688000","689000","690000","691000","680000","679000","678000","677000","676000","675000","674000","673000","672000","671000","109","58","184","153","2693","22","64","47","81","5","20","462","23","24","24","272","21","80","86","99","3416","1111","0","0","0","0","0","-664000","5","-100.00","2037","18","9","0","0","","0","0","0","","",""
"080056","0003","0","682000","683000","684000","685000","686000","687000","688000","689000","690000","691000","680000","679000","678000","677000","676000","675000","674000","673000","672000","671000","109","58","184","153","2693","22","64","47","81","5","20","462","24","24","24","272","21","80","86","99","3416","1112","0","0","0","0","0","-664000","5","-100.00","2037","0","1","0","0","","0","0","0","","",""
"080056","0004","0","682000","683000","684000","685000","686000","687000","688000","689000","690000","691000","680000","679000","678000","677000","676000","675000","674000","673000","672000","671000","109","58","184","173","2693","22","64","47","81","5","17","462","24","24","25","272","21","80","86","99","3436","1110","0","0","0","0","0","-664000","5","-100.00","2040","20","0","0","0","","0","0","0","","",""
"080057","0000","0","682000","683000","684000","685000","686000","687000","688000","689000","690000","691000","680000","679000","678000","677000","676000","675000","674000","673000","672000","671000","109","58","184","173","2693","22","64","47","81","5","17","462","24","24","25","274","21","100","86","99","3436","1132","0","0","0","0","0","-664000","5","-100.00","2040","0","20","0","0","","0","0","0","","",""
"080057","0001","0","682000","683000","684000","685000","686000","687000","688000","689000","690000","691000","680000","679000","678000","677000","676000","675000","674000","673000","672000","671000","109","58","184","173","2693","22","64","47","81","5","27","482","34","24","25","274","21","100","86","99","3436","1172","0","0","0","0","0","-664000","5","-100.00","2040","0","40","0","0","","0","0","0","","",""
"080057","0002","0","682000","683000","684000","685000","686000","687000","688000","689000","690000","691000","680000","679000","678000","677000","676000","675000","674000","673000","672000","671000","109","58","184","173","2693","22","64","47","81","5","270","482","34","24","25","274","21","100","86","99","3436","1415","0","0","0","0","0","-664000","5","-100.00","2040","0","243","0","0","","0","0","0","","",""
"080057","0003","0","682000","683000","684000","685000","686000","687000","688000","689000","690000","691000","680000","679000","678000","677000","676000","675000","674000","673000","672000","671000","109","58","183","173","2693","22","64","47","81","5","269","483","34","24","25","274","21","100","86","99","3435","1415","0","0","0","0","0","-664000","5","-100.00","2041","-1","-1","0","0","","0","0","0","","",""
"080058","0000","0","682000","683000","684000","685000","686000","687000","688000","689000","690000","691000","680000","679000","678000","677000","676000","675000","674000","673000","672000","671000","109","61","183","173","2693","22","64","47","81","5","250","483","34","24","25","274","21","100","86","99","3438","1396","0","0","0","0","0","-664000","5","-100.00","2060","3","-19","0","0","","0","0","0","","",""
"080058","0001","0","682000","683000","684000","685000","686000","687000","688000","689000","690000","691000","680000","679000","678000","677000","676000","675000","674000","673000","672000","671000","109","61","183","173","2693","22","64","47","81","5","240","483","34","24","29","274","21","100","86","99","3438","1390","0","0","0","0","0","-664000","5","-100.00","2070","0","-10","0","0","","0","0","0","","",""
"080058","0002","0","682000","683000","684000","685000","686000","687000","688000","689000","690000","691000","680000","679000","678000","677000","676000","675000","674000","673000","672000","671000","109","61","183","173","2693","22","64","47","81","5","240","483","44","24","29","274","21","100","86","99","3438","1400","0","0","0","0","0","-664000","5","-100.00","2070","0","10","0","0","","0","0","0","","",""
"080058","0003","0","682000","683000","684000","685000","686000","687000","688000","689000","690000","691000","680000","679000","678000","677000","676000","675000","674000","673000","672000","671000","109","61","183","173","2693","39","64","47","81","5","245","483","185","24","29","274","21","100","86","99","3455","1546","0","0","0","0","0","-664000","5","-100.00","2070","0","5","0","0","","0","0","0","","",""
"080058","0004","0","682000","683000","684000","685000","686000","687000","688000","689000","690000","691000","680000","679000","678000","677000","676000","675000","674000","673000","672000","671000","111","61","183","173","2693","39","64","47","81","5","242","483","185","24","29","274","21","100","86","99","3457","1543","0","0","0","0","0","-664000","5","-100.00","2073","2","-3","0","0","","0","0","0","","",""
