"time","millisec","HOUR_CLS_CODE","ASKP1","ASKP2","ASKP3","ASKP4","ASKP5","ASKP6","ASKP7","ASKP8","ASKP9","ASKP10","BIDP1","BIDP2","BIDP3","BIDP4","BIDP5","BIDP6","BIDP7","BIDP8","BIDP9","BIDP10","ASKP_RSQN1","ASKP_RSQN2","ASKP_RSQN3","ASKP_RSQN4","ASKP_RSQN5","ASKP_RSQN6","ASKP_RSQN7","ASKP_RSQN8","ASKP_RSQN9","ASKP_RSQN10","BIDP_RSQN1","BIDP_RSQN2","BIDP_RSQN3","BIDP_RSQN4","BIDP_RSQN5","BIDP_RSQN6","BIDP_RSQN7","BIDP_RSQN8","BIDP_RSQN9","BIDP_RSQN10","TOTAL_ASKP_RSQN","TOTAL_BIDP_RSQN","OVTM_TOTAL_ASKP_RSQN","OVTM_TOTAL_BIDP_RSQN","ANTC_CNPR","ANTC_CNQN","ANTC_VOL","ANTC_CNTG_VRSS","ANTC_CNTG_VRSS_SIGN","ANTC_CNTG_PRDY_CTRT","ACML_VOL","TOTAL_ASKP_RSQN_ICDC","TOTAL_BIDP_RSQN_ICDC","OVTM_TOTAL_ASKP_ICDC","OVTM_TOTAL_BIDP_ICDC","STCK_DEAL_CLS_CODE","KMID_PRC","KMID_TOTAL_RSQN","KMID_CLS_CODE","NMID_PRC","NMID_TOTAL_RSQN","NMID_CLS_CODE"
"080000","0000","0","136000","139700","140000","146400","150000","151900","170000","0","0","0","134300","134100","131200","125000","120000","110000","94700","0","0","0","1","50","5","854","1","2","1","0","0","0","26","17","10","1","1","1","4000","0","0","0","914","4056","0","0","0","0","0","-134800","5","-100.00","0","0","0","0","0","","0","0","0","","",""
"080000","0001","0","136000","137500","139700","140000","142000","144700","144800","145000","146400","147700","135000","134500","134300","134100","131600","131200","130100","125000","124300","120000","1","275","50","5","15","35","35","10","2160","44","200","2","26","17","5","20","10","1","30","6","2630","317","0","0","0","0","0","-134800","5","-100.00","0","1716","-3739","0","0","","0","0","0","","",""
"080001","0000","0","136000","137500","138600","139500","139700","139900","140000","140300","140500","141100","135600","135000","134800","134700","134500","134300","134100","131600","131300","131200","1","275","40","20","50","30","5","50","80","50","1","200","3","20","2","26","1017","5","122","20","601","1416","0","0","0","0","0","-134800","5","-100.00","0","-2029","1099","0","0","","0","0","0","","",""
"080001","0001","0","137500","138600","139500","139700","139900","140000","140200","140300","140500","141100","136100","135600","135000","134800","134700","134500","134300","134200","134100","131600","275","40","20","50","30","6","500","50","80","50","36","1","200","3","20","2","26","1","1017","5","1101","1311","0","0","0","0","0","-134800","5","-100.00","1","500","-105","0","0","","0","0","0","","",""
"080001","0002","0","135900","137300","137500","138600","139500","139700","139800","139900","140000","140200","135700","133600","131600","131300","131200","131000","130900","130100","127100","125000","3","22","275","40","20","50","1","30","6","500","27","10","5","122","30","3","1","10","22","1","947","231","0","0","0","0","0","-134800","5","-100.00","1545","-154","-1080","0","0","","0","0","0","","",""
"080002","0000","0","136000","136700","137300","137500","138600","139500","139700","139800","139900","140000","135700","135300","135200","134900","134800","133600","133100","133000","131600","131300","923","120","22","275","40","20","50","1","30","6","11","3","20","74","1","10","1","8","5","122","1487","255","0","0","0","0","0","-134800","5","-100.00","1641","540","24","0","0","","0","0","0","","",""
"080002","0001","0","136000","136700","137300","137500","138600","138900","139500","139700","139800","139900","135700","135300","135200","135000","134900","134800","133600","133100","133000","132800","813","120","22","275","40","100","20","50","1","30","11","3","20","2","74","41","10","1","8","2","1471","172","0","0","0","0","0","-134800","5","-100.00","1751","-16","-83","0","0","","0","0","0","","",""
"080003","0000","0","136000","136700","137300","137500","138600","138900","139500","139700","139800","139900","135700","135300","135200","135000","134900","134800","133600","133100","133000","132800","808","120","22","275","40","100","20","50","1","30","7","3","20","2","74","41","10","1","8","2","1466","168","0","0","0","0","0","-134800","5","-100.00","1760","-5","-4","0","0","","0","0","0","","",""
"080003","0001","0","136000","136200","136700","137300","137500","138600","138900","139500","139700","139800","135700","135300","135200","135000","134900","134800","133600","133100","133000","132800","808","5","120","22","275","40","100","20","50","1","80","3","20","2","74","41","10","1","8","2","1441","241","0","0","0","0","0","-134800","5","-100.00","1760","-25","73","0","0","","0","0","0","","",""
"080003","0002","0","136000","136200","136700","137300","137500","138600","138900","139500","139700","139800","135700","135300","135200","135000","134900","134800","133600","133100","133000","132800","808","5","120","22","275","40","100","20","50","1","80","3","42","2","74","41","10","1","8","2","1441","263","0","0","0","0","0","-134800","5","-100.00","1760","0","22","0","0","","0","0","0","","",""
"080003","0003","0","136000","136200","136700","137300","137500","138600","138900","139500","139700","139800","135900","135700","135300","135200","135000","134900","134800","133600","133100","133000","808","5","120","22","275","40","100","20","50","1","200","80","3","42","2","74","41","10","1","8","1441","461","0","0","0","0","0","-134800","5","-100.00","1760","0","198","0","0","","0","0","0","","",""
"080003","0004","0","136000","136200","136700","137300","137500","138600","138900","139500","139700","139800","135900","135700","135300","135200","135000","134900","134800","133600","133100","133000","1115","5","120","22","275","40","100","20","50","1","200","80","3","42","2","74","41","10","1","8","1748","461","0","0","0","0","0","-134800","5","-100.00","1760","307","0","0","0","","0","0","0","","",""
"080004","0000","0","136000","136200","136700","137300","137500","138600","138900","139500","139700","139800","135900","135700","135300","135200","135000","134900","134800","134200","133600","133100","1122","5","120","22","275","40","100","20","50","1","200","88","3","42","2","74","41","51","10","1","1755","512","0","0","0","0","0","-134800","5","-100.00","1760","7","51","0","0","","0","0","0","","",""
"080004","0001","0","136000","136200","136700","137300","137500","138500","138600","138900","139500","139700","135900","135700","135300","135200","135000","134900","134800","134200","133600","133100","1122","5","120","22","275","9","40","100","20","50","200","88","3","42","2","74","141","51","10","1","1763","612","0","0","0","0","0","-134800","5","-100.00","1760","8","0","0","0","","0","0","0","","",""
"080004","0002","0","136000","136200","136700","137300","137500","138500","138600","138900","139500","139700","135900","135700","135300","135200","135000","134900","134800","134200","133600","133100","1242","5","120","22","275","9","40","100","20","50","190","88","3","42","2","74","141","51","10","1","1883","602","0","0","0","0","0","-134800","5","-100.00","1770","120","-10","0","0","","0","0","0","","",""
"080005","0000","0","136000","136200","136700","137300","137500","138500","138600","138900","139500","139700","135900","135700","135300","135200","135000","134900","134800","134200","133600","133100","1242","5","120","22","275","9","40","100","20","50","190","88","3","42","2","74","166","51","10","1","1883","627","0","0","0","0","0","-134800","5","-100.00","1770","0","25","0","0","","0","0","0","","",""
"080005","0001","0","136000","136200","136700","137300","137500","138500","138600","138900","139500","139700","135900","135700","135300","135200","135000","134900","134800","134200","133600","133100","1242","5","120","22","275","9","40","100","20","50","190","88","3","42","2","74","186","51","10","1","1883","647","0","0","0","0","0","-134800","5","-100.00","1770","0","20","0","0","","0","0","0","","",""
"080006","0000","0","136000","136200","136700","137300","137500","138500","138600","138900","139500","139700","135900","135700","135300","135200","135000","134900","134800","134200","134000","133600","1242","5","120","22","275","9","40","100","20","50","190","88","3","42","2","74","186","51","10","10","1883","656","0","0","0","0","0","-134800","5","-100.00","1770","0","9","0","0","","0","0","0","","",""
"080006","0001","0","136000","136200","136700","137300","137500","138500","138600","138900","139500","139700","135900","135700","135300","135200","135000","134900","134800","134200","134000","133600","1242","5","120","22","275","9","40","100","20","50","190","88","3","42","2","74","266","51","10","10","1883","736","0","0","0","0","0","-134800","5","-100.00","1770","0","80","0","0","","0","0","0","","",""
"080007","0000","0","136000","136200","136700","137300","137500","138500","138600","138900","139500","139700","135900","135700","135300","135200","135000","134900","134800","134200","134000","133600","1242","5","120","22","275","9","40","100","20","50","178","88","3","42","2","74","266","51","10","10","1883","724","0","0","0","0","0","-134800","5","-100.00","1782","0","-12","0","0","","0","0","0","","",""
"080008","0000","0","136000","136200","136700","137300","137500","138500","138600","138900","139500","139700","135900","135700","135300","135200","135000","134900","134800","134200","134000","133600","1242","5","120","22","275","9","40","100","20","50","128","88","3","42","2","74","266","51","10","10","1883","674","0","0","0","0","0","-134800","5","-100.00","1832","0","-50","0","0","","0","0","0","","",""
"080008","0001","0","136000","136200","136700","137300","137500","138500","138600","138900","139500","139700","135900","135700","135300","135200","135000","134900","134800","134200","134000","133600","1232","5","120","22","275","9","40","100","20","50","180","88","3","42","2","74","366","51","10","10","1873","826","0","0","0","0","0","-134800","5","-100.00","1842","0","52","0","0","","0","0","0","","",""
"080008","0002","0","136000","136200","136700","137300","137500","138500","138600","138900","139500","139700","135900","135700","135300","135200","135000","134900","134800","134600","134200","134000","1232","5","120","22","275","9","40","100","20","50","180","88","3","42","2","74","366","1","51","10","1873","817","0","0","0","0","0","-134800","5","-100.00","1842","0","-9","0","0","","0","0","0","","",""
"080009","0000","0","136000","136200","136700","137300","137500","138500","138600","138900","139500","139700","135900","135700","135300","135200","135000","134900","134800","134600","134200","134000","1232","5","120","22","275","22","40","100","20","50","175","88","3","42","2","74","366","1","51","12","1886","814","0","0","0","0","0","-134800","5","-100.00","1847","13","-3","0","0","","0","0","0","","",""
"080009","0001","0","136000","136200","136700","137300","137500","138500","138600","138900","139500","139700","135900","135700","135300","135200","135000","134900","134800","134600","134200","134000","1232","5","120","22","275","22","40","100","20","50","177","80","3","42","2","74","366","101","51","12","1886","908","0","0","0","0","0","-134800","5","-100.00","1853","0","94","0","0","","0","0","0","","",""
"080009","0002","0","136000","136200","136700","137300","137500","138500","138600","138900","139500","139700","135900","135700","135300","135200","135000","134900","134800","134600","134200","134000","1232","5","120","22","275","22","40","100","20","50","180","80","3","42","2","74","376","101","51","12","1886","921","0","0","0","0","0","-134800","5","-100.00","1853","0","13","0","0","","0","0","0","","",""
"080009","0003","0","136000","136200","136700","137300","137500","138500","138600","138900","139500","139700","135900","135700","135300","135200","135000","134900","134800","134600","134200","134000","1232","5","120","22","275","22","40","100","20","50","441","80","3","42","2","74","376","101","51","12","1886","1182","0","0","0","0","0","-134800","5","-100.00","1853","0","261","0","0","","0","0","0","","",""
"080009","0004","0","136000","136200","136700","137300","137500","138500","138600","138900","139500","139700","135900","135700","135300","135200","135000","134900","134800","134600","134200","134000","1232","5","120","22","275","22","40","100","21","50","446","80","3","42","2","74","376","101","51","12","1887","1187","0","0","0","0","0","-134800","5","-100.00","1853","1","5","0","0","","0","0","0","","",""
"080010","0000","0","136000","136200","136700","136800","137300","137500","138500","138600","138700","138900","135900","135700","135300","135200","135000","134900","134800","134600","134200","134000","1232","5","120","34","22","275","22","40","36","100","456","80","3","42","2","74","383","101","51","12","1886","1204","0","0","0","0","0","-134800","5","-100.00","1853","15","10","0","0","","0","0","0","","",""
"080010","0001","0","136000","136200","136700","136800","137300","137500","138500","138600","138700","138900","135900","135700","135300","135200","135000","134900","134800","134700","134600","134200","1185","5","120","34","22","275","22","40","36","100","457","80","3","42","2","74","383","5","101","51","1839","1198","0","0","0","0","0","-134800","5","-100.00","1900","0","-6","0","0","","0","0","0","","",""
"080010","0002","0","136000","136200","136700","136800","137300","137500","138500","138600","138700","138900","135900","135700","135300","135200","135000","134900","134800","134700","134600","134200","1178","5","120","34","22","275","22","40","74","100","450","80","3","42","20","74","383","5","101","51","1870","1209","0","0","0","0","0","-134800","5","-100.00","1907","31","11","0","0","","0","0","0","","",""
"080011","0000","0","136000","136200","136700","136800","137300","137500","138500","138600","138700","138900","135900","135700","135300","135200","135000","134900","134800","134700","134600","134200","1198","5","120","34","22","275","22","40","74","100","450","80","3","42","20","74","383","5","101","51","1890","1209","0","0","0","0","0","-134800","5","-100.00","1907","20","0","0","0","","0","0","0","","",""
"080011","0001","0","136000","136200","136700","136800","137300","137500","138500","138600","138700","138900","135900","135700","135300","135200","135000","134900","134800","134700","134600","134200","1198","5","120","34","22","275","22","40","74","100","450","80","3","42","20","74","385","5","101","51","1890","1211","0","0","0","0","0","-134800","5","-100.00","1907","0","2","0","0","","0","0","0","","",""
"080011","0002","0","136000","136200","136700","136800","137300","137500","138500","138600","138700","138900","135900","135700","135200","135000","134900","134800","134700","134600","134200","134000","1195","5","120","34","22","275","22","40","74","100","450","80","42","20","74","385","5","101","51","12","1887","1220","0","0","0","0","0","-134800","5","-100.00","1910","-3","9","0","0","","0","0","0","","",""
"080011","0003","0","136000","136200","136700","136800","137300","137500","138500","138600","138700","138900","135900","135700","135200","135000","134900","134800","134700","134600","134200","134000","1192","5","120","34","22","275","22","40","74","100","450","80","42","20","74","385","5","101","51","12","1884","1220","0","0","0","0","0","-134800","5","-100.00","1913","-3","0","0","0","","0","0","0","","",""
"080012","0000","0","136000","136200","136700","136800","137300","137500","138500","138600","138700","138900","135900","135700","135200","135000","134900","134800","134700","134600","134200","134000","1192","5","120","34","22","276","22","40","74","100","404","80","42","20","74","385","5","101","51","12","1885","1174","0","0","0","0","0","-134800","5","-100.00","1959","1","-46","0","0","","0","0","0","","",""
"080012","0001","0","136000","136200","136700","136800","137300","137500","138500","138600","138700","138900","135900","135700","135200","135000","134900","134800","134700","134600","134200","134000","1229","5","120","34","22","276","22","40","74","100","408","80","42","20","74","385","5","101","51","12","1922","1178","0","0","0","0","0","-134800","5","-100.00","1959","37","3","0","0","","0","0","0","","",""
"080012","0002","0","136000","136200","136700","136800","137300","137500","138500","138600","138700","138900","135900","135700","135200","135000","134900","134800","134700","134600","134200","134000","1226","5","120","34","22","276","22","40","74","100","408","80","42","20","74","385","5","101","51","12","1919","1178","0","0","0","0","0","-134800","5","-100.00","1962","-3","0","0","0","","0","0","0","","",""
"080012","0003","0","136000","136200","136700","136800","137300","137500","138500","138600","138700","138900","135900","135700","135200","135000","134900","134800","134700","134600","134200","134000","1226","5","120","35","22","276","22","40","74","100","407","80","42","20","74","385","5","101","51","12","1920","1177","0","0","0","0","0","-134800","5","-100.00","1963","1","-1","0","0","","0","0","0","","",""
"080013","0000","0","136000","136200","136700","136800","137300","137500","138500","138600","138700","138900","135900","135700","135200","135000","134900","134800","134700","134600","134200","134000","1226","5","120","35","22","276","22","40","74","100","457","80","42","20","74","385","5","101","51","12","1920","1227","0","0","0","0","0","-134800","5","-100.00","1963","0","50","0","0","","0","0","0","","",""
"080013","0001","0","136000","136200","136700","136800","137300","137500","138500","138600","138700","138900","135900","135700","135200","135000","134900","134800","134700","134600","134200","134000","1226","5","120","35","22","276","22","40","74","100","467","80","42","20","74","385","5","101","51","12","1920","1237","0","0","0","0","0","-134800","5","-100.00","1963","0","10","0","0","","0","0","0","","",""
"080013","0002","0","136200","136700","136800","137300","137500","138500","138600","138700","138900","139500","136000","135900","135700","135200","135000","134900","134800","134700","134600","134200","5","120","35","22","276","22","40","74","100","21","3","467","80","42","20","74","385","5","101","51","715","1228","0","0","0","0","0","-134800","5","-100.00","3189","-1205","-9","0","0","","0","0","0","","",""
"080013","0003","0","136200","136700","136800","137300","137500","138500","138600","138700","138900","139500","136000","135900","135700","135200","135000","134900","134800","134700","134600","134200","5","120","35","22","276","22","40","74","100","21","3","467","80","42","22","74","385","5","101","51","715","1230","0","0","0","0","0","-134800","5","-100.00","3189","0","2","0","0","","0","0","0","","",""
"080014","0000","0","136700","136800","137300","137500","138500","138600","138700","138900","139500","139700","136000","135900","135700","135200","135000","134900","134800","134700","134600","134200","120","35","22","276","22","40","74","100","21","55","4","467","80","42","22","74","385","5","101","51","765","1231","0","0","0","0","0","-134800","5","-100.00","3194","50","1","0","0","","0","0","0","","",""
"080014","0001","0","136700","136800","137300","137500","138500","138600","138700","138900","139500","139700","136200","135900","135700","135200","135000","134900","134800","134700","134600","134200","120","35","22","276","22","40","74","100","21","55","36","467","80","42","22","74","385","5","101","51","765","1263","0","0","0","0","0","-134800","5","-100.00","3198","0","32","0","0","","0","0","0","","",""
"080014","0002","0","136700","136800","137300","137500","138500","138600","138700","138900","139000","139500","136200","135900","135700","135200","135000","134900","134800","134700","134600","134200","120","35","22","276","22","40","74","100","10","21","36","467","80","42","22","74","385","5","101","51","720","1263","0","0","0","0","0","-134800","5","-100.00","3198","-45","0","0","0","","0","0","0","","",""
"080015","0000","0","136700","136800","137300","137500","138500","138600","138700","138900","139000","139100","136200","135900","135700","135200","135000","134900","134800","134700","134600","134200","120","34","23","276","22","41","74","100","10","1","117","470","80","42","22","74","385","5","701","51","701","1947","0","0","0","0","0","-134800","5","-100.00","3199","-19","82","0","0","","0","0","0","","",""
"080015","0001","0","136700","136800","137300","137500","138500","138600","138700","138900","139000","139100","136200","136000","135900","135700","135200","135000","134900","134800","134700","134600","120","34","23","276","22","41","74","100","10","1","117","8","462","80","42","22","74","385","5","701","701","1896","0","0","0","0","0","-134800","5","-100.00","3199","0","-51","0","0","","0","0","0","","",""
"080015","0002","0","137300","137500","138500","138600","138700","138900","139000","139100","139500","139600","136700","136200","136000","135900","135700","135200","135000","134900","134800","134700","23","276","22","41","74","100","10","1","21","1","58","117","347","462","80","42","27","74","385","5","569","1597","0","0","0","0","0","-134800","5","-100.00","3353","0","5","0","0","","0","0","0","","",""
"080015","0003","0","137300","137500","138500","138600","138700","138900","139000","139100","139500","139600","136700","136200","136000","135900","135700","135200","135000","134900","134800","134700","23","276","22","41","74","100","10","1","21","1","56","117","347","462","80","42","27","74","385","5","569","1595","0","0","0","0","0","-134800","5","-100.00","3355","0","-2","0","0","","0","0","0","","",""
"080015","0004","0","137300","137500","138500","138600","138700","138900","139000","139100","139500","139600","136700","136200","136000","135900","135700","135200","135000","134900","134800","134700","23","276","22","41","74","100","10","1","21","1","41","117","347","462","80","42","27","74","385","5","569","1580","0","0","0","0","0","-134800","5","-100.00","3370","0","-15","0","0","","0","0","0","","",""
"080016","0000","0","137300","137500","138500","138600","138700","138900","139000","139100","139500","139600","136700","136200","136000","135900","135700","135200","135000","134900","134800","134700","23","276","22","41","74","100","10","1","31","1","41","117","347","462","80","42","27","74","385","5","579","1580","0","0","0","0","0","-134800","5","-100.00","3370","10","0","0","0","","0","0","0","","",""
"080016","0001","0","137200","137300","137500","138500","138600","138700","138900","139000","139100","139500","136700","136200","136000","135900","135700","135200","135000","134900","134800","134700","1","23","276","22","41","74","100","10","1","31","40","117","347","462","80","42","27","74","385","5","579","1579","0","0","0","0","0","-134800","5","-100.00","3371","0","-1","0","0","","0","0","0","","",""
"080016","0002","0","137200","137300","137500","138500","138600","138700","138900","139000","139100","139500","136700","136200","136000","135900","135700","135200","135000","134900","134800","134700","1","23","276","22","41","74","100","10","1","31","40","117","347","482","80","42","27","74","385","5","579","1599","0","0","0","0","0","-134800","5","-100.00","3371","0","20","0","0","","0","0","0","","",""
"080017","0000","0","137200","137300","137500","138500","138600","138700","138900","139000","139100","139500","136700","136200","136000","135900","135700","135200","135000","134900","134800","134700","1","23","276","22","41","74","100","10","1","32","40","117","347","482","80","42","27","74","385","5","580","1599","0","0","0","0","0","-134800","5","-100.00","3371","1","0","0","0","","0","0","0","","",""
"080017","0001","0","137200","137300","137500","138500","138600","138700","138900","139000","139100","139500","136700","136200","136000","135900","135700","135200","135000","134900","134800","134700","1","23","276","22","41","74","100","10","1","32","42","117","347","482","80","42","27","74","385","5","580","1601","0","0","0","0","0","-134800","5","-100.00","3371","0","2","0","0","","0","0","0","","",""
"080018","0000","0","137200","137300","137500","138500","138600","138700","138900","139000","139100","139500","136700","136200","136000","135900","135700","135200","135000","134900","134800","134700","1","23","276","22","41","74","100","10","1","32","36","125","339","555","7","42","27","74","385","5","580","1595","0","0","0","0","0","-134800","5","-100.00","3377","0","-6","0","0","","0","0","0","","",""
"080018","0001","0","137200","137300","137500","138500","138600","138700","138900","139000","139100","139500","136700","136200","136000","135900","135700","135200","135000","134900","134800","134700","1","23","276","22","41","74","100","10","1","32","36","125","339","753","7","42","27","74","385","5","580","1793","0","0","0","0","0","-134800","5","-100.00","3377","0","-3","0","0","","0","0","0","","",""
"080018","0002","0","137300","137500","138500","138600","138700","138900","139000","139100","139500","139600","136800","136700","136200","136000","135900","135700","135200","135000","134900","134800","23","276","22","41","74","100","10","1","32","1","11","184","125","339","753","7","42","57","74","385","580","1977","0","0","0","0","0","-134800","5","-100.00","3378","0","6","0","0","","0","0","0","","",""
"080018","0003","0","137300","137500","138500","138600","138700","138900","139000","139100","139500","139600","136700","136200","136000","135900","135700","135200","135000","134900","134800","134700","23","276","22","41","74","100","10","1","32","1","117","125","339","753","7","42","57","74","385","5","580","1904","0","0","0","0","0","-134800","5","-100.00","3456","0","-7","0","0","","0","0","0","","",""
"080019","0000","0","137300","137500","138500","138600","138700","138900","139000","139100","139500","139600","136700","136200","136000","135900","135700","135200","135000","134900","134800","134700","25","276","22","41","74","100","10","1","32","1","112","125","339","753","7","42","57","74","385","5","582","1899","0","0","0","0","0","-134800","5","-100.00","3461","2","-5","0","0","","0","0","0","","",""
"080019","0001","0","137300","137500","138500","138600","138700","138900","139000","139100","139500","139600","136700","136200","136000","135900","135700","135200","135000","134900","134800","134700","25","276","22","41","74","100","10","1","32","1","113","125","339","753","7","42","57","74","385","5","582","1900","0","0","0","0","0","-134800","5","-100.00","3461","0","1","0","0","","0","0","0","","",""
"080019","0002","0","137300","137500","138500","138600","138700","138900","139000","139100","139500","139600","136700","136200","136000","135900","135700","135200","135000","134900","134800","134700","25","276","22","41","74","100","10","1","32","1","203","125","339","753","7","42","57","74","285","5","582","1890","0","0","0","0","0","-134800","5","-100.00","3471","0","-10","0","0","","0","0","0","","",""
"080019","0003","0","137300","137500","137600","138500","138600","138700","138900","139000","139100","139500","136700","136200","136000","135900","135700","135200","135100","135000","134900","134800","25","276","37","22","41","74","100","10","1","32","203","125","339","753","7","42","100","57","74","285","618","1985","0","0","0","0","0","-134800","5","-100.00","3471","0","95","0","0","","0","0","0","","",""
"080019","0004","0","137300","137500","137600","138500","138600","138700","138900","139000","139100","139500","136700","136200","136000","135900","135700","135200","135100","135000","134900","134800","25","276","37","22","41","74","100","10","1","32","203","125","339","753","7","42","100","57","74","290","618","1990","0","0","0","0","0","-134800","5","-100.00","3471","0","5","0","0","","0","0","0","","",""
"080020","0000","0","137200","137300","137500","137600","138500","138600","138700","138900","139000","139100","136700","136200","136000","135900","135700","135200","135100","135000","134900","134800","1","26","276","37","22","41","74","100","10","1","203","125","339","753","7","42","100","57","74","290","588","1990","0","0","0","0","0","-134800","5","-100.00","3471","-30","0","0","0","","0","0","0","","",""
"080020","0001","0","137200","137300","137500","137600","138500","138600","138700","138900","139000","139100","136700","136200","136000","135900","135700","135200","135100","135000","134900","134800","1","26","276","37","22","41","74","100","10","1","205","125","339","753","7","42","100","57","74","290","588","1992","0","0","0","0","0","-134800","5","-100.00","3471","0","2","0","0","","0","0","0","","",""
"080020","0002","0","137200","137300","137500","137600","138500","138600","138700","138900","139000","139100","136700","136200","136000","135900","135700","135200","135100","135000","134900","134800","1","26","276","37","22","41","74","100","10","1","205","125","339","753","7","42","100","57","74","291","588","1993","0","0","0","0","0","-134800","5","-100.00","3471","0","1","0","0","","0","0","0","","",""
"080020","0003","0","137200","137300","137500","137600","138500","138600","138700","138900","139000","139100","136700","136200","136000","135900","135700","135200","135100","135000","134900","134800","1","26","276","37","22","41","74","100","10","1","213","117","339","853","7","42","100","57","74","291","588","2093","0","0","0","0","0","-134800","5","-100.00","3471","0","100","0","0","","0","0","0","","",""
"080020","0004","0","137200","137300","137500","137600","138500","138600","138700","138900","139000","139100","136700","136200","135900","135700","135200","135100","135000","134900","134800","134700","1","27","276","37","22","41","74","100","10","1","213","117","853","7","42","100","57","74","291","5","589","1759","0","0","0","0","0","-134800","5","-100.00","3471","0","-334","0","0","","0","0","0","","",""
"080021","0000","0","136800","137200","137300","137500","137600","138500","138600","138700","138900","139000","136700","136200","135900","135700","135200","135100","135000","134900","134800","134700","5","1","27","276","37","22","41","74","100","10","213","117","853","7","42","100","57","74","291","5","593","1759","0","0","0","0","0","-134800","5","-100.00","3471","4","0","0","0","","0","0","0","","",""
"080021","0001","0","136800","137200","137300","137500","137600","138500","138600","138700","138900","139000","136700","136200","135900","135700","135200","135100","135000","134900","134800","134700","4","1","27","276","37","22","41","74","100","10","213","217","853","7","42","100","57","74","291","5","592","1859","0","0","0","0","0","-134800","5","-100.00","3472","-1","100","0","0","","0","0","0","","",""
"080021","0002","0","136800","137200","137300","137500","137600","138500","138600","138700","138900","139000","136700","136200","135900","135700","135200","135100","135000","134900","134800","134700","4","1","28","276","37","22","41","74","100","10","213","217","853","7","42","100","57","74","291","5","593","1859","0","0","0","0","0","-134800","5","-100.00","3472","1","0","0","0","","0","0","0","","",""
"080021","0003","0","137300","137500","137600","138500","138600","138700","138900","139000","139100","139500","136700","136200","135900","135700","135200","135100","135000","134900","134800","134700","26","276","37","22","41","74","100","10","1","32","213","217","853","7","42","100","57","74","291","5","619","1859","0","0","0","0","0","-134800","5","-100.00","3479","26","0","0","0","","0","0","0","","",""
"080022","0000","0","137200","137300","137500","137600","138500","138600","138700","138900","139000","139100","136700","136200","135900","135700","135200","135100","135000","134900","134800","134700","2","26","276","37","22","41","74","100","10","1","224","217","843","7","42","100","57","74","291","5","589","1860","0","0","0","0","0","-134800","5","-100.00","3479","0","1","0","0","","0","0","0","","",""
"080022","0001","0","137200","137300","137500","137600","138500","138600","138700","138900","139000","139100","136700","136200","135900","135700","135200","135100","135000","134900","134800","134700","2","26","276","37","22","41","74","100","10","1","244","217","843","7","42","100","57","74","291","5","589","1880","0","0","0","0","0","-134800","5","-100.00","3479","0","20","0","0","","0","0","0","","",""
"080022","0002","0","137200","137300","137500","137600","138500","138600","138700","138900","139000","139100","136700","136200","136000","135900","135700","135200","135100","135000","134900","134800","2","26","276","37","22","41","74","100","10","1","244","217","13","843","7","42","100","57","74","291","589","1888","0","0","0","0","0","-134800","5","-100.00","3479","0","8","0","0","","0","0","0","","",""
"080022","0003","0","137200","137300","137500","137600","138500","138600","138700","138900","139000","139100","136700","136200","136000","135900","135700","135200","135100","135000","134900","134800","2","26","306","37","22","41","74","100","10","1","244","217","13","843","7","42","100","58","74","291","619","1889","0","0","0","0","0","-134800","5","-100.00","3479","30","1","0","0","","0","0","0","","",""
"080022","0004","0","137200","137300","137500","137600","137800","138500","138600","138700","138900","139000","136700","136200","136000","135900","135700","135200","135100","135000","134900","134800","2","26","306","37","1","22","41","74","100","10","292","217","13","843","7","42","100","58","74","291","619","1937","0","0","0","0","0","-134800","5","-100.00","3481","0","18","0","0","","0","0","0","","",""
"080023","0000","0","137300","137500","137600","137800","138500","138600","138700","138900","139000","139100","136700","136200","136000","135900","135700","135200","135100","135000","134900","134800","54","306","37","1","22","41","74","100","10","1","292","217","13","843","7","42","100","58","74","291","646","1937","0","0","0","0","0","-134800","5","-100.00","3491","27","0","0","0","","0","0","0","","",""
"080023","0001","0","137300","137500","137600","137800","138500","138600","138700","138900","139000","139100","136700","136200","136000","135900","135700","135200","135100","135000","134900","134800","55","306","37","1","22","41","74","100","10","1","292","217","13","843","7","42","100","58","74","291","647","1937","0","0","0","0","0","-134800","5","-100.00","3491","1","0","0","0","","0","0","0","","",""
"080023","0002","0","137300","137500","137600","137800","138500","138600","138700","138900","139000","139100","137200","136700","136200","136000","135900","135700","135200","135100","135000","134900","53","306","37","1","22","41","74","100","10","1","50","292","217","13","1014","7","42","100","58","74","645","1867","0","0","0","0","0","-134800","5","-100.00","3493","0","-241","0","0","","0","0","0","","",""
"080024","0000","0","137300","137500","137600","137800","138500","138600","138700","138900","139000","139100","137200","136700","136200","136000","135900","135700","135200","135100","135000","134900","53","306","37","1","22","41","74","100","10","1","50","293","217","13","1014","7","42","100","58","74","645","1868","0","0","0","0","0","-134800","5","-100.00","3493","0","1","0","0","","0","0","0","","",""
"080024","0001","0","137300","137500","137600","137800","138500","138600","138700","138900","139000","139100","137200","136700","136200","136000","135900","135700","135200","135100","135000","134900","53","306","37","1","22","41","74","100","10","1","29","293","217","13","1014","7","42","100","58","74","645","1847","0","0","0","0","0","-134800","5","-100.00","3514","0","-21","0","0","","0","0","0","","",""
"080024","0002","0","137300","137500","137600","137800","138500","138600","138700","138900","139000","139100","137200","136700","136200","136000","135900","135700","135200","135100","135000","134900","93","306","37","1","22","41","74","100","10","1","59","293","217","13","941","7","42","100","58","74","685","1804","0","0","0","0","0","-134800","5","-100.00","3514","40","-73","0","0","","0","0","0","","",""
"080025","0000","0","137300","137500","137600","137800","138500","138600","138700","138900","139000","139100","137200","136700","136200","136000","135900","135700","135200","135100","135000","134900","93","306","37","1","27","42","75","100","10","1","59","293","217","13","941","7","42","100","58","74","692","1804","0","0","0","0","0","-134800","5","-100.00","3514","4","0","0","0","","0","0","0","","",""
"080025","0001","0","137300","137400","137500","137600","137800","138500","138600","138700","138900","139000","137200","136700","136200","136000","135900","135700","135200","135100","135000","134900","90","1","306","37","1","27","42","75","100","10","59","293","217","13","941","7","42","100","65","74","689","1811","0","0","0","0","0","-134800","5","-100.00","3517","-3","0","0","0","","0","0","0","","",""
"080025","0002","0","137300","137400","137500","137600","137800","138500","138600","138700","138900","139000","137200","136700","136200","136000","135900","135700","135200","135100","135000","134900","90","1","306","37","1","27","42","75","100","10","67","285","217","13","941","7","42","100","65","74","689","1811","0","0","0","0","0","-134800","5","-100.00","3517","0","0","0","0","","0","0","0","","",""
"080025","0003","0","137300","137400","137500","137600","137800","138500","138600","138700","138900","139000","137200","136700","136200","136000","135900","135700","135200","135100","135000","134900","80","1","306","37","1","27","42","75","100","10","67","275","217","13","941","7","42","100","65","74","679","1801","0","0","0","0","0","-134800","5","-100.00","3527","-10","-10","0","0","","0","0","0","","",""
"080025","0004","0","137200","137300","137400","137500","137600","137800","138500","138600","138700","138900","136700","136200","136000","135900","135700","135200","135100","135000","134900","134800","115","44","1","306","189","1","27","42","75","100","265","217","13","941","7","42","100","65","74","291","900","2015","0","0","0","0","0","-134800","5","-100.00","3604","221","214","0","0","","0","0","0","","",""
"080026","0000","0","137200","137300","137400","137500","137600","137800","138500","138600","138700","138900","136700","136200","136000","135900","135700","135200","135100","135000","134900","134800","115","235","1","306","189","1","27","42","75","100","275","217","13","941","8","42","100","65","74","291","1091","2026","0","0","0","0","0","-134800","5","-100.00","3604","191","-90","0","0","","0","0","0","","",""
"080026","0001","0","137200","137300","137400","137500","137600","137800","138500","138600","138700","138900","136700","136200","136000","135900","135700","135200","135100","135000","134900","134800","115","235","1","306","189","1","27","42","75","100","272","217","13","941","8","42","100","65","74","291","1091","2023","0","0","0","0","0","-134800","5","-100.00","3607","0","-3","0","0","","0","0","0","","",""
"080026","0002","0","137200","137300","137400","137500","137600","137800","138500","138600","138700","138900","136700","136200","136000","135900","135700","135200","135100","135000","134900","134800","115","241","1","306","189","1","27","42","75","100","274","217","13","941","8","42","100","80","74","292","1097","2041","0","0","0","0","0","-134800","5","-100.00","3607","0","2","0","0","","0","0","0","","",""
"080027","0000","0","137200","137300","137400","137500","137600","137800","138500","138600","138700","138900","136700","136200","136000","135900","135700","135200","135100","135000","134900","134800","105","242","1","306","189","1","27","42","75","100","274","217","13","941","8","42","100","80","74","292","1088","2041","0","0","0","0","0","-134800","5","-100.00","3617","1","0","0","0","","0","0","0","","",""
"080027","0001","0","137200","137300","137400","137500","137600","137800","138500","138600","138700","138900","136700","136200","136000","135900","135700","135200","135100","135000","134900","134800","102","242","1","306","189","1","27","42","75","178","264","217","13","938","8","42","100","80","74","292","1163","2028","0","0","0","0","0","-134800","5","-100.00","3630","-3","-3","0","0","","0","0","0","","",""
"080027","0002","0","137200","137300","137400","137500","137600","137800","138500","138600","138700","138900","136700","136200","136000","135900","135700","135200","135100","135000","134900","134800","102","242","1","378","189","1","27","42","75","178","264","217","13","938","8","42","100","80","74","292","1235","2028","0","0","0","0","0","-134800","5","-100.00","3630","72","0","0","0","","0","0","0","","",""
"080028","0000","0","137200","137300","137400","137500","137600","137800","138500","138600","138700","138900","136700","136200","136000","135900","135700","135200","135100","135000","134900","134800","38","242","1","378","189","1","172","42","75","178","264","217","13","988","8","42","100","80","74","292","1316","2078","0","0","0","0","0","-134800","5","-100.00","3833","114","50","0","0","","0","0","0","","",""
"080028","0001","0","137200","137300","137400","137500","137600","137800","138500","138600","138700","138900","136700","136500","136200","136000","135900","135700","135200","135100","135000","134900","38","243","1","378","189","1","172","42","75","178","264","6","217","13","988","8","42","100","82","74","1317","1794","0","0","0","0","0","-134800","5","-100.00","3833","0","-284","0","0","","0","0","0","","",""
"080028","0002","0","137200","137300","137400","137500","137600","137800","138500","138600","138700","138900","136700","136500","136200","136000","135900","135700","135200","135100","135000","134900","36","243","1","378","189","1","172","42","75","178","264","6","217","13","988","8","42","100","82","74","1315","1794","0","0","0","0","0","-134800","5","-100.00","3835","-2","0","0","0","","0","0","0","","",""
"080028","0003","0","137200","137300","137400","137500","137600","137800","138500","138600","138700","138900","136800","136700","136500","136200","136000","135900","135700","135200","135100","135000","36","243","1","378","189","1","172","42","75","178","20","264","6","217","13","988","8","42","100","82","1315","1740","0","0","0","0","0","-134800","5","-100.00","3835","0","-54","0","0","","0","0","0","","",""
"080029","0000","0","137200","137300","137400","137500","137600","137800","138500","138600","138700","138900","136800","136700","136500","136200","136000","135900","135700","135200","135100","135000","33","269","1","378","189","1","172","42","75","178","20","264","6","218","13","936","8","42","100","82","1338","1689","0","0","0","0","0","-134800","5","-100.00","3838","26","-51","0","0","","0","0","0","","",""
"080029","0001","0","137200","137300","137400","137500","137600","137800","138500","138600","138700","138900","136800","136700","136500","136200","136000","135900","135700","135200","135100","135000","143","269","1","378","189","1","172","42","75","178","20","264","6","218","13","936","8","42","100","82","1448","1689","0","0","0","0","0","-134800","5","-100.00","3838","100","0","0","0","","0","0","0","","",""
"080029","0002","0","137200","137300","137400","137500","137600","137800","137900","138500","138600","138700","136800","136700","136500","136200","136000","135900","135700","135200","135100","135000","140","289","1","378","189","1","39","172","42","75","18","264","6","218","13","936","8","42","100","82","1326","1687","0","0","0","0","0","-134800","5","-100.00","3843","-3","-2","0","0","","0","0","0","","",""
"080029","0003","0","137200","137300","137400","137500","137600","137800","137900","138500","138600","138700","136800","136700","136500","136200","136000","135900","135700","135200","135100","135000","144","289","1","378","189","1","39","172","42","75","18","282","6","218","13","936","8","42","100","64","1330","1687","0","0","0","0","0","-134800","5","-100.00","3845","6","0","0","0","","0","0","0","","",""
"080029","0004","0","137200","137300","137400","137500","137600","137800","137900","138500","138600","138700","136800","136700","136500","136200","136000","135900","135700","135200","135100","135000","139","289","1","378","189","1","39","172","42","75","16","282","6","218","13","936","8","42","100","64","1325","1685","0","0","0","0","0","-134800","5","-100.00","3852","-5","-2","0","0","","0","0","0","","",""
"080030","0000","0","137300","137400","137500","137600","137800","137900","138500","138600","138700","138900","137200","136800","136700","136500","136200","136000","135900","135700","135200","135100","289","1","378","189","1","39","172","42","75","178","9","16","282","6","218","13","936","8","42","100","1364","1630","0","0","0","0","0","-134800","5","-100.00","3993","37","-55","0","0","","0","0","0","","",""
"080030","0001","0","137300","137400","137500","137600","137800","137900","138500","138600","138700","138900","137200","136800","136700","136500","136200","136000","135900","135700","135200","135100","288","3","378","189","1","39","172","42","75","178","8","16","282","6","218","13","936","8","42","100","1365","1629","0","0","0","0","0","-134800","5","-100.00","3994","2","0","0","0","","0","0","0","","",""
"080030","0002","0","137200","137300","137400","137500","137600","137800","137900","138500","138600","138700","136800","136700","136500","136200","136000","135900","135700","135200","135100","135000","42","288","3","378","189","1","39","172","47","75","16","282","6","218","13","933","8","42","100","64","1234","1682","0","0","0","0","0","-134800","5","-100.00","4002","-131","53","0","0","","0","0","0","","",""
"080030","0003","0","137200","137300","137400","137500","137600","137800","137900","138500","138600","138700","136800","136700","136500","136200","136000","135900","135700","135200","135100","135000","42","292","3","378","189","1","39","172","47","75","16","292","6","218","13","933","8","42","100","64","1238","1692","0","0","0","0","0","-134800","5","-100.00","4002","4","0","0","0","","0","0","0","","",""
"080031","0000","0","137200","137300","137400","137500","137600","137800","137900","138500","138600","138700","136800","136700","136500","136200","136000","135900","135700","135200","135100","135000","45","292","3","378","189","1","39","172","47","75","16","292","6","218","13","933","8","42","100","64","1241","1692","0","0","0","0","0","-134800","5","-100.00","4002","3","0","0","0","","0","0","0","","",""
"080031","0001","0","137200","137300","137400","137500","137600","137800","137900","138500","138600","138700","136800","136700","136500","136200","136000","135900","135700","135200","135100","135000","46","292","3","378","189","1","39","172","47","75","16","342","6","218","53","933","8","42","100","64","1242","1782","0","0","0","0","0","-134800","5","-100.00","4002","1","90","0","0","","0","0","0","","",""
"080031","0002","0","137200","137300","137400","137500","137600","137800","137900","138500","138600","138700","136800","136700","136500","136200","136000","135900","135700","135200","135100","135000","24","293","3","378","189","1","39","172","47","75","16","341","6","218","53","933","18","42","100","64","1221","1791","0","0","0","0","0","-134800","5","-100.00","4024","-21","9","0","0","","0","0","0","","",""
"080031","0003","0","137000","137200","137300","137400","137500","137600","137800","137900","138500","138600","136800","136700","136500","136200","136000","135900","135700","135200","135100","135000","100","41","293","3","378","189","1","39","172","47","6","341","6","218","53","933","18","42","100","64","1263","1781","0","0","0","0","0","-134800","5","-100.00","4034","17","-10","0","0","","0","0","0","","",""
"080031","0004","0","137300","137400","137500","137600","137800","137900","138500","138600","138700","138900","137200","136800","136700","136500","136200","136000","135900","135700","135200","135100","293","3","378","189","1","39","172","47","75","178","62","6","341","6","218","53","933","18","42","100","1375","1779","0","0","0","0","0","-134800","5","-100.00","4336","112","-2","0","0","","0","0","0","","",""
"080032","0000","0","137300","137400","137500","137600","137800","137900","138500","138600","138700","138900","137200","136800","136700","136500","136200","136000","135900","135700","135200","135100","293","3","378","189","1","39","172","47","75","178","74","26","341","6","218","53","933","18","42","100","1375","1811","0","0","0","0","0","-134800","5","-100.00","4336","0","20","0","0","","0","0","0","","",""
"080032","0001","0","137300","137400","137500","137600","137800","137900","138500","138600","138700","138900","137200","136800","136700","136500","136200","136000","135900","135700","135200","135100","293","3","378","189","1","39","172","47","75","178","48","26","341","6","218","53","933","18","42","100","1375","1785","0","0","0","0","0","-134800","5","-100.00","4362","0","-26","0","0","","0","0","0","","",""
"080032","0002","0","137300","137400","137500","137600","137800","137900","138500","138600","138700","138900","137200","136800","136700","136500","136200","136000","135900","135700","135200","135100","293","3","378","189","1","39","172","47","75","178","37","26","341","6","218","53","933","18","42","100","1375","1774","0","0","0","0","0","-134800","5","-100.00","4373","0","-11","0","0","","0","0","0","","",""
"080032","0003","0","137200","137300","137400","137500","137600","137800","137900","138500","138600","138700","136800","136700","136500","136200","136000","135900","135700","135200","135100","135000","2","293","3","378","189","1","39","172","47","75","26","341","6","218","53","933","18","42","100","64","1199","1801","0","0","0","0","0","-134800","5","-100.00","4416","-5","0","0","0","","0","0","0","","",""
"080033","0000","0","137200","137300","137400","137500","137600","137800","137900","138000","138500","138600","136800","136700","136500","136200","136000","135900","135700","135200","135100","135000","2","294","3","378","189","1","39","4","172","47","26","341","6","218","53","933","18","42","100","74","1129","1811","0","0","0","0","0","-134800","5","-100.00","4416","0","10","0","0","","0","0","0","","",""
"080033","0001","0","137300","137400","137500","137600","137800","137900","138000","138500","138600","138700","137200","136800","136700","136500","136200","136000","135900","135700","135200","135100","295","3","378","189","1","39","4","172","47","75","96","26","341","6","218","53","933","18","42","100","1203","1833","0","0","0","0","0","-134800","5","-100.00","4422","1","-4","0","0","","0","0","0","","",""
"080033","0002","0","137300","137400","137500","137600","137800","137900","138000","138500","138600","138700","137200","136800","136700","136500","136200","136000","135900","135700","135200","135100","212","3","378","189","4","39","4","172","47","75","96","26","341","6","218","53","933","18","42","100","1123","1833","0","0","0","0","0","-134800","5","-100.00","4505","-80","0","0","0","","0","0","0","","",""
"080033","0003","0","137300","137400","137500","137600","137800","137900","138000","138500","138600","138700","137200","136800","136700","136500","136200","136000","135900","135700","135200","135100","212","3","378","189","4","39","4","172","47","75","94","26","341","6","218","53","933","18","42","100","1123","1831","0","0","0","0","0","-134800","5","-100.00","4507","0","-2","0","0","","0","0","0","","",""
"080033","0004","0","137300","137400","137500","137600","137800","137900","138000","138500","138600","138700","137200","136800","136700","136500","136200","136000","135900","135700","135200","135100","242","3","378","189","4","39","4","172","47","75","94","26","341","6","218","53","933","18","42","100","1153","1831","0","0","0","0","0","-134800","5","-100.00","4507","30","0","0","0","","0","0","0","","",""
"080034","0000","0","137300","137400","137500","137600","137800","137900","138000","138500","138600","138700","137200","136800","136700","136500","136200","136000","135900","135700","135200","135100","232","5","378","189","4","39","4","172","47","75","94","26","341","6","218","53","762","18","42","100","1145","1660","0","0","0","0","0","-134800","5","-100.00","4517","-8","-171","0","0","","0","0","0","","",""
"080034","0001","0","137300","137400","137500","137600","137800","137900","138000","138500","138600","138700","137200","136800","136700","136500","136200","136000","135900","135700","135200","135100","648","5","378","189","4","39","4","172","47","75","91","26","341","6","218","53","762","18","42","100","1561","1657","0","0","0","0","0","-134800","5","-100.00","4520","400","0","0","0","","0","0","0","","",""
"080034","0002","0","137200","137300","137400","137500","137600","137800","137900","138000","138500","138600","136800","136700","136500","136200","136000","135900","135700","135200","135100","135000","82","748","5","378","189","4","39","4","172","47","26","371","6","218","53","762","18","42","100","74","1668","1670","0","0","0","0","0","-134800","5","-100.00","4619","7","-17","0","0","","0","0","0","","",""
"080034","0003","0","137200","137300","137400","137500","137600","137800","137900","138000","138500","138600","136800","136700","136500","136200","136000","135900","135700","135200","135100","135000","82","748","5","378","189","4","39","4","172","47","26","371","6","219","53","762","18","42","100","74","1668","1671","0","0","0","0","0","-134800","5","-100.00","4619","0","1","0","0","","0","0","0","","",""
"080034","0004","0","137200","137300","137400","137500","137600","137800","137900","138000","138500","138600","136800","136700","136500","136200","136000","135900","135700","135200","135100","135000","63","748","5","378","189","4","39","4","172","47","26","371","6","219","53","762","18","42","100","74","1649","1671","0","0","0","0","0","-134800","5","-100.00","4639","-19","0","0","0","","0","0","0","","",""
"080035","0000","0","137200","137300","137400","137500","137600","137800","137900","138000","138500","138600","136800","136700","136500","136200","136000","135900","135700","135200","135100","135000","204","748","5","378","189","4","39","4","172","47","26","371","6","219","53","501","18","42","100","74","1790","1410","0","0","0","0","0","-134800","5","-100.00","4639","141","-261","0","0","","0","0","0","","",""
"080035","0001","0","137200","137300","137400","137500","137600","137800","137900","138000","138500","138600","136800","136700","136500","136200","136000","135900","135700","135200","135100","135000","204","748","5","408","189","4","39","4","172","47","26","371","6","219","53","501","18","42","100","74","1820","1410","0","0","0","0","0","-134800","5","-100.00","4639","30","0","0","0","","0","0","0","","",""
"080035","0002","0","137200","137300","137400","137500","137600","137800","137900","138000","138500","138600","136800","136700","136500","136200","136000","135900","135700","135200","135100","135000","211","748","5","408","189","4","39","4","172","47","26","376","6","219","53","501","18","42","100","74","1827","1415","0","0","0","0","0","-134800","5","-100.00","4639","1","5","0","0","","0","0","0","","",""
"080035","0003","0","137200","137300","137400","137500","137600","137800","137900","138000","138500","138600","136800","136700","136500","136200","136000","135900","135700","135200","135100","135000","211","749","5","408","189","4","39","4","172","47","26","376","6","219","53","501","18","42","100","74","1828","1415","0","0","0","0","0","-134800","5","-100.00","4639","1","0","0","0","","0","0","0","","",""
"080036","0000","0","137200","137300","137400","137500","137600","137800","137900","138000","138500","138600","136800","136700","136500","136200","136000","135900","135700","135200","135100","135000","185","789","5","408","189","4","40","4","172","47","28","377","6","219","53","501","18","42","100","74","1843","1418","0","0","0","0","0","-134800","5","-100.00","4665","41","3","0","0","","0","0","0","","",""
"080036","0001","0","137200","137300","137400","137500","137600","137800","137900","138000","138500","138600","136800","136700","136500","136200","136000","135900","135700","135200","135100","135000","188","789","3","458","189","4","40","4","172","47","28","377","6","267","54","501","18","42","100","74","1894","1467","0","0","0","0","0","-134800","5","-100.00","4675","-4","0","0","0","","0","0","0","","",""
"080036","0002","0","137200","137300","137400","137500","137600","137800","137900","138000","138500","138600","136800","136700","136500","136200","136000","135900","135700","135200","135100","135000","99","789","3","458","189","4","40","4","172","47","28","377","6","267","54","501","18","42","100","74","1805","1467","0","0","0","0","0","-134800","5","-100.00","4765","-89","0","0","0","","0","0","0","","",""
"080036","0003","0","137200","137300","137400","137500","137600","137800","137900","138000","138500","138600","136800","136700","136500","136200","136000","135900","135700","135200","135100","135000","49","794","3","458","189","4","40","4","172","47","28","377","6","267","54","501","18","42","100","74","1760","1467","0","0","0","0","0","-134800","5","-100.00","4815","-45","0","0","0","","0","0","0","","",""
"080036","0004","0","137200","137300","137400","137500","137600","137800","137900","138000","138500","138600","136800","136700","136500","136200","136000","135900","135700","135200","135100","135000","49","794","3","459","189","4","40","4","172","53","63","377","6","267","54","501","18","42","100","74","1767","1502","0","0","0","0","0","-134800","5","-100.00","4817","6","-2","0","0","","0","0","0","","",""
"080037","0000","0","137200","137300","137400","137500","137600","137800","137900","138000","138500","138600","136800","136700","136500","136200","136000","135900","135700","135200","135100","135000","49","795","3","459","189","4","40","4","172","53","63","377","6","267","54","501","18","42","100","74","1768","1502","0","0","0","0","0","-134800","5","-100.00","4817","1","0","0","0","","0","0","0","","",""
"080037","0001","0","137200","137300","137400","137500","137600","137800","137900","138000","138500","138600","136800","136700","136500","136200","136000","135900","135700","135200","135100","135000","49","795","3","459","189","4","40","4","172","53","63","377","6","267","54","501","18","42","100","74","1768","1502","0","0","0","0","0","-134800","5","-100.00","4917","0","0","0","0","","0","0","0","","",""
"080037","0002","0","137200","137300","137400","137500","137600","137800","137900","138000","138500","138600","136800","136700","136500","136200","136000","135900","135700","135200","135100","135000","61","795","3","459","189","4","40","4","172","53","64","377","6","267","54","501","18","42","100","74","1780","1503","0","0","0","0","0","-134800","5","-100.00","4917","9","0","0","0","","0","0","0","","",""
"080037","0003","0","137200","137300","137400","137500","137600","137800","137900","138000","138500","138600","136800","136700","136500","136400","136200","136000","135900","135700","135200","135100","78","795","3","459","189","4","40","4","172","53","64","377","6","11","267","54","501","18","42","100","1797","1440","0","0","0","0","0","-134800","5","-100.00","4917","0","-63","0","0","","0","0","0","","",""
"080037","0004","0","137200","137300","137400","137500","137600","137800","137900","138000","138500","138600","136800","136700","136500","136400","136200","136000","135900","135700","135200","135100","479","795","3","459","189","4","40","4","172","53","64","387","6","11","267","54","502","18","42","100","2198","1451","0","0","0","0","0","-134800","5","-100.00","4917","401","11","0","0","","0","0","0","","",""
"080038","0000","0","137200","137300","137400","137500","137600","137800","137900","138000","138500","138600","136800","136700","136500","136400","136200","136000","135900","135700","135200","135100","479","795","3","459","189","4","40","4","172","53","82","369","6","11","267","54","502","18","42","100","2198","1451","0","0","0","0","0","-134800","5","-100.00","4917","0","0","0","0","","0","0","0","","",""
"080038","0001","0","137200","137300","137400","137500","137600","137800","137900","138000","138500","138600","136800","136700","136500","136400","136200","136000","135900","135700","135200","135100","389","795","3","459","190","4","40","4","172","53","82","369","6","11","267","54","502","18","42","100","2109","1451","0","0","0","0","0","-134800","5","-100.00","5017","-99","0","0","0","","0","0","0","","",""
"080038","0002","0","137200","137300","137400","137500","137600","137800","137900","138000","138500","138600","136800","136700","136500","136400","136200","136000","135900","135700","135200","135100","379","795","3","504","190","4","40","4","172","53","82","369","6","11","267","41","502","18","42","100","2144","1438","0","0","0","0","0","-134800","5","-100.00","5027","45","-13","0","0","","0","0","0","","",""
"080038","0003","0","137200","137300","137400","137500","137600","137800","137900","138000","138500","138600","136800","136700","136500","136400","136200","136000","135900","135700","135200","135100","624","795","3","504","190","4","40","4","172","54","87","369","6","11","267","41","502","18","42","100","2390","1443","0","0","0","0","0","-134800","5","-100.00","5037","70","0","0","0","","0","0","0","","",""
"080038","0004","0","137200","137300","137400","137500","137600","137800","137900","138000","138500","138600","136800","136700","136500","136400","136200","136000","135900","135700","135200","135100","618","795","3","504","190","4","40","4","172","54","87","369","6","11","267","41","502","18","42","100","2384","1443","0","0","0","0","0","-134800","5","-100.00","5043","-6","0","0","0","","0","0","0","","",""
"080039","0000","0","137200","137300","137400","137500","137600","137800","137900","138000","138500","138600","136800","136700","136500","136400","136200","136000","135900","135700","135200","135100","1030","795","3","504","190","4","40","4","172","54","175","281","6","11","267","41","502","18","42","100","2796","1443","0","0","0","0","0","-134800","5","-100.00","5043","412","0","0","0","","0","0","0","","",""
"080039","0001","0","137200","137300","137400","137500","137600","137800","137900","138000","138500","138600","136800","136700","136500","136400","136200","136000","135900","135700","135200","135100","1027","795","3","504","190","4","40","4","172","54","185","281","6","11","267","41","502","18","42","100","2793","1453","0","0","0","0","0","-134800","5","-100.00","5046","0","10","0","0","","0","0","0","","",""
"080039","0002","0","137200","137300","137400","137500","137600","137800","137900","138000","138500","138600","136800","136700","136500","136400","136200","136000","135900","135700","135200","135100","1065","796","3","504","190","4","40","4","172","54","185","281","6","11","267","41","502","18","42","100","2832","1453","0","0","0","0","0","-134800","5","-100.00","5046","39","0","0","0","","0","0","0","","",""
"080039","0003","0","137200","137300","137400","137500","137600","137800","137900","138000","138500","138600","136800","136700","136500","136400","136200","136000","135900","135700","135200","135100","1066","796","3","504","190","4","40","4","172","54","185","281","6","11","267","41","502","18","42","100","2833","1453","0","0","0","0","0","-134800","5","-100.00","5046","1","0","0","0","","0","0","0","","",""
"080040","0000","0","137200","137300","137400","137500","137600","137800","137900","138000","138500","138600","136900","136800","136700","136500","136400","136200","136000","135900","135700","135200","1040","796","3","504","190","4","40","4","172","54","20","165","281","6","11","267","41","502","68","42","2807","1403","0","0","0","0","0","-134800","5","-100.00","5072","-26","0","0","0","","0","0","0","","",""
"080040","0001","0","137200","137300","137400","137500","137600","137800","137900","138000","138500","138600","136900","136800","136700","136500","136400","136200","136000","135900","135700","135200","1050","796","4","504","190","4","40","24","172","54","20","165","281","6","11","267","41","502","68","42","2838","1403","0","0","0","0","0","-134800","5","-100.00","5072","31","0","0","0","","0","0","0","","",""
"080040","0002","0","137200","137300","137400","137500","137600","137800","137900","138000","138500","138600","136900","136800","136700","136500","136400","136200","136000","135900","135700","135200","1054","796","4","504","190","4","40","24","172","54","20","165","281","6","11","267","41","502","68","42","2842","1403","0","0","0","0","0","-134800","5","-100.00","5082","4","0","0","0","","0","0","0","","",""
"080040","0003","0","137200","137300","137400","137500","137600","137800","137900","138000","138500","138600","136900","136800","136700","136500","136400","136200","136000","135900","135700","135200","1421","796","4","504","190","4","40","24","172","54","102","165","281","6","11","367","41","502","68","42","3209","1585","0","0","0","0","0","-134800","5","-100.00","5082","0","82","0","0","","0","0","0","","",""
"080040","0004","0","137200","137300","137400","137500","137600","137800","137900","138000","138500","138600","136900","136800","136700","136500","136400","136200","136000","135900","135700","135200","1418","811","4","504","190","4","40","24","172","54","102","165","281","6","11","367","41","502","68","42","3221","1585","0","0","0","0","0","-134800","5","-100.00","5085","15","0","0","0","","0","0","0","","",""
"080041","0000","0","137200","137300","137400","137500","137600","137800","137900","138000","138500","138600","136900","136800","136700","136500","136400","136200","136000","135900","135700","135200","1419","812","5","504","190","4","40","24","172","54","102","165","281","6","11","367","41","502","68","42","3224","1585","0","0","0","0","0","-134800","5","-100.00","5085","2","0","0","0","","0","0","0","","",""
"080041","0001","0","137100","137200","137300","137400","137500","137600","137800","137900","138000","138500","136900","136800","136700","136500","136400","136200","136000","135900","135700","135200","536","1470","812","5","504","190","4","40","24","172","92","260","281","6","11","367","41","502","68","42","3757","1670","0","0","0","0","0","-134800","5","-100.00","5095","483","-10","0","0","","0","0","0","","",""
"080041","0002","0","137100","137200","137300","137400","137500","137600","137800","137900","138000","138500","136900","136800","136700","136500","136400","136200","136000","135900","135700","135200","541","1470","812","5","504","190","4","40","24","172","92","290","261","6","11","367","41","502","68","42","3762","1680","0","0","0","0","0","-134800","5","-100.00","5095","5","10","0","0","","0","0","0","","",""
"080041","0003","0","137100","137200","137300","137400","137500","137600","137700","137800","137900","138000","136900","136800","136700","136500","136400","136200","136000","135900","135700","135200","371","1475","812","5","504","190","194","4","40","44","86","290","261","6","11","367","41","502","68","42","3639","1674","0","0","0","0","0","-134800","5","-100.00","5271","6","-6","0","0","","0","0","0","","",""
"080042","0000","0","137100","137200","137300","137400","137500","137600","137700","137800","137900","138000","136900","136800","136700","136500","136400","136200","136000","135900","135700","135200","372","1506","812","5","504","190","194","4","40","44","86","290","521","6","11","285","41","502","68","42","3671","1852","0","0","0","0","0","-134800","5","-100.00","5271","32","260","0","0","","0","0","0","","",""
"080042","0001","0","137200","137300","137400","137500","137600","137700","137800","137900","138000","138500","136900","136800","136700","136500","136400","136200","136000","135900","135700","135200","1490","813","128","504","190","194","4","40","44","172","86","202","521","6","11","285","41","502","68","42","3579","1764","0","0","0","0","0","-134800","5","-100.00","5659","-215","-88","0","0","","0","0","0","","",""
"080042","0002","0","137000","137100","137200","137300","137400","137500","137600","137700","137800","137900","136900","136800","136700","136500","136400","136200","136000","135900","135700","135200","10","71","1490","829","128","504","190","194","4","40","86","202","521","6","11","285","41","502","68","42","3460","1764","0","0","0","0","0","-134800","5","-100.00","5659","-120","0","0","0","","0","0","0","","",""
"080043","0000","0","137100","137200","137300","137400","137500","137600","137700","137800","137900","138000","136900","136800","136700","136500","136400","136200","136000","135900","135700","135200","71","1490","829","128","505","190","194","4","40","44","86","202","521","6","11","285","41","502","68","42","3495","1764","0","0","0","0","0","-134800","5","-100.00","5669","35","0","0","0","","0","0","0","","",""
"080043","0001","0","137100","137200","137300","137400","137500","137600","137700","137800","137900","138000","136900","136800","136700","136500","136400","136200","136000","135900","135700","135200","81","1480","829","128","505","190","194","4","40","44","118","202","521","6","11","285","41","502","68","42","3495","1796","0","0","0","0","0","-134800","5","-100.00","5669","0","14","0","0","","0","0","0","","",""
"080043","0002","0","137100","137200","137300","137400","137500","137600","137700","137800","137900","138000","136900","136800","136700","136500","136400","136200","136000","135900","135700","135200","70","1480","830","128","505","190","194","4","40","44","118","202","521","6","11","285","41","502","68","42","3485","1796","0","0","0","0","0","-134800","5","-100.00","5680","0","0","0","0","","0","0","0","","",""
"080043","0003","0","137100","137200","137300","137400","137500","137600","137700","137800","137900","138000","136900","136800","136700","136500","136400","136200","136000","135900","135700","135200","70","1480","833","128","505","190","200","4","40","54","123","202","521","6","12","285","41","502","68","42","3504","1802","0","0","0","0","0","-134800","5","-100.00","5680","6","1","0","0","","0","0","0","","",""
"080044","0000","0","137200","137300","137400","137500","137600","137700","137800","137900","138000","138500","137100","136900","136800","136700","136500","136400","136200","136000","135900","135700","1662","833","128","505","190","200","4","40","54","172","742","123","202","521","6","12","185","41","502","68","3788","2402","0","0","0","0","0","-134800","5","-100.00","5780","84","600","0","0","","0","0","0","","",""
"080044","0001","0","137200","137300","137400","137500","137600","137700","137800","137900","138000","138500","137100","137000","136900","136800","136700","136500","136400","136200","136000","135900","1663","833","128","505","190","200","4","40","54","172","735","3","123","202","521","6","12","185","41","502","3789","2330","0","0","0","0","0","-134800","5","-100.00","5787","0","-72","0","0","","0","0","0","","",""
"080044","0002","0","137200","137300","137400","137500","137600","137700","137800","137900","138000","138500","137100","137000","136900","136800","136700","136500","136400","136200","136000","135900","1657","833","128","505","190","200","4","40","54","172","734","3","123","222","521","6","12","185","41","502","3783","2349","0","0","0","0","0","-134800","5","-100.00","5794","-6","19","0","0","","0","0","0","","",""
"080044","0003","0","137200","137300","137400","137500","137600","137700","137800","137900","138000","138500","137100","137000","136900","136800","136700","136500","136400","136200","136000","135900","1757","833","128","505","190","200","4","40","54","172","686","3","123","222","521","6","12","185","41","502","3883","2301","0","0","0","0","0","-134800","5","-100.00","5842","100","-48","0","0","","0","0","0","","",""
"080044","0004","0","137200","137300","137400","137500","137600","137700","137800","137900","138000","138500","137100","137000","136900","136800","136700","136500","136400","136200","136000","135900","1754","833","128","505","190","200","4","40","54","172","686","3","123","227","521","6","12","185","41","502","3880","2306","0","0","0","0","0","-134800","5","-100.00","5845","-3","5","0","0","","0","0","0","","",""
"080045","0000","0","137200","137300","137400","137500","137600","137700","137800","137900","138000","138500","137100","137000","136900","136800","136700","136500","136400","136200","136000","135900","1774","833","128","505","190","200","4","40","54","172","685","3","123","227","521","6","12","185","41","502","3900","2305","0","0","0","0","0","-134800","5","-100.00","5846","20","-1","0","0","","0","0","0","","",""
"080045","0001","0","137200","137300","137400","137500","137600","137700","137800","137900","138000","138500","137100","137000","136900","136800","136700","136500","136400","136200","136000","135900","1715","833","128","505","190","200","4","40","54","172","685","3","123","227","521","6","12","185","41","502","3841","2305","0","0","0","0","0","-134800","5","-100.00","5905","-59","0","0","0","","0","0","0","","",""
"080045","0002","0","137200","137300","137400","137500","137600","137700","137800","137900","138000","138500","137100","137000","136900","136800","136700","136500","136400","136200","136000","135900","1715","833","128","505","190","200","4","40","54","172","685","3","123","227","521","6","13","185","41","502","3841","2306","0","0","0","0","0","-134800","5","-100.00","5905","0","1","0","0","","0","0","0","","",""
"080045","0003","0","137200","137300","137400","137500","137600","137700","137800","137900","138000","138500","137100","137000","136900","136800","136700","136500","136400","136200","136000","135900","1351","833","492","505","190","200","4","40","54","172","685","3","143","227","521","6","13","185","41","502","3841","2326","0","0","0","0","0","-134800","5","-100.00","5905","0","20","0","0","","0","0","0","","",""
"080045","0004","0","137200","137300","137400","137500","137600","137700","137800","137900","138000","138500","137000","136900","136800","136700","136500","136400","136200","136000","135900","135700","1351","833","492","505","190","200","4","40","54","172","3","828","227","522","6","13","185","41","502","68","3841","2395","0","0","0","0","0","-134800","5","-100.00","5905","0","1","0","0","","0","0","0","","",""
"080046","0000","0","137200","137300","137400","137500","137600","137700","137800","137900","138000","138500","137000","136900","136800","136700","136500","136400","136200","136000","135900","135700","1356","833","492","515","190","200","4","40","54","172","3","828","227","522","6","13","185","41","502","68","3856","2395","0","0","0","0","0","-134800","5","-100.00","5905","15","0","0","0","","0","0","0","","",""
"080046","0001","0","137200","137300","137400","137500","137600","137700","137800","137900","138000","138500","137000","136900","136800","136700","136500","136400","136200","136000","135900","135700","1356","833","492","515","190","200","4","40","54","172","10","828","227","522","6","13","185","41","502","68","3856","2402","0","0","0","0","0","-134800","5","-100.00","5905","0","7","0","0","","0","0","0","","",""
"080046","0002","0","137100","137200","137300","137400","137500","137600","137700","137800","137900","138000","137000","136900","136800","136700","136500","136400","136200","136000","135900","135700","7","1386","833","492","515","190","200","4","40","54","10","872","227","522","6","13","185","41","501","68","3721","2445","0","0","0","0","0","-134800","5","-100.00","5906","-135","43","0","0","","0","0","0","","",""
"080046","0003","0","137100","137200","137300","137400","137500","137600","137700","137800","137900","138000","137000","136900","136800","136700","136500","136400","136200","136000","135900","135700","7","1506","818","492","515","190","200","4","40","54","10","187","912","522","6","13","185","41","501","68","3826","2445","0","0","0","0","0","-134800","5","-100.00","5906","5","0","0","0","","0","0","0","","",""
"080047","0000","0","137000","137100","137200","137300","137400","137500","137600","137700","137800","137900","136500","136400","136200","136000","135900","135700","135200","135100","135000","134900","13","162","1506","818","492","515","190","200","4","40","6","13","185","41","501","68","42","100","75","79","3940","1110","0","0","0","0","0","-134800","5","-100.00","7537","155","0","0","0","","0","0","0","","",""
"080047","0001","0","137000","137100","137200","137300","137400","137500","137600","137700","137800","137900","136500","136400","136200","136000","135900","135700","135200","135100","135000","134900","13","162","1597","818","492","516","190","200","4","40","6","13","185","41","501","68","42","200","75","79","4032","1210","0","0","0","0","0","-134800","5","-100.00","7537","92","0","0","0","","0","0","0","","",""
"080047","0002","0","137000","137100","137200","137300","137400","137500","137600","137700","137800","137900","136500","136400","136200","136000","135900","135700","135200","135100","135000","134900","13","262","1597","818","496","516","190","200","4","40","6","13","185","71","501","68","42","200","75","79","4136","1240","0","0","0","0","0","-134800","5","-100.00","7537","4","30","0","0","","0","0","0","","",""
"080047","0003","0","137000","137100","137200","137300","137400","137500","137600","137700","137800","137900","136500","136400","136200","136000","135900","135700","135200","135100","135000","134900","12","262","1598","818","496","471","190","200","4","40","6","13","185","71","501","68","42","200","75","79","4091","1240","0","0","0","0","0","-134800","5","-100.00","7538","1","0","0","0","","0","0","0","","",""
"080047","0004","0","137000","137100","137200","137300","137400","137500","137600","137700","137800","137900","136500","136400","136200","136000","135900","135700","135200","135100","135000","134900","12","262","1598","818","496","473","190","200","4","40","6","13","185","71","501","68","42","200","75","79","4093","1240","0","0","0","0","0","-134800","5","-100.00","7538","2","0","0","0","","0","0","0","","",""
"080048","0000","0","137000","137100","137200","137300","137400","137500","137600","137700","137800","137900","136500","136400","136200","136000","135900","135700","135200","135100","135000","134900","28","262","1608","818","496","473","190","200","4","40","6","13","185","71","501","68","42","200","75","79","4119","1240","0","0","0","0","0","-134800","5","-100.00","7548","26","0","0","0","","0","0","0","","",""
"080048","0001","0","137000","137100","137200","137300","137400","137500","137600","137700","137800","137900","136500","136400","136200","136000","135900","135700","135200","135100","135000","134900","18","262","1239","818","496","473","190","200","4","40","6","13","185","71","501","68","42","200","75","79","3740","1240","0","0","0","0","0","-134800","5","-100.00","7558","-379","0","0","0","","0","0","0","","",""
"080048","0002","0","136500","137000","137100","137200","137300","137400","137500","137600","137700","137800","136400","136200","136000","135900","135700","135200","135100","135000","134900","134800","11","19","262","1239","948","496","473","190","200","4","13","185","71","501","68","42","200","75","79","375","3842","1609","0","0","0","0","0","-134800","5","-100.00","7564","101","369","0","0","","0","0","0","","",""
"080048","0003","0","136500","137000","137100","137200","137300","137400","137500","137600","137700","137800","136400","136200","136000","135900","135700","135200","135100","135000","134900","134800","8","19","267","1239","948","496","473","190","200","4","13","185","71","501","68","42","200","78","79","375","3844","1612","0","0","0","0","0","-134800","5","-100.00","7567","-3","0","0","0","","0","0","0","","",""
"080048","0004","0","136500","137000","137100","137200","137300","137400","137500","137600","137700","137800","136400","136200","136000","135900","135700","135200","135100","135000","134900","134800","8","19","267","1239","948","496","473","190","201","4","13","185","71","501","68","42","200","78","79","375","3845","1612","0","0","0","0","0","-134800","5","-100.00","7567","1","0","0","0","","0","0","0","","",""
"080049","0000","0","136900","137100","137200","137300","137400","137500","137600","137700","137800","137900","136400","136200","136000","135900","135700","135200","135100","135000","134900","134800","3","244","1244","948","496","473","190","201","4","40","13","185","71","501","68","42","200","78","79","375","3843","1612","0","0","0","0","0","-134800","5","-100.00","7627","-7","0","0","0","","0","0","0","","",""
"080049","0001","0","137100","137200","137300","137400","137500","137600","137700","137800","137900","138000","136500","136400","136200","136000","135900","135700","135200","135100","135000","134900","244","1247","948","496","473","190","201","4","40","54","10","13","185","71","501","68","42","200","78","79","3897","1247","0","0","0","0","0","-134800","5","-100.00","7627","54","-365","0","0","","0","0","0","","",""
"080049","0002","0","137100","137200","137300","137400","137500","137600","137700","137800","137900","138000","136500","136400","136200","136000","135900","135700","135200","135100","135000","134900","244","1248","948","496","473","190","201","4","40","54","10","13","185","71","501","68","42","200","78","79","3898","1247","0","0","0","0","0","-134800","5","-100.00","7627","1","0","0","0","","0","0","0","","",""
"080050","0000","0","137100","137200","137300","137400","137500","137600","137700","137800","137900","138000","136500","136400","136200","136000","135900","135700","135200","135100","135000","134900","299","1248","948","496","473","190","201","4","40","54","10","13","185","71","300","68","42","200","78","79","3953","1046","0","0","0","0","0","-134800","5","-100.00","7627","0","-201","0","0","","0","0","0","","",""
"080050","0001","0","137000","137100","137200","137300","137400","137500","137600","137700","137800","137900","136500","136400","136200","136000","135900","135700","135200","135100","135000","134900","3","299","1248","948","496","473","190","201","4","40","10","13","185","71","300","68","42","200","78","79","3902","1046","0","0","0","0","0","-134800","5","-100.00","7627","-51","0","0","0","","0","0","0","","",""
"080050","0002","0","137000","137100","137200","137300","137400","137500","137600","137700","137800","137900","136500","136400","136200","136000","135900","135700","135200","135100","135000","134900","3","299","1298","948","496","473","190","201","4","40","10","13","185","71","300","68","42","200","78","79","3952","1046","0","0","0","0","0","-134800","5","-100.00","7627","50","0","0","0","","0","0","0","","",""
"080050","0003","0","137000","137100","137200","137300","137400","137500","137600","137700","137800","137900","136500","136400","136200","136000","135900","135700","135200","135100","135000","134900","3","299","1298","948","496","473","190","201","4","40","10","13","185","71","300","68","42","200","78","79","3952","1046","0","0","0","0","0","-134800","5","-100.00","7627","0","0","0","0","","0","0","0","","",""
"080050","0004","0","137000","137100","137200","137300","137400","137500","137600","137700","137800","137900","136500","136400","136200","136000","135900","135700","135200","135100","135000","134900","3","465","1298","948","496","473","190","201","4","40","10","13","185","71","300","68","42","200","78","79","4118","1046","0","0","0","0","0","-134800","5","-100.00","7627","166","0","0","0","","0","0","0","","",""
"080051","0000","0","137000","137100","137200","137300","137400","137500","137600","137700","137800","137900","136500","136400","136200","136000","135900","135700","135200","135100","135000","134900","18","419","1298","948","496","473","190","201","4","40","10","13","185","71","300","68","42","200","78","79","4087","1046","0","0","0","0","0","-134800","5","-100.00","7677","5","0","0","0","","0","0","0","","",""
"080051","0001","0","137100","137200","137300","137400","137500","137600","137700","137800","137900","138000","136500","136400","136200","136000","135900","135700","135200","135100","135000","134900","395","1298","948","496","473","190","201","4","40","64","10","13","185","71","300","68","42","200","78","79","4109","1046","0","0","0","0","0","-134800","5","-100.00","7719","22","0","0","0","","0","0","0","","",""
"080051","0002","0","136700","137100","137200","137300","137400","137500","137600","137700","137800","137900","136500","136400","136200","136000","135900","135700","135200","135100","135000","134900","1","401","1298","948","496","473","190","201","4","41","10","163","185","71","300","68","42","200","78","79","4053","1196","0","0","0","0","0","-134800","5","-100.00","7719","2","150","0","0","","0","0","0","","",""
"080051","0003","0","137100","137200","137300","137400","137500","137600","137700","137800","137900","138000","136700","136500","136400","136200","136000","135900","135700","135200","135100","135000","401","1358","948","496","473","190","201","4","41","64","9","10","163","185","71","300","69","42","200","78","4176","1127","0","0","0","0","0","-134800","5","-100.00","7720","123","-70","0","0","","0","0","0","","",""
"080051","0004","0","137100","137200","137300","137400","137500","137600","137700","137800","137900","138000","136700","136500","136400","136200","136000","135900","135700","135200","135100","135000","351","1358","948","496","473","190","201","4","41","64","9","10","163","185","71","300","69","42","200","78","4126","1127","0","0","0","0","0","-134800","5","-100.00","7770","-50","0","0","0","","0","0","0","","",""
"080052","0000","0","137100","137200","137300","137400","137500","137600","137700","137800","137900","138000","136700","136600","136500","136400","136200","136000","135900","135700","135200","135100","381","1358","948","496","473","190","201","4","41","64","24","10","10","163","185","71","300","69","42","200","4156","1074","0","0","0","0","0","-134800","5","-100.00","7770","30","0","0","0","","0","0","0","","",""
"080052","0001","0","137000","137100","137200","137300","137400","137500","137600","137700","137800","137900","136700","136600","136500","136400","136200","136000","135900","135700","135200","135100","10","381","1358","948","496","473","190","201","4","41","24","10","10","163","185","71","300","69","42","200","4102","1074","0","0","0","0","0","-134800","5","-100.00","7770","-54","0","0","0","","0","0","0","","",""
"080052","0002","0","137000","137100","137200","137300","137400","137500","137600","137700","137800","137900","136700","136600","136500","136400","136200","136000","135900","135700","135200","135100","80","381","1358","948","496","473","190","201","4","41","24","10","10","163","185","71","300","69","42","200","4172","1074","0","0","0","0","0","-134800","5","-100.00","7770","70","0","0","0","","0","0","0","","",""
"080052","0003","0","137000","137100","137200","137300","137400","137500","137600","137700","137800","137900","136700","136600","136500","136400","136200","136000","135900","135800","135700","135200","82","382","1358","984","496","473","190","201","4","41","24","10","13","163","186","70","300","1","69","42","4211","878","0","0","0","0","0","-134800","5","-100.00","7770","1","-199","0","0","","0","0","0","","",""
"080053","0000","0","137000","137100","137200","137300","137400","137500","137600","137700","137800","137900","136700","136600","136500","136400","136200","136000","135900","135800","135700","135200","95","387","1358","984","496","473","190","201","4","41","24","10","13","163","186","70","300","1","69","42","4229","878","0","0","0","0","0","-134800","5","-100.00","7770","13","0","0","0","","0","0","0","","",""
"080053","0001","0","137000","137100","137200","137300","137400","137500","137600","137700","137800","137900","136800","136700","136600","136500","136400","136200","136000","135900","135800","135700","95","387","1358","984","496","473","190","201","7","41","10","24","10","13","163","186","70","300","1","69","4232","846","0","0","0","0","0","-134800","5","-100.00","7770","0","-32","0","0","","0","0","0","","",""
"080053","0002","0","137000","137100","137200","137300","137400","137500","137600","137700","137800","137900","136800","136700","136600","136500","136400","136200","136000","135900","135800","135700","250","387","1358","984","496","473","190","201","7","41","10","24","10","13","163","186","70","300","1","69","4387","846","0","0","0","0","0","-134800","5","-100.00","7770","155","0","0","0","","0","0","0","","",""
"080053","0003","0","137000","137100","137200","137300","137400","137500","137600","137700","137800","137900","136800","136700","136600","136500","136400","136200","136000","135900","135800","135700","250","387","1358","984","496","473","190","201","7","41","10","24","10","14","163","186","70","300","1","69","4387","847","0","0","0","0","0","-134800","5","-100.00","7770","0","1","0","0","","0","0","0","","",""
"080054","0000","0","137000","137100","137200","137300","137400","137500","137600","137700","137800","137900","136800","136700","136600","136500","136400","136200","136000","135900","135800","135700","249","387","1358","954","496","473","190","201","7","41","10","24","10","14","163","186","70","300","1","69","4356","847","0","0","0","0","0","-134800","5","-100.00","7771","-31","0","0","0","","0","0","0","","",""
"080054","0001","0","137000","137100","137200","137300","137400","137500","137600","137700","137800","137900","136800","136700","136600","136500","136400","136200","136000","135900","135800","135700","249","388","1358","954","496","473","190","201","7","41","10","24","10","14","163","196","70","300","1","69","4357","857","0","0","0","0","0","-134800","5","-100.00","7771","1","10","0","0","","0","0","0","","",""
"080054","0002","0","137000","137100","137200","137300","137400","137500","137600","137700","137800","137900","136800","136700","136600","136500","136400","136200","136000","135900","135800","135700","249","424","1358","955","496","473","190","201","7","41","10","24","10","14","163","196","70","300","1","69","4394","857","0","0","0","0","0","-134800","5","-100.00","7771","1","0","0","0","","0","0","0","","",""
"080054","0003","0","137000","137100","137200","137300","137400","137500","137600","137700","137800","137900","136800","136700","136600","136500","136400","136200","136000","135900","135800","135700","249","427","1358","995","496","473","190","201","7","41","10","24","10","14","163","196","70","300","1","69","4437","857","0","0","0","0","0","-134800","5","-100.00","7771","42","0","0","0","","0","0","0","","",""
"080054","0004","0","137000","137100","137200","137300","137400","137500","137600","137700","137800","137900","136800","136700","136600","136500","136400","136200","136000","135900","135800","135700","348","427","1358","995","499","473","190","201","7","41","10","24","10","14","163","196","70","300","1","69","4539","857","0","0","0","0","0","-134800","5","-100.00","7772","102","0","0","0","","0","0","0","","",""
"080055","0000","0","137000","137100","137200","137300","137400","137500","137600","137700","137800","137900","136800","136700","136600","136500","136400","136200","136000","135900","135800","135700","352","466","1328","995","499","473","190","201","7","41","10","24","10","14","163","196","70","300","1","69","4552","857","0","0","0","0","0","-134800","5","-100.00","7772","4","0","0","0","","0","0","0","","",""
"080055","0001","0","137000","137100","137200","137300","137400","137500","137600","137700","137800","137900","136800","136700","136600","136500","136400","136200","136000","135900","135800","135700","350","466","1328","995","499","473","190","201","7","52","10","24","10","14","163","196","70","300","1","69","4561","857","0","0","0","0","0","-134800","5","-100.00","7775","11","0","0","0","","0","0","0","","",""
"080055","0002","0","136900","137000","137100","137200","137300","137400","137500","137600","137700","137800","136700","136600","136500","136400","136200","136000","135900","135800","135700","135200","13","650","470","1328","995","495","473","190","201","7","24","10","14","163","196","70","300","1","69","42","4822","889","0","0","0","0","0","-134800","5","-100.00","7785","261","32","0","0","","0","0","0","","",""
"080055","0003","0","136900","137000","137100","137200","137300","137400","137500","137600","137700","137800","136700","136600","136500","136400","136200","136000","135900","135800","135700","135200","13","651","470","1328","995","495","473","190","201","7","24","10","19","163","196","70","300","1","69","42","4823","894","0","0","0","0","0","-134800","5","-100.00","7785","0","5","0","0","","0","0","0","","",""
"080055","0004","0","136900","137000","137100","137200","137300","137400","137500","137600","137700","137800","136700","136600","136500","136400","136200","136000","135900","135800","135700","135200","12","654","548","1253","995","495","473","190","201","7","24","10","19","163","196","70","300","1","69","42","4828","894","0","0","0","0","0","-134800","5","-100.00","7786","5","0","0","0","","0","0","0","","",""
"080056","0000","0","136900","137000","137100","137200","137300","137400","137500","137600","137700","137800","136700","136600","136500","136400","136200","136000","135900","135800","135700","135200","12","704","548","1253","995","495","473","190","201","7","24","10","19","163","196","70","300","1","69","42","4878","894","0","0","0","0","0","-134800","5","-100.00","7786","50","0","0","0","","0","0","0","","",""
"080056","0001","0","136900","137000","137100","137200","137300","137400","137500","137600","137700","137800","136600","136500","136400","136200","136000","135900","135800","135700","135200","135100","2","714","548","1253","995","495","473","190","201","7","10","19","163","196","84","300","1","69","42","200","4878","1084","0","0","0","0","0","-134800","5","-100.00","7820","-10","190","0","0","","0","0","0","","",""
"080056","0002","0","136900","137000","137100","137200","137300","137400","137500","137600","137700","137800","136600","136500","136400","136200","136000","135900","135800","135700","135200","135100","2","715","548","1253","995","495","473","190","201","7","10","20","163","196","84","300","1","69","42","200","4879","1085","0","0","0","0","0","-134800","5","-100.00","7820","0","1","0","0","","0","0","0","","",""
"080056","0003","0","136900","137000","137100","137200","137300","137400","137500","137600","137700","137800","136600","136500","136400","136200","136000","135900","135800","135700","135200","135100","2","715","549","1253","995","495","473","190","201","7","10","20","163","196","84","300","1","69","42","200","4880","1085","0","0","0","0","0","-134800","5","-100.00","7820","1","0","0","0","","0","0","0","","",""
"080056","0004","0","136600","137000","137100","137200","137300","137400","137500","137600","137700","137800","136500","136400","136200","136000","135900","135800","135700","135200","135100","135000","3","698","559","1253","995","495","473","190","201","7","20","163","196","84","300","1","69","42","200","98","4874","1173","0","0","0","0","0","-134800","5","-100.00","7837","-111","88","0","0","","0","0","0","","",""
"080057","0000","0","136900","137000","137100","137200","137300","137400","137500","137600","137700","137800","136400","136200","136000","135900","135800","135700","135200","135100","135000","134900","14","691","561","1333","995","495","473","190","201","8","163","196","84","300","1","69","42","200","101","83","4961","1239","0","0","0","0","0","-134800","5","-100.00","7867","0","3","0","0","","0","0","0","","",""
"080057","0001","0","136900","137000","137100","137200","137300","137400","137500","137600","137700","137800","136400","136200","136000","135900","135800","135700","135200","135100","135000","134900","14","692","561","1291","995","495","474","190","201","8","163","196","86","300","1","69","42","200","99","83","4921","1239","0","0","0","0","0","-134800","5","-100.00","7867","-41","0","0","0","","0","0","0","","",""
"080057","0002","0","136900","137000","137100","137200","137300","137400","137500","137600","137700","137800","136400","136200","136000","135900","135800","135700","135200","135100","135000","134900","24","692","561","1291","995","495","474","190","201","8","163","196","86","300","1","69","42","200","99","83","4931","1239","0","0","0","0","0","-134800","5","-100.00","7867","10","0","0","0","","0","0","0","","",""
"080057","0003","0","136900","137000","137100","137200","137300","137400","137500","137600","137700","137800","136400","136200","136000","135900","135800","135700","135200","135100","135000","134900","17","683","561","1291","995","495","474","190","201","8","163","196","86","300","1","69","42","200","99","83","4915","1239","0","0","0","0","0","-134800","5","-100.00","7897","0","0","0","0","","0","0","0","","",""
"080058","0000","0","136900","137000","137100","137200","137300","137400","137500","137600","137700","137800","136500","136400","136200","136000","135900","135800","135700","135200","135100","135000","16","683","561","1291","995","495","474","190","201","8","2","163","196","86","300","1","69","42","200","99","4914","1158","0","0","0","0","0","-134800","5","-100.00","7898","0","-81","0","0","","0","0","0","","",""
"080058","0001","0","136900","137000","137100","137200","137300","137400","137500","137600","137700","137800","136500","136400","136200","136000","135900","135800","135700","135200","135100","135000","16","688","561","1291","995","495","474","190","201","8","2","163","196","87","300","1","69","42","200","99","4919","1159","0","0","0","0","0","-134800","5","-100.00","7898","5","1","0","0","","0","0","0","","",""
"080058","0002","0","136900","137000","137100","137200","137300","137400","137500","137600","137700","137800","136500","136400","136200","136000","135900","135800","135700","135200","135100","135000","16","688","561","1191","995","495","474","190","201","8","2","163","196","87","300","1","69","42","200","99","4819","1159","0","0","0","0","0","-134800","5","-100.00","7898","-100","0","0","0","","0","0","0","","",""
"080058","0003","0","136900","137000","137100","137200","137300","137400","137500","137600","137700","137800","136700","136500","136400","136200","136000","135900","135800","135700","135200","135100","16","688","561","1191","995","495","474","190","201","8","1","2","163","196","87","300","1","69","42","200","4819","1061","0","0","0","0","0","-134800","5","-100.00","7898","0","-98","0","0","","0","0","0","","",""
"080059","0000","0","136900","137000","137100","137200","137300","137400","137500","137600","137700","137800","136700","136600","136500","136400","136200","136000","135900","135800","135700","135200","16","688","571","1196","995","495","474","190","201","8","1","3","2","163","196","97","300","1","59","42","4834","864","0","0","0","0","0","-134800","5","-100.00","7898","10","0","0","0","","0","0","0","","",""
"080059","0001","0","136900","137000","137100","137200","137300","137400","137500","137600","137700","137800","136700","136600","136500","136400","136200","136000","135900","135800","135700","135200","16","688","572","1196","1000","495","474","190","201","8","1","3","2","163","196","97","300","1","59","42","4840","864","0","0","0","0","0","-134800","5","-100.00","7898","5","0","0","0","","0","0","0","","",""
"080059","0002","0","136900","137000","137100","137200","137300","137400","137500","137600","137700","137800","136700","136600","136500","136400","136200","136000","135900","135800","135700","135200","21","770","572","1116","1000","493","474","190","201","8","1","3","2","163","196","97","300","1","59","42","4845","864","0","0","0","0","0","-134800","5","-100.00","7898","5","0","0","0","","0","0","0","","",""
"080059","0003","0","136700","136900","137000","137100","137200","137300","137400","137500","137600","137700","136600","136500","136400","136200","136000","135900","135800","135700","135200","135100","3","11","770","572","1117","1000","493","474","190","201","3","2","163","196","97","300","1","59","42","200","4831","1063","0","0","0","0","0","-134800","5","-100.00","7909","1","0","0","0","","0","0","0","","",""
"080059","0004","0","136700","136900","137000","137100","137200","137300","137400","137500","137600","137700","136600","136500","136400","136200","136000","135900","135800","135700","135200","135100","3","166","810","572","1117","1000","493","474","190","351","3","2","163","196","97","300","1","59","42","200","5176","1063","0","0","0","0","0","-134800","5","-100.00","7909","305","0","0","0","","0","0","0","","",""
