"time","millisec","HOUR_CLS_CODE","ASKP1","ASKP2","ASKP3","ASKP4","ASKP5","ASKP6","ASKP7","ASKP8","ASKP9","ASKP10","BIDP1","BIDP2","BIDP3","BIDP4","BIDP5","BIDP6","BIDP7","BIDP8","BIDP9","BIDP10","ASKP_RSQN1","ASKP_RSQN2","ASKP_RSQN3","ASKP_RSQN4","ASKP_RSQN5","ASKP_RSQN6","ASKP_RSQN7","ASKP_RSQN8","ASKP_RSQN9","ASKP_RSQN10","BIDP_RSQN1","BIDP_RSQN2","BIDP_RSQN3","BIDP_RSQN4","BIDP_RSQN5","BIDP_RSQN6","BIDP_RSQN7","BIDP_RSQN8","BIDP_RSQN9","BIDP_RSQN10","TOTAL_ASKP_RSQN","TOTAL_BIDP_RSQN","OVTM_TOTAL_ASKP_RSQN","OVTM_TOTAL_BIDP_RSQN","ANTC_CNPR","ANTC_CNQN","ANTC_VOL","ANTC_CNTG_VRSS","ANTC_CNTG_VRSS_SIGN","ANTC_CNTG_PRDY_CTRT","ACML_VOL","TOTAL_ASKP_RSQN_ICDC","TOTAL_BIDP_RSQN_ICDC","OVTM_TOTAL_ASKP_ICDC","OVTM_TOTAL_BIDP_ICDC","STCK_DEAL_CLS_CODE","KMID_PRC","KMID_TOTAL_RSQN","KMID_CLS_CODE","NMID_PRC","NMID_TOTAL_RSQN","NMID_CLS_CODE"
"080000","0000","0","1460000","1713000","1715000","0","0","0","0","0","0","0","1009000","0","0","0","0","0","0","0","0","0","1","1","1","0","0","0","0","0","0","0","1","0","0","0","0","0","0","0","0","0","3","1","0","0","0","0","0","-1425000","5","-100.00","0","0","0","0","0","","0","0","0","","",""
"080000","0001","0","1434000","1439000","1454000","1458000","1460000","1467000","1600000","1638000","1713000","1715000","1425000","1420000","1400000","1370000","1353000","1350000","1340000","1009000","1001000","999000","5","1","5","1","2","1","44","1","1","1","1","1","1","5","1","5","5","1","180","22","62","222","0","0","0","0","0","-1425000","5","-100.00","0","59","221","0","0","","0","0","0","","",""
"080001","0000","0","1425000","1428000","1432000","1434000","1439000","1443000","1454000","1458000","1460000","1467000","1420000","1419000","1400000","1397000","1370000","1353000","1350000","1340000","1250000","1009000","19","40","1","10","1","20","5","1","2","1","1","1","5","2","5","1","5","5","10","1","100","36","0","0","0","0","0","-1425000","5","-100.00","1","38","-186","0","0","","0","0","0","","",""
"080001","0001","0","1418000","1425000","1428000","1430000","1432000","1434000","1438000","1439000","1443000","1445000","1400000","1397000","1370000","1353000","1350000","1340000","1250000","1009000","1007000","1001000","18","19","40","7","1","10","85","1","20","18","5","2","5","1","6","5","10","1","500","180","219","715","0","0","0","0","0","-1425000","5","-100.00","3","119","679","0","0","","0","0","0","","",""
"080002","0000","0","1418000","1425000","1428000","1430000","1432000","1434000","1438000","1439000","1443000","1445000","1400000","1397000","1375000","1370000","1353000","1350000","1340000","1325000","1300000","1274000","18","19","40","7","2","10","85","1","20","18","5","2","1","5","1","6","5","1","1","1","220","28","0","0","0","0","0","-1425000","5","-100.00","3","1","-687","0","0","","0","0","0","","",""
"080003","0000","0","1418000","1425000","1428000","1430000","1432000","1434000","1438000","1439000","1443000","1445000","1400000","1397000","1375000","1370000","1353000","1350000","1340000","1325000","1300000","1275000","13","19","40","9","2","10","86","3","20","18","5","2","1","5","1","6","5","1","1","5","220","32","0","0","0","0","0","-1425000","5","-100.00","8","0","4","0","0","","0","0","0","","",""
"080003","0001","0","1418000","1425000","1428000","1430000","1432000","1434000","1438000","1439000","1440000","1443000","1400000","1397000","1375000","1370000","1353000","1351000","1350000","1340000","1325000","1300000","11","19","40","9","2","10","86","3","3","20","5","2","1","5","1","2","16","5","1","1","203","39","0","0","0","0","0","-1425000","5","-100.00","10","-17","7","0","0","","0","0","0","","",""
"080004","0000","0","1418000","1425000","1428000","1430000","1432000","1434000","1438000","1439000","1440000","1443000","1405000","1400000","1397000","1375000","1370000","1353000","1351000","1350000","1340000","1325000","11","19","40","9","2","10","86","3","3","20","1","5","2","1","5","1","2","16","5","1","203","39","0","0","0","0","0","-1425000","5","-100.00","10","0","0","0","0","","0","0","0","","",""
"080004","0001","0","1418000","1425000","1428000","1430000","1432000","1434000","1438000","1439000","1440000","1443000","1405000","1400000","1397000","1375000","1370000","1353000","1351000","1350000","1340000","1325000","11","19","40","9","2","10","86","3","3","20","1","5","2","1","5","1","2","16","5","1","203","39","0","0","0","0","0","-1425000","5","-100.00","10","0","0","0","0","","0","0","0","","",""
"080004","0002","0","1418000","1425000","1428000","1430000","1432000","1434000","1438000","1439000","1440000","1443000","1405000","1400000","1397000","1382000","1375000","1370000","1353000","1351000","1350000","1340000","11","19","40","9","2","10","86","3","3","20","1","5","2","1","1","5","1","2","16","5","203","39","0","0","0","0","0","-1425000","5","-100.00","10","0","0","0","0","","0","0","0","","",""
"080005","0000","0","1418000","1425000","1428000","1430000","1432000","1434000","1438000","1439000","1440000","1443000","1405000","1400000","1397000","1382000","1375000","1370000","1353000","1351000","1350000","1340000","11","19","40","9","2","10","86","3","3","20","1","20","2","1","1","5","1","2","16","5","203","54","0","0","0","0","0","-1425000","5","-100.00","10","0","15","0","0","","0","0","0","","",""
"080006","0000","0","1418000","1425000","1428000","1430000","1432000","1434000","1438000","1439000","1440000","1443000","1405000","1400000","1397000","1382000","1375000","1370000","1353000","1351000","1350000","1340000","11","19","40","9","2","10","86","3","3","25","1","20","2","1","1","5","1","2","16","5","208","54","0","0","0","0","0","-1425000","5","-100.00","10","5","0","0","0","","0","0","0","","",""
"080006","0001","0","1418000","1425000","1428000","1430000","1432000","1434000","1438000","1439000","1440000","1443000","1405000","1400000","1397000","1382000","1375000","1370000","1353000","1351000","1350000","1340000","11","19","40","10","2","10","86","3","3","25","1","20","2","1","1","7","1","2","16","5","209","56","0","0","0","0","0","-1425000","5","-100.00","10","1","2","0","0","","0","0","0","","",""
"080007","0000","0","1418000","1425000","1428000","1430000","1432000","1434000","1438000","1439000","1440000","1443000","1405000","1400000","1397000","1382000","1375000","1370000","1353000","1351000","1350000","1340000","8","19","40","10","2","10","86","3","3","25","1","20","2","1","1","7","1","2","16","5","206","56","0","0","0","0","0","-1425000","5","-100.00","13","-3","0","0","0","","0","0","0","","",""
"080007","0001","0","1418000","1425000","1427000","1428000","1430000","1432000","1434000","1438000","1439000","1440000","1405000","1400000","1397000","1382000","1375000","1370000","1353000","1351000","1350000","1340000","6","19","1","40","10","2","10","86","3","3","1","20","2","1","1","7","1","2","16","5","180","56","0","0","0","0","0","-1425000","5","-100.00","15","-26","0","0","0","","0","0","0","","",""
"080007","0002","0","1418000","1425000","1427000","1428000","1430000","1432000","1434000","1438000","1439000","1440000","1405000","1400000","1397000","1382000","1375000","1370000","1353000","1351000","1350000","1340000","5","19","1","40","10","2","10","86","3","3","1","20","2","1","1","7","1","2","16","5","179","56","0","0","0","0","0","-1425000","5","-100.00","16","-1","0","0","0","","0","0","0","","",""
"080008","0000","0","1418000","1425000","1427000","1428000","1430000","1432000","1434000","1438000","1439000","1440000","1405000","1400000","1397000","1382000","1375000","1370000","1353000","1351000","1350000","1340000","5","19","1","40","10","2","10","86","3","3","1","21","2","1","1","7","1","2","16","5","179","57","0","0","0","0","0","-1425000","5","-100.00","16","0","1","0","0","","0","0","0","","",""
"080008","0001","0","1418000","1425000","1427000","1428000","1430000","1432000","1434000","1438000","1439000","1440000","1405000","1400000","1397000","1382000","1375000","1370000","1353000","1351000","1350000","1340000","5","19","1","41","10","2","10","86","3","3","1","21","2","1","1","7","1","2","16","5","180","57","0","0","0","0","0","-1425000","5","-100.00","16","1","0","0","0","","0","0","0","","",""
"080009","0000","0","1418000","1425000","1427000","1428000","1430000","1432000","1434000","1438000","1439000","1440000","1405000","1400000","1397000","1382000","1375000","1370000","1360000","1353000","1351000","1350000","5","19","1","41","10","2","10","86","3","3","1","21","2","1","1","7","1","1","2","16","180","53","0","0","0","0","0","-1425000","5","-100.00","16","0","-4","0","0","","0","0","0","","",""
"080010","0000","0","1418000","1425000","1427000","1428000","1430000","1431000","1432000","1434000","1438000","1439000","1405000","1400000","1397000","1383000","1382000","1375000","1370000","1368000","1360000","1353000","5","19","1","41","10","33","2","10","86","3","1","21","2","2","1","1","7","1","501","1","210","538","0","0","0","0","0","-1425000","5","-100.00","16","30","485","0","0","","0","0","0","","",""
"080011","0000","0","1418000","1425000","1427000","1428000","1430000","1431000","1432000","1434000","1437000","1438000","1405000","1400000","1397000","1383000","1382000","1375000","1370000","1368000","1360000","1353000","2","19","1","41","10","33","2","10","1","86","1","21","2","2","1","1","7","1","501","1","205","538","0","0","0","0","0","-1425000","5","-100.00","19","-5","0","0","0","","0","0","0","","",""
"080011","0001","0","1418000","1425000","1427000","1428000","1430000","1431000","1432000","1434000","1437000","1438000","1405000","1400000","1397000","1386000","1385000","1383000","1382000","1375000","1370000","1368000","2","19","1","41","10","33","2","10","1","86","1","21","2","1","1","2","1","1","7","1","205","38","0","0","0","0","0","-1425000","5","-100.00","19","0","-500","0","0","","0","0","0","","",""
"080011","0002","0","1418000","1425000","1427000","1428000","1430000","1431000","1432000","1434000","1437000","1438000","1405000","1400000","1397000","1386000","1385000","1383000","1382000","1375000","1370000","1368000","1","19","1","41","10","33","2","10","1","86","1","21","2","1","1","2","1","1","7","1","204","38","0","0","0","0","0","-1425000","5","-100.00","20","-1","0","0","0","","0","0","0","","",""
"080012","0000","0","1418000","1425000","1427000","1428000","1430000","1431000","1432000","1434000","1437000","1438000","1405000","1400000","1397000","1386000","1385000","1383000","1382000","1375000","1370000","1368000","1","19","1","41","10","33","2","10","1","86","1","21","2","1","1","2","1","1","7","1","204","38","0","0","0","0","0","-1425000","5","-100.00","20","0","0","0","0","","0","0","0","","",""
"080012","0001","0","1418000","1425000","1427000","1428000","1430000","1431000","1432000","1434000","1437000","1438000","1405000","1400000","1397000","1386000","1385000","1383000","1382000","1375000","1370000","1368000","1","19","1","41","10","33","2","11","1","86","1","21","2","1","1","2","1","1","7","1","205","38","0","0","0","0","0","-1425000","5","-100.00","20","1","0","0","0","","0","0","0","","",""
"080012","0002","0","1425000","1427000","1428000","1430000","1431000","1432000","1434000","1435000","1437000","1438000","1405000","1401000","1400000","1397000","1386000","1385000","1383000","1382000","1375000","1370000","19","1","41","10","33","2","11","27","1","86","1","2","21","2","1","1","2","1","1","7","231","39","0","0","0","0","0","-1425000","5","-100.00","21","26","1","0","0","","0","0","0","","",""
"080013","0000","0","1425000","1427000","1428000","1430000","1431000","1432000","1434000","1435000","1437000","1438000","1406000","1405000","1401000","1400000","1397000","1386000","1385000","1382000","1375000","1370000","19","1","41","10","33","2","11","27","1","86","2","1","2","21","2","1","1","1","1","7","231","39","0","0","0","0","0","-1425000","5","-100.00","21","0","0","0","0","","0","0","0","","",""
"080013","0001","0","1425000","1427000","1428000","1430000","1431000","1432000","1434000","1435000","1437000","1438000","1418000","1406000","1405000","1401000","1400000","1397000","1386000","1385000","1382000","1375000","19","1","41","10","33","2","11","27","1","86","11","2","1","2","21","2","1","1","1","1","231","43","0","0","0","0","0","-1425000","5","-100.00","21","0","4","0","0","","0","0","0","","",""
"080013","0002","0","1425000","1427000","1428000","1430000","1431000","1432000","1434000","1435000","1437000","1438000","1418000","1406000","1405000","1401000","1400000","1397000","1390000","1386000","1385000","1382000","19","1","41","10","33","2","11","27","1","86","11","2","1","2","21","2","2","1","1","1","231","44","0","0","0","0","0","-1425000","5","-100.00","21","0","1","0","0","","0","0","0","","",""
"080014","0000","0","1425000","1427000","1428000","1430000","1431000","1432000","1434000","1435000","1437000","1438000","1418000","1406000","1405000","1401000","1400000","1397000","1390000","1386000","1385000","1382000","19","1","41","10","33","2","11","27","1","86","11","4","1","2","21","2","2","1","1","1","231","46","0","0","0","0","0","-1425000","5","-100.00","21","0","2","0","0","","0","0","0","","",""
"080014","0001","0","1425000","1427000","1428000","1430000","1431000","1432000","1434000","1435000","1437000","1438000","1418000","1406000","1405000","1401000","1400000","1397000","1390000","1386000","1385000","1382000","18","1","41","10","33","2","11","27","1","86","11","4","1","2","21","2","2","1","1","1","230","46","0","0","0","0","0","-1425000","5","-100.00","22","-1","0","0","0","","0","0","0","","",""
"080015","0000","0","1425000","1427000","1428000","1430000","1431000","1432000","1434000","1435000","1437000","1438000","1418000","1406000","1405000","1401000","1400000","1397000","1394000","1390000","1386000","1385000","18","1","41","10","33","2","11","27","1","86","11","4","1","2","21","2","3","2","1","1","230","48","0","0","0","0","0","-1425000","5","-100.00","22","0","2","0","0","","0","0","0","","",""
"080015","0001","0","1425000","1427000","1428000","1430000","1431000","1432000","1434000","1435000","1437000","1438000","1418000","1406000","1405000","1401000","1400000","1397000","1394000","1390000","1386000","1385000","18","1","41","10","33","2","11","27","1","86","114","4","1","2","21","2","3","2","1","1","230","151","0","0","0","0","0","-1425000","5","-100.00","22","0","103","0","0","","0","0","0","","",""
"080015","0002","0","1425000","1427000","1428000","1430000","1431000","1432000","1434000","1435000","1437000","1438000","1418000","1406000","1405000","1401000","1400000","1397000","1394000","1390000","1386000","1385000","18","1","41","10","33","32","11","27","1","86","114","4","1","2","21","2","3","52","1","1","260","201","0","0","0","0","0","-1425000","5","-100.00","22","30","50","0","0","","0","0","0","","",""
"080016","0000","0","1425000","1427000","1428000","1430000","1431000","1432000","1434000","1435000","1437000","1438000","1418000","1406000","1405000","1401000","1400000","1397000","1394000","1390000","1386000","1385000","18","1","42","10","33","32","11","27","1","86","114","4","1","2","21","2","3","52","1","1","261","201","0","0","0","0","0","-1425000","5","-100.00","22","1","0","0","0","","0","0","0","","",""
"080017","0000","0","1425000","1427000","1428000","1430000","1431000","1432000","1434000","1435000","1437000","1438000","1418000","1406000","1405000","1401000","1400000","1397000","1394000","1390000","1386000","1385000","18","1","42","10","33","32","11","27","1","86","116","4","1","2","21","2","3","52","1","1","261","203","0","0","0","0","0","-1425000","5","-100.00","22","0","2","0","0","","0","0","0","","",""
"080017","0001","0","1425000","1427000","1428000","1430000","1431000","1432000","1434000","1435000","1437000","1438000","1418000","1417000","1406000","1405000","1401000","1400000","1397000","1394000","1390000","1386000","18","1","42","10","33","32","11","27","1","86","116","10","4","1","2","21","2","3","52","1","261","212","0","0","0","0","0","-1425000","5","-100.00","22","0","9","0","0","","0","0","0","","",""
"080017","0002","0","1425000","1427000","1428000","1430000","1431000","1432000","1434000","1435000","1437000","1438000","1418000","1417000","1406000","1405000","1401000","1400000","1397000","1394000","1390000","1386000","18","1","42","10","33","32","11","27","1","86","114","15","4","1","2","21","2","3","52","1","261","215","0","0","0","0","0","-1425000","5","-100.00","24","0","3","0","0","","0","0","0","","",""
"080017","0003","0","1425000","1427000","1428000","1430000","1431000","1432000","1434000","1435000","1437000","1438000","1418000","1417000","1406000","1405000","1401000","1400000","1397000","1394000","1390000","1386000","25","1","42","10","33","32","11","27","1","90","114","15","4","1","2","21","2","3","52","1","272","215","0","0","0","0","0","-1425000","5","-100.00","24","11","0","0","0","","0","0","0","","",""
"080018","0000","0","1425000","1427000","1428000","1430000","1431000","1432000","1434000","1435000","1437000","1438000","1418000","1417000","1406000","1405000","1401000","1400000","1397000","1394000","1390000","1386000","25","1","42","10","33","32","11","27","1","90","114","15","4","1","3","21","2","3","57","1","272","221","0","0","0","0","0","-1425000","5","-100.00","24","0","6","0","0","","0","0","0","","",""
"080018","0001","0","1425000","1427000","1428000","1430000","1431000","1432000","1434000","1435000","1437000","1438000","1418000","1417000","1406000","1405000","1401000","1400000","1397000","1394000","1390000","1386000","26","1","42","10","33","32","11","27","1","90","115","15","4","1","3","21","2","3","57","2","273","223","0","0","0","0","0","-1425000","5","-100.00","24","1","2","0","0","","0","0","0","","",""
"080019","0000","0","1425000","1426000","1427000","1428000","1430000","1431000","1432000","1434000","1435000","1437000","1424000","1418000","1417000","1406000","1405000","1401000","1400000","1397000","1394000","1390000","24","1","1","42","10","33","32","11","27","1","1","115","15","4","1","3","21","2","3","57","182","222","0","0","0","0","0","-1425000","5","-100.00","26","-91","-1","0","0","","0","0","0","","",""
"080019","0001","0","1425000","1426000","1427000","1428000","1430000","1431000","1432000","1434000","1435000","1437000","1418000","1417000","1406000","1405000","1401000","1400000","1397000","1394000","1390000","1386000","24","1","1","42","10","33","32","11","27","1","115","15","4","1","3","21","2","3","57","2","182","223","0","0","0","0","0","-1425000","5","-100.00","27","0","1","0","0","","0","0","0","","",""
"080020","0000","0","1425000","1426000","1427000","1428000","1430000","1431000","1432000","1434000","1435000","1437000","1418000","1417000","1406000","1405000","1401000","1400000","1397000","1394000","1390000","1386000","25","1","1","42","10","33","32","11","27","1","115","15","4","1","3","21","2","3","57","2","183","223","0","0","0","0","0","-1425000","5","-100.00","27","1","0","0","0","","0","0","0","","",""
"080020","0001","0","1425000","1426000","1427000","1428000","1430000","1431000","1432000","1434000","1435000","1437000","1418000","1417000","1406000","1405000","1401000","1400000","1397000","1394000","1390000","1386000","25","1","1","42","10","33","32","11","27","1","116","15","4","1","3","21","2","3","57","2","183","224","0","0","0","0","0","-1425000","5","-100.00","27","0","1","0","0","","0","0","0","","",""
"080020","0002","0","1425000","1426000","1427000","1428000","1430000","1431000","1432000","1434000","1435000","1437000","1418000","1417000","1406000","1405000","1401000","1400000","1397000","1394000","1390000","1386000","24","1","1","42","10","33","32","11","27","2","116","15","4","1","3","21","2","3","57","2","183","224","0","0","0","0","0","-1425000","5","-100.00","28","0","0","0","0","","0","0","0","","",""
"080020","0003","0","1425000","1426000","1427000","1428000","1430000","1431000","1432000","1434000","1435000","1437000","1418000","1417000","1406000","1405000","1401000","1400000","1397000","1394000","1390000","1386000","24","1","1","42","10","33","33","11","27","2","116","15","4","1","3","21","2","3","57","2","184","224","0","0","0","0","0","-1425000","5","-100.00","28","1","0","0","0","","0","0","0","","",""
"080021","0000","0","1425000","1426000","1427000","1428000","1430000","1431000","1432000","1434000","1435000","1437000","1418000","1417000","1406000","1405000","1401000","1400000","1397000","1394000","1390000","1386000","21","1","1","42","10","33","33","11","27","2","116","15","4","1","3","21","2","3","57","2","181","224","0","0","0","0","0","-1425000","5","-100.00","31","-3","0","0","0","","0","0","0","","",""
"080021","0001","0","1425000","1426000","1427000","1428000","1430000","1431000","1432000","1433000","1434000","1435000","1418000","1417000","1406000","1405000","1401000","1400000","1397000","1394000","1390000","1386000","21","1","1","42","10","33","33","3","13","27","116","15","4","1","3","21","2","3","57","2","184","224","0","0","0","0","0","-1425000","5","-100.00","31","3","0","0","0","","0","0","0","","",""
"080021","0002","0","1425000","1426000","1427000","1428000","1430000","1431000","1432000","1433000","1434000","1435000","1419000","1418000","1417000","1406000","1405000","1401000","1400000","1397000","1394000","1390000","21","1","1","42","10","33","33","3","13","27","7","116","15","4","1","3","21","2","3","59","184","231","0","0","0","0","0","-1425000","5","-100.00","31","0","7","0","0","","0","0","0","","",""
"080022","0000","0","1425000","1426000","1427000","1428000","1430000","1431000","1432000","1433000","1434000","1435000","1419000","1418000","1417000","1406000","1405000","1401000","1400000","1397000","1394000","1390000","21","1","1","42","11","33","33","3","13","27","7","116","15","4","1","3","21","2","3","59","185","231","0","0","0","0","0","-1425000","5","-100.00","31","1","0","0","0","","0","0","0","","",""
"080022","0001","0","1425000","1426000","1427000","1428000","1430000","1431000","1432000","1433000","1434000","1435000","1419000","1418000","1417000","1406000","1405000","1401000","1400000","1397000","1394000","1390000","21","1","1","42","11","33","33","3","13","27","7","126","15","4","1","3","24","2","3","59","185","244","0","0","0","0","0","-1425000","5","-100.00","31","0","13","0","0","","0","0","0","","",""
"080022","0002","0","1425000","1426000","1427000","1428000","1430000","1431000","1432000","1433000","1434000","1435000","1419000","1418000","1417000","1406000","1405000","1402000","1401000","1400000","1397000","1394000","21","1","1","42","11","33","33","3","13","27","7","126","15","2","1","2","3","24","2","3","185","185","0","0","0","0","0","-1425000","5","-100.00","31","0","-59","0","0","","0","0","0","","",""
"080023","0000","0","1425000","1426000","1427000","1428000","1430000","1431000","1432000","1433000","1434000","1435000","1419000","1418000","1417000","1406000","1405000","1402000","1401000","1400000","1397000","1394000","21","1","1","41","11","33","33","3","13","27","7","126","15","2","1","2","3","24","2","6","184","188","0","0","0","0","0","-1425000","5","-100.00","31","-1","3","0","0","","0","0","0","","",""
"080023","0001","0","1425000","1426000","1427000","1428000","1430000","1431000","1432000","1433000","1434000","1435000","1419000","1418000","1417000","1406000","1405000","1402000","1401000","1400000","1397000","1394000","26","1","1","41","11","33","33","3","13","27","7","126","15","2","1","2","3","24","2","6","189","188","0","0","0","0","0","-1425000","5","-100.00","31","5","0","0","0","","0","0","0","","",""
"080023","0002","0","1425000","1426000","1427000","1428000","1430000","1431000","1432000","1433000","1434000","1435000","1419000","1418000","1417000","1406000","1405000","1402000","1401000","1400000","1397000","1394000","26","1","1","41","11","33","33","3","13","27","7","126","15","2","1","2","3","74","2","6","189","238","0","0","0","0","0","-1425000","5","-100.00","31","0","50","0","0","","0","0","0","","",""
"080023","0003","0","1425000","1426000","1427000","1428000","1430000","1431000","1432000","1433000","1434000","1435000","1419000","1418000","1417000","1406000","1405000","1402000","1401000","1400000","1397000","1394000","26","1","2","41","11","33","33","3","13","27","7","126","15","2","1","2","3","74","2","6","190","238","0","0","0","0","0","-1425000","5","-100.00","31","1","0","0","0","","0","0","0","","",""
"080024","0000","0","1425000","1426000","1427000","1428000","1430000","1431000","1432000","1433000","1434000","1435000","1419000","1418000","1417000","1406000","1405000","1402000","1401000","1400000","1397000","1394000","27","1","2","41","11","33","33","3","13","27","7","126","15","2","1","2","3","74","2","6","191","238","0","0","0","0","0","-1425000","5","-100.00","31","1","0","0","0","","0","0","0","","",""
"080024","0001","0","1425000","1426000","1427000","1428000","1430000","1431000","1432000","1433000","1434000","1435000","1419000","1418000","1417000","1406000","1405000","1402000","1401000","1400000","1397000","1394000","27","1","7","41","11","33","33","3","13","27","7","126","15","2","1","12","3","74","2","6","196","248","0","0","0","0","0","-1425000","5","-100.00","31","5","10","0","0","","0","0","0","","",""
"080024","0002","0","1425000","1426000","1427000","1428000","1430000","1431000","1432000","1433000","1434000","1435000","1419000","1418000","1417000","1406000","1405000","1402000","1401000","1400000","1397000","1394000","27","1","7","41","11","33","33","3","13","27","7","137","15","2","1","12","3","76","2","7","196","262","0","0","0","0","0","-1425000","5","-100.00","31","0","14","0","0","","0","0","0","","",""
"080025","0000","0","1425000","1426000","1427000","1428000","1430000","1431000","1432000","1433000","1434000","1435000","1419000","1418000","1417000","1406000","1405000","1402000","1401000","1400000","1397000","1394000","27","1","7","41","11","33","33","3","13","27","12","137","15","2","1","12","3","76","2","7","196","267","0","0","0","0","0","-1425000","5","-100.00","31","0","5","0","0","","0","0","0","","",""
"080025","0001","0","1425000","1426000","1427000","1428000","1429000","1430000","1431000","1432000","1433000","1434000","1419000","1418000","1417000","1406000","1405000","1402000","1401000","1400000","1397000","1394000","27","1","7","41","1","11","33","33","3","13","12","137","15","2","1","12","3","76","2","7","170","267","0","0","0","0","0","-1425000","5","-100.00","31","-26","0","0","0","","0","0","0","","",""
"080026","0000","0","1425000","1426000","1427000","1428000","1429000","1430000","1431000","1432000","1433000","1434000","1419000","1418000","1417000","1406000","1405000","1402000","1401000","1400000","1397000","1394000","27","1","7","41","1","11","33","33","3","13","12","138","15","2","1","12","3","76","2","7","170","268","0","0","0","0","0","-1425000","5","-100.00","31","0","1","0","0","","0","0","0","","",""
"080027","0000","0","1425000","1426000","1427000","1428000","1429000","1430000","1431000","1432000","1433000","1434000","1419000","1418000","1417000","1407000","1406000","1405000","1402000","1401000","1400000","1399000","27","1","7","41","1","11","33","33","3","13","12","138","15","4","2","1","12","3","76","1","170","264","0","0","0","0","0","-1425000","5","-100.00","31","0","-4","0","0","","0","0","0","","",""
"080027","0001","0","1425000","1426000","1427000","1428000","1429000","1430000","1431000","1432000","1433000","1434000","1419000","1418000","1417000","1407000","1406000","1405000","1402000","1401000","1400000","1399000","27","1","7","41","1","11","33","33","3","13","12","139","15","4","2","1","12","3","79","1","170","268","0","0","0","0","0","-1425000","5","-100.00","31","0","4","0","0","","0","0","0","","",""
"080028","0000","0","1425000","1426000","1427000","1428000","1429000","1430000","1431000","1432000","1433000","1434000","1419000","1418000","1417000","1407000","1406000","1405000","1402000","1401000","1400000","1399000","27","1","7","41","6","11","33","33","3","13","12","139","15","4","2","1","12","3","79","1","175","268","0","0","0","0","0","-1425000","5","-100.00","31","5","0","0","0","","0","0","0","","",""
"080028","0001","0","1425000","1426000","1427000","1428000","1429000","1430000","1431000","1432000","1433000","1434000","1419000","1418000","1417000","1407000","1406000","1405000","1402000","1401000","1400000","1399000","17","1","7","41","6","11","33","33","3","13","12","139","15","4","2","1","12","3","79","1","165","268","0","0","0","0","0","-1425000","5","-100.00","41","-10","0","0","0","","0","0","0","","",""
"080029","0000","0","1425000","1426000","1427000","1428000","1429000","1430000","1431000","1432000","1433000","1434000","1419000","1418000","1417000","1407000","1406000","1405000","1402000","1401000","1400000","1399000","17","1","8","41","6","11","33","33","3","13","12","139","15","4","2","1","12","3","79","1","166","268","0","0","0","0","0","-1425000","5","-100.00","41","1","0","0","0","","0","0","0","","",""
"080029","0001","0","1425000","1426000","1427000","1428000","1429000","1430000","1431000","1432000","1433000","1434000","1419000","1418000","1417000","1411000","1407000","1406000","1405000","1402000","1401000","1400000","17","1","8","41","6","11","33","33","3","14","12","139","15","1","4","2","1","12","3","79","167","268","0","0","0","0","0","-1425000","5","-100.00","41","1","0","0","0","","0","0","0","","",""
"080029","0002","0","1424000","1425000","1426000","1427000","1428000","1429000","1430000","1431000","1432000","1433000","1419000","1418000","1417000","1411000","1407000","1406000","1405000","1402000","1401000","1400000","1","16","1","8","41","6","11","33","33","3","12","139","15","1","4","2","1","12","3","79","153","268","0","0","0","0","0","-1425000","5","-100.00","41","-14","0","0","0","","0","0","0","","",""
"080030","0000","0","1425000","1426000","1427000","1428000","1429000","1430000","1431000","1432000","1433000","1434000","1419000","1418000","1417000","1411000","1407000","1406000","1405000","1402000","1401000","1400000","16","1","8","41","6","11","33","33","3","14","13","139","15","1","4","2","1","12","3","79","166","269","0","0","0","0","0","-1425000","5","-100.00","42","13","1","0","0","","0","0","0","","",""
"080030","0001","0","1425000","1426000","1427000","1428000","1429000","1430000","1431000","1432000","1433000","1434000","1419000","1418000","1417000","1411000","1407000","1406000","1405000","1402000","1401000","1400000","16","1","8","41","6","11","33","33","3","14","33","139","15","1","4","2","1","12","3","79","166","289","0","0","0","0","0","-1425000","5","-100.00","42","0","20","0","0","","0","0","0","","",""
"080031","0000","0","1425000","1426000","1427000","1428000","1429000","1430000","1431000","1432000","1433000","1434000","1419000","1418000","1417000","1411000","1407000","1406000","1405000","1402000","1401000","1400000","19","1","8","41","6","11","33","33","3","14","33","138","15","1","4","2","1","12","3","79","169","288","0","0","0","0","0","-1425000","5","-100.00","42","3","-1","0","0","","0","0","0","","",""
"080031","0001","0","1425000","1426000","1427000","1428000","1429000","1430000","1431000","1432000","1433000","1434000","1419000","1418000","1417000","1411000","1407000","1406000","1405000","1402000","1401000","1400000","19","1","8","41","6","11","33","33","3","15","33","138","15","1","4","2","1","12","3","79","170","288","0","0","0","0","0","-1425000","5","-100.00","42","1","0","0","0","","0","0","0","","",""
"080032","0000","0","1425000","1426000","1427000","1428000","1429000","1430000","1431000","1432000","1433000","1434000","1419000","1418000","1417000","1411000","1407000","1406000","1405000","1402000","1401000","1400000","19","1","8","41","6","11","33","33","3","16","36","138","15","1","4","2","1","12","3","79","171","291","0","0","0","0","0","-1425000","5","-100.00","42","1","3","0","0","","0","0","0","","",""
"080032","0001","0","1425000","1426000","1427000","1428000","1429000","1430000","1431000","1432000","1433000","1434000","1419000","1418000","1417000","1411000","1407000","1406000","1405000","1402000","1401000","1400000","19","1","8","41","6","11","33","33","3","16","38","138","15","1","4","2","1","12","3","79","171","293","0","0","0","0","0","-1425000","5","-100.00","42","0","2","0","0","","0","0","0","","",""
"080032","0002","0","1425000","1426000","1427000","1428000","1429000","1430000","1431000","1432000","1433000","1434000","1419000","1418000","1417000","1411000","1407000","1406000","1405000","1402000","1401000","1400000","19","1","8","41","6","11","33","33","3","16","38","158","15","1","4","2","1","12","3","79","171","313","0","0","0","0","0","-1425000","5","-100.00","42","0","20","0","0","","0","0","0","","",""
"080033","0000","0","1425000","1426000","1427000","1428000","1429000","1430000","1431000","1432000","1433000","1434000","1419000","1418000","1417000","1411000","1407000","1406000","1405000","1402000","1401000","1400000","19","1","8","41","6","11","33","33","3","16","38","158","15","2","4","2","1","12","3","79","171","314","0","0","0","0","0","-1425000","5","-100.00","42","0","1","0","0","","0","0","0","","",""
"080033","0001","0","1425000","1426000","1427000","1428000","1429000","1430000","1431000","1432000","1433000","1434000","1419000","1418000","1417000","1411000","1407000","1406000","1405000","1402000","1401000","1400000","19","1","8","41","6","11","33","33","3","16","38","158","15","2","4","2","1","12","4","79","171","315","0","0","0","0","0","-1425000","5","-100.00","42","0","1","0","0","","0","0","0","","",""
"080033","0002","0","1425000","1426000","1427000","1428000","1429000","1430000","1431000","1432000","1433000","1434000","1419000","1418000","1417000","1411000","1407000","1406000","1405000","1402000","1401000","1400000","19","1","8","41","6","11","33","33","3","16","38","158","15","2","4","2","1","12","4","80","171","316","0","0","0","0","0","-1425000","5","-100.00","42","0","1","0","0","","0","0","0","","",""
"080033","0003","0","1425000","1426000","1427000","1428000","1429000","1430000","1431000","1432000","1433000","1434000","1419000","1418000","1417000","1411000","1407000","1406000","1405000","1402000","1401000","1400000","19","1","8","41","6","11","33","33","3","16","38","158","15","2","4","2","3","12","4","80","171","318","0","0","0","0","0","-1425000","5","-100.00","42","0","2","0","0","","0","0","0","","",""
"080034","0000","0","1425000","1426000","1427000","1428000","1429000","1430000","1431000","1432000","1433000","1434000","1419000","1418000","1417000","1415000","1411000","1407000","1406000","1405000","1402000","1401000","19","1","8","41","6","11","33","33","3","16","38","158","15","1","2","4","2","3","12","4","171","239","0","0","0","0","0","-1425000","5","-100.00","42","0","-79","0","0","","0","0","0","","",""
"080034","0001","0","1425000","1426000","1427000","1428000","1429000","1430000","1431000","1432000","1433000","1434000","1424000","1419000","1418000","1417000","1415000","1411000","1407000","1406000","1405000","1402000","19","1","8","41","6","11","33","33","3","16","1","38","148","15","1","12","4","2","3","12","171","236","0","0","0","0","0","-1425000","5","-100.00","42","0","-3","0","0","","0","0","0","","",""
"080035","0000","0","1425000","1426000","1427000","1428000","1429000","1430000","1431000","1432000","1433000","1434000","1424000","1420000","1419000","1418000","1417000","1415000","1411000","1407000","1406000","1405000","19","1","8","41","6","11","33","33","3","16","1","2","38","148","15","1","12","4","2","3","171","226","0","0","0","0","0","-1425000","5","-100.00","42","0","-10","0","0","","0","0","0","","",""
"080035","0001","0","1425000","1426000","1427000","1428000","1429000","1430000","1431000","1432000","1433000","1434000","1424000","1420000","1419000","1418000","1417000","1415000","1411000","1407000","1406000","1405000","44","1","8","41","6","11","33","33","3","16","1","2","38","148","15","1","12","4","2","3","196","226","0","0","0","0","0","-1425000","5","-100.00","42","25","0","0","0","","0","0","0","","",""
"080036","0000","0","1425000","1426000","1427000","1428000","1429000","1430000","1431000","1432000","1433000","1434000","1420000","1419000","1418000","1417000","1415000","1411000","1407000","1406000","1405000","1402000","44","1","9","41","6","11","33","33","3","16","2","38","148","15","1","12","4","2","3","12","197","237","0","0","0","0","0","-1425000","5","-100.00","43","1","11","0","0","","0","0","0","","",""
"080036","0001","0","1425000","1426000","1427000","1428000","1429000","1430000","1431000","1432000","1433000","1434000","1420000","1419000","1418000","1417000","1415000","1411000","1407000","1406000","1405000","1402000","44","1","9","41","6","11","33","33","3","16","2","38","148","15","1","12","4","2","3","12","197","237","0","0","0","0","0","-1425000","5","-100.00","43","0","0","0","0","","0","0","0","","",""
"080037","0000","0","1425000","1426000","1427000","1428000","1429000","1430000","1431000","1432000","1433000","1434000","1420000","1419000","1418000","1417000","1415000","1411000","1407000","1406000","1405000","1402000","44","1","9","41","6","11","33","33","3","16","2","39","147","15","1","12","4","2","3","12","197","237","0","0","0","0","0","-1425000","5","-100.00","43","0","0","0","0","","0","0","0","","",""
"080038","0000","0","1427000","1428000","1429000","1430000","1431000","1432000","1433000","1434000","1435000","1437000","1425000","1420000","1419000","1418000","1417000","1415000","1411000","1407000","1406000","1405000","9","41","6","11","33","33","3","16","32","2","56","2","39","47","15","1","12","4","2","3","186","181","0","0","0","0","0","-1425000","5","-100.00","88","-11","-56","0","0","","0","0","0","","",""
"080039","0000","0","1427000","1428000","1429000","1430000","1431000","1432000","1433000","1434000","1435000","1437000","1425000","1420000","1419000","1418000","1417000","1415000","1411000","1407000","1406000","1405000","9","41","6","11","33","33","3","16","32","2","54","2","39","47","15","1","12","4","2","3","186","179","0","0","0","0","0","-1425000","5","-100.00","90","0","-2","0","0","","0","0","0","","",""
"080039","0001","0","1427000","1428000","1429000","1430000","1431000","1432000","1433000","1434000","1435000","1437000","1425000","1420000","1419000","1418000","1417000","1415000","1411000","1407000","1406000","1405000","9","41","6","11","33","33","3","16","32","2","58","2","39","47","15","1","12","4","2","3","186","183","0","0","0","0","0","-1425000","5","-100.00","90","0","4","0","0","","0","0","0","","",""
"080039","0002","0","1427000","1428000","1429000","1430000","1431000","1432000","1433000","1434000","1435000","1437000","1425000","1420000","1419000","1418000","1417000","1415000","1411000","1407000","1406000","1405000","9","41","6","11","33","33","4","16","32","2","58","2","39","47","15","1","12","4","2","3","187","183","0","0","0","0","0","-1425000","5","-100.00","90","1","0","0","0","","0","0","0","","",""
"080040","0000","0","1427000","1428000","1429000","1430000","1431000","1432000","1433000","1434000","1435000","1437000","1425000","1420000","1419000","1418000","1417000","1415000","1411000","1407000","1406000","1405000","9","41","6","11","33","33","4","16","32","2","59","2","39","47","15","1","12","4","2","3","187","184","0","0","0","0","0","-1425000","5","-100.00","90","0","1","0","0","","0","0","0","","",""
"080040","0001","0","1427000","1428000","1429000","1430000","1431000","1432000","1433000","1434000","1435000","1437000","1425000","1420000","1419000","1418000","1417000","1415000","1411000","1407000","1406000","1405000","9","41","6","11","33","33","5","16","32","2","59","2","39","47","15","1","12","4","2","3","188","184","0","0","0","0","0","-1425000","5","-100.00","90","1","0","0","0","","0","0","0","","",""
"080041","0000","0","1427000","1428000","1429000","1430000","1431000","1432000","1433000","1434000","1435000","1437000","1425000","1420000","1419000","1418000","1417000","1415000","1411000","1407000","1406000","1405000","9","41","6","11","33","33","5","16","32","2","59","3","39","47","15","1","12","4","2","3","188","185","0","0","0","0","0","-1425000","5","-100.00","90","0","1","0","0","","0","0","0","","",""
"080041","0001","0","1428000","1429000","1430000","1431000","1432000","1433000","1434000","1435000","1437000","1438000","1427000","1425000","1420000","1419000","1418000","1417000","1415000","1411000","1407000","1406000","41","6","12","33","33","5","16","32","2","93","1","59","3","39","47","15","1","12","4","2","273","183","0","0","0","0","0","-1425000","5","-100.00","99","85","-2","0","0","","0","0","0","","",""
"080042","0000","0","1428000","1429000","1430000","1431000","1432000","1433000","1434000","1435000","1437000","1438000","1427000","1425000","1420000","1419000","1418000","1417000","1415000","1411000","1410000","1407000","41","6","12","33","33","5","16","32","2","93","1","59","5","37","47","15","1","12","5","4","273","186","0","0","0","0","0","-1425000","5","-100.00","99","0","3","0","0","","0","0","0","","",""
"080042","0001","0","1428000","1429000","1430000","1431000","1432000","1433000","1434000","1435000","1437000","1438000","1427000","1425000","1420000","1419000","1418000","1417000","1415000","1411000","1410000","1407000","44","6","12","33","33","5","16","32","2","93","1","59","5","37","47","15","1","12","5","4","276","186","0","0","0","0","0","-1425000","5","-100.00","99","3","0","0","0","","0","0","0","","",""
"080043","0000","0","1427000","1428000","1429000","1430000","1431000","1432000","1433000","1434000","1435000","1437000","1425000","1420000","1419000","1418000","1417000","1415000","1411000","1410000","1407000","1406000","10","44","6","12","33","33","5","16","33","2","59","5","37","47","15","1","12","5","4","2","194","187","0","0","0","0","0","-1425000","5","-100.00","100","-82","1","0","0","","0","0","0","","",""
"080043","0001","0","1427000","1428000","1429000","1430000","1431000","1432000","1433000","1434000","1435000","1437000","1425000","1420000","1419000","1418000","1417000","1415000","1411000","1410000","1407000","1406000","7","44","6","12","33","33","5","16","33","2","59","5","34","47","15","1","12","5","4","2","191","184","0","0","0","0","0","-1425000","5","-100.00","103","-3","-3","0","0","","0","0","0","","",""
"080043","0002","0","1427000","1428000","1429000","1430000","1431000","1432000","1433000","1434000","1435000","1437000","1425000","1424000","1420000","1419000","1418000","1417000","1415000","1411000","1410000","1407000","7","44","7","13","33","33","5","16","34","2","59","1","5","34","47","15","1","12","5","4","194","183","0","0","0","0","0","-1425000","5","-100.00","103","3","-1","0","0","","0","0","0","","",""
"080043","0003","0","1427000","1428000","1429000","1430000","1431000","1432000","1433000","1434000","1435000","1437000","1425000","1424000","1420000","1419000","1418000","1417000","1415000","1411000","1410000","1407000","6","44","7","13","33","33","5","16","34","2","59","1","5","34","47","15","1","12","5","4","193","183","0","0","0","0","0","-1425000","5","-100.00","104","-1","0","0","0","","0","0","0","","",""
"080045","0000","0","1427000","1428000","1429000","1430000","1431000","1432000","1433000","1434000","1435000","1437000","1425000","1424000","1422000","1420000","1419000","1418000","1417000","1415000","1411000","1410000","6","44","7","13","33","33","5","16","34","2","59","1","1","5","34","47","15","1","12","5","193","180","0","0","0","0","0","-1425000","5","-100.00","104","0","-3","0","0","","0","0","0","","",""
"080046","0000","0","1427000","1428000","1429000","1430000","1431000","1432000","1433000","1434000","1435000","1437000","1425000","1424000","1422000","1420000","1419000","1418000","1417000","1415000","1411000","1410000","6","44","7","13","33","33","5","16","34","2","60","2","1","5","34","47","15","1","12","5","193","182","0","0","0","0","0","-1425000","5","-100.00","104","0","2","0","0","","0","0","0","","",""
"080046","0001","0","1427000","1428000","1429000","1430000","1431000","1432000","1433000","1434000","1435000","1437000","1425000","1424000","1422000","1420000","1419000","1418000","1417000","1415000","1411000","1410000","6","44","7","13","33","33","5","16","34","2","90","2","1","5","34","47","15","1","12","5","193","212","0","0","0","0","0","-1425000","5","-100.00","104","0","30","0","0","","0","0","0","","",""
"080047","0000","0","1427000","1428000","1429000","1430000","1431000","1432000","1433000","1434000","1435000","1437000","1425000","1424000","1422000","1420000","1419000","1418000","1417000","1415000","1411000","1410000","5","44","7","13","33","33","5","16","34","2","90","2","1","5","34","47","15","1","12","5","192","212","0","0","0","0","0","-1425000","5","-100.00","105","-1","0","0","0","","0","0","0","","",""
"080047","0001","0","1427000","1428000","1429000","1430000","1431000","1432000","1433000","1434000","1435000","1437000","1425000","1424000","1422000","1420000","1419000","1418000","1417000","1415000","1411000","1410000","5","44","7","13","33","33","5","16","34","2","90","2","1","5","34","48","15","1","12","5","192","213","0","0","0","0","0","-1425000","5","-100.00","105","0","1","0","0","","0","0","0","","",""
"080048","0000","0","1427000","1428000","1429000","1430000","1431000","1432000","1433000","1434000","1435000","1437000","1425000","1424000","1422000","1420000","1419000","1418000","1417000","1415000","1412000","1411000","5","44","7","13","33","33","5","16","34","2","90","2","1","5","34","48","15","1","2","12","192","210","0","0","0","0","0","-1425000","5","-100.00","105","0","-3","0","0","","0","0","0","","",""
"080049","0000","0","1427000","1428000","1429000","1430000","1431000","1432000","1433000","1434000","1435000","1437000","1425000","1424000","1422000","1420000","1419000","1418000","1417000","1415000","1412000","1411000","7","44","7","13","33","33","5","16","34","2","90","2","1","5","34","48","15","1","2","12","194","210","0","0","0","0","0","-1425000","5","-100.00","105","2","0","0","0","","0","0","0","","",""
"080049","0001","0","1427000","1428000","1429000","1430000","1431000","1432000","1433000","1434000","1435000","1437000","1425000","1424000","1422000","1420000","1419000","1418000","1417000","1415000","1412000","1411000","7","44","7","13","33","33","5","16","34","2","90","2","1","4","34","48","15","1","2","12","194","209","0","0","0","0","0","-1425000","5","-100.00","105","0","-1","0","0","","0","0","0","","",""
"080050","0000","0","1427000","1428000","1429000","1430000","1431000","1432000","1433000","1434000","1435000","1437000","1425000","1424000","1422000","1420000","1419000","1418000","1417000","1415000","1412000","1411000","12","44","7","13","33","33","5","16","34","2","90","2","1","4","34","48","15","1","2","12","199","209","0","0","0","0","0","-1425000","5","-100.00","105","5","0","0","0","","0","0","0","","",""
"080050","0001","0","1427000","1428000","1429000","1430000","1431000","1432000","1433000","1434000","1435000","1437000","1425000","1424000","1422000","1420000","1419000","1418000","1417000","1415000","1412000","1411000","12","44","7","13","33","33","5","16","34","2","90","2","1","7","34","48","15","1","2","12","199","212","0","0","0","0","0","-1425000","5","-100.00","105","0","3","0","0","","0","0","0","","",""
"080050","0002","0","1427000","1428000","1429000","1430000","1431000","1432000","1433000","1434000","1435000","1437000","1425000","1424000","1422000","1420000","1419000","1418000","1417000","1415000","1412000","1411000","12","44","7","13","33","33","5","16","34","2","90","2","1","7","34","48","15","1","2","12","199","212","0","0","0","0","0","-1425000","5","-100.00","105","0","0","0","0","","0","0","0","","",""
"080050","0003","0","1427000","1428000","1429000","1430000","1431000","1432000","1433000","1434000","1435000","1437000","1425000","1424000","1422000","1420000","1419000","1418000","1417000","1415000","1412000","1411000","12","44","7","13","33","33","5","16","34","2","95","2","1","17","34","48","15","1","2","2","199","217","0","0","0","0","0","-1425000","5","-100.00","105","0","5","0","0","","0","0","0","","",""
"080050","0004","0","1427000","1428000","1429000","1430000","1431000","1432000","1433000","1434000","1435000","1437000","1425000","1424000","1422000","1420000","1419000","1418000","1417000","1415000","1412000","1411000","12","44","7","13","33","33","5","16","34","2","95","2","1","17","34","48","15","1","2","2","199","217","0","0","0","0","0","-1425000","5","-100.00","105","0","0","0","0","","0","0","0","","",""
"080051","0000","0","1427000","1428000","1429000","1430000","1431000","1432000","1433000","1434000","1435000","1437000","1425000","1424000","1422000","1420000","1419000","1418000","1417000","1415000","1412000","1411000","11","44","7","13","33","33","5","16","34","2","95","2","1","17","34","47","15","1","2","2","198","216","0","0","0","0","0","-1425000","5","-100.00","106","-1","-1","0","0","","0","0","0","","",""
"080051","0001","0","1427000","1428000","1429000","1430000","1431000","1432000","1433000","1434000","1435000","1437000","1425000","1424000","1422000","1420000","1419000","1418000","1417000","1415000","1412000","1411000","11","44","8","13","33","33","5","16","34","2","95","2","1","17","34","47","15","1","2","2","199","216","0","0","0","0","0","-1425000","5","-100.00","106","1","0","0","0","","0","0","0","","",""
"080051","0002","0","1427000","1428000","1429000","1430000","1431000","1432000","1433000","1434000","1435000","1437000","1425000","1424000","1422000","1420000","1419000","1418000","1417000","1415000","1412000","1411000","11","44","8","13","33","33","5","16","34","2","94","2","1","17","30","47","15","1","2","2","199","211","0","0","0","0","0","-1425000","5","-100.00","107","0","-5","0","0","","0","0","0","","",""
"080051","0003","0","1427000","1428000","1429000","1430000","1431000","1432000","1433000","1434000","1435000","1437000","1426000","1425000","1424000","1422000","1420000","1419000","1418000","1417000","1415000","1412000","11","44","8","13","33","33","5","16","35","2","2","94","2","1","15","30","47","15","1","2","200","209","0","0","0","0","0","-1425000","5","-100.00","107","1","-2","0","0","","0","0","0","","",""
"080052","0000","0","1427000","1428000","1429000","1430000","1431000","1432000","1433000","1434000","1435000","1437000","1426000","1425000","1424000","1422000","1420000","1419000","1418000","1417000","1415000","1412000","11","44","8","13","33","33","5","16","35","2","2","95","2","1","15","30","47","15","1","2","200","210","0","0","0","0","0","-1425000","5","-100.00","107","0","1","0","0","","0","0","0","","",""
"080053","0000","0","1427000","1428000","1429000","1430000","1431000","1432000","1433000","1434000","1435000","1437000","1426000","1425000","1424000","1422000","1420000","1419000","1418000","1417000","1415000","1412000","11","45","8","13","33","33","4","16","35","2","2","95","2","1","15","30","47","15","1","2","200","210","0","0","0","0","0","-1425000","5","-100.00","107","0","0","0","0","","0","0","0","","",""
"080053","0001","0","1427000","1428000","1429000","1430000","1431000","1432000","1433000","1434000","1435000","1437000","1426000","1425000","1424000","1422000","1420000","1419000","1418000","1417000","1415000","1412000","11","45","8","13","33","33","24","16","35","2","2","95","2","1","15","30","47","15","1","2","220","210","0","0","0","0","0","-1425000","5","-100.00","107","20","0","0","0","","0","0","0","","",""
"080053","0002","0","1427000","1428000","1429000","1430000","1431000","1432000","1433000","1434000","1435000","1437000","1426000","1425000","1424000","1422000","1420000","1419000","1418000","1417000","1415000","1412000","11","45","8","13","33","33","24","16","35","2","2","95","2","1","15","30","48","15","1","2","220","211","0","0","0","0","0","-1425000","5","-100.00","107","0","1","0","0","","0","0","0","","",""
"080054","0000","0","1427000","1428000","1429000","1430000","1431000","1432000","1433000","1434000","1435000","1437000","1426000","1425000","1424000","1422000","1420000","1419000","1418000","1417000","1415000","1412000","11","45","8","13","33","33","28","16","35","2","2","95","2","1","15","30","48","15","1","2","224","211","0","0","0","0","0","-1425000","5","-100.00","107","4","0","0","0","","0","0","0","","",""
"080054","0001","0","1427000","1428000","1429000","1430000","1431000","1432000","1433000","1434000","1435000","1437000","1426000","1425000","1424000","1422000","1420000","1419000","1418000","1417000","1415000","1412000","10","45","8","13","33","33","28","16","35","2","2","95","2","1","15","30","48","15","1","2","223","211","0","0","0","0","0","-1425000","5","-100.00","108","-1","0","0","0","","0","0","0","","",""
"080054","0002","0","1427000","1428000","1429000","1430000","1431000","1432000","1433000","1434000","1435000","1437000","1426000","1425000","1424000","1422000","1420000","1419000","1418000","1417000","1415000","1412000","11","45","8","13","33","33","28","16","35","2","2","95","2","1","15","30","48","15","1","2","224","211","0","0","0","0","0","-1425000","5","-100.00","108","1","0","0","0","","0","0","0","","",""
"080055","0000","0","1427000","1428000","1429000","1430000","1431000","1432000","1433000","1434000","1435000","1437000","1426000","1425000","1424000","1422000","1420000","1419000","1418000","1417000","1415000","1412000","11","45","8","14","33","33","28","16","35","2","2","95","2","1","15","30","48","15","1","2","225","211","0","0","0","0","0","-1425000","5","-100.00","108","1","0","0","0","","0","0","0","","",""
"080055","0001","0","1427000","1428000","1429000","1430000","1431000","1432000","1433000","1434000","1435000","1437000","1425000","1424000","1422000","1420000","1419000","1418000","1417000","1415000","1412000","1411000","11","45","8","14","33","33","28","16","35","2","90","3","1","15","30","48","15","1","2","2","225","207","0","0","0","0","0","-1425000","5","-100.00","115","0","-4","0","0","","0","0","0","","",""
"080056","0000","0","1427000","1428000","1429000","1430000","1431000","1432000","1433000","1434000","1435000","1437000","1425000","1424000","1422000","1420000","1419000","1418000","1417000","1415000","1412000","1411000","11","45","8","14","33","33","28","16","35","2","90","3","1","15","30","48","15","1","2","2","225","207","0","0","0","0","0","-1425000","5","-100.00","115","0","0","0","0","","0","0","0","","",""
"080056","0001","0","1427000","1428000","1429000","1430000","1431000","1432000","1433000","1434000","1435000","1437000","1425000","1424000","1422000","1420000","1419000","1418000","1417000","1415000","1412000","1411000","12","45","8","14","33","33","28","16","35","2","90","3","1","15","31","47","15","1","2","2","226","207","0","0","0","0","0","-1425000","5","-100.00","115","1","0","0","0","","0","0","0","","",""
"080056","0002","0","1427000","1428000","1429000","1430000","1431000","1432000","1433000","1434000","1435000","1437000","1425000","1424000","1422000","1420000","1419000","1418000","1417000","1415000","1412000","1411000","12","45","8","14","33","33","29","16","36","2","90","3","1","15","31","47","15","1","2","2","228","207","0","0","0","0","0","-1425000","5","-100.00","115","2","0","0","0","","0","0","0","","",""
"080057","0000","0","1427000","1428000","1429000","1430000","1431000","1432000","1433000","1434000","1435000","1437000","1425000","1424000","1422000","1420000","1419000","1418000","1417000","1415000","1412000","1411000","12","45","8","14","33","33","29","16","36","2","92","3","1","15","31","47","15","1","2","2","228","209","0","0","0","0","0","-1425000","5","-100.00","115","0","2","0","0","","0","0","0","","",""
"080058","0000","0","1427000","1428000","1429000","1430000","1431000","1432000","1433000","1434000","1435000","1437000","1425000","1424000","1422000","1420000","1419000","1418000","1417000","1415000","1412000","1411000","12","45","8","14","33","33","29","16","36","2","92","3","1","15","31","47","15","1","2","2","228","209","0","0","0","0","0","-1425000","5","-100.00","115","0","0","0","0","","0","0","0","","",""
"080058","0001","0","1427000","1428000","1429000","1430000","1431000","1432000","1433000","1434000","1435000","1437000","1425000","1424000","1422000","1420000","1419000","1418000","1417000","1415000","1412000","1411000","13","45","7","14","33","33","29","16","36","2","92","3","1","15","31","47","15","1","2","2","228","209","0","0","0","0","0","-1425000","5","-100.00","115","0","0","0","0","","0","0","0","","",""
"080058","0002","0","1427000","1428000","1429000","1430000","1431000","1432000","1433000","1434000","1435000","1437000","1425000","1424000","1422000","1420000","1419000","1418000","1417000","1415000","1412000","1411000","18","45","7","14","33","33","29","16","36","2","86","3","1","15","31","47","15","1","2","2","233","203","0","0","0","0","0","-1425000","5","-100.00","121","5","-6","0","0","","0","0","0","","",""
"080059","0000","0","1427000","1428000","1429000","1430000","1431000","1432000","1433000","1434000","1435000","1437000","1425000","1424000","1422000","1420000","1419000","1418000","1417000","1415000","1412000","1411000","20","45","7","14","33","33","29","16","36","2","86","3","1","15","31","47","15","1","2","2","235","203","0","0","0","0","0","-1425000","5","-100.00","121","2","0","0","0","","0","0","0","","",""
"080059","0001","0","1427000","1428000","1429000","1430000","1431000","1432000","1433000","1434000","1435000","1437000","1425000","1424000","1422000","1420000","1419000","1418000","1417000","1415000","1412000","1411000","20","45","7","14","33","33","29","16","36","3","86","3","1","15","31","47","15","1","2","2","236","203","0","0","0","0","0","-1425000","5","-100.00","121","1","0","0","0","","0","0","0","","",""
"080100","0000","0","1427000","1428000","1429000","1430000","1431000","1432000","1433000","1434000","1435000","1437000","1425000","1424000","1422000","1420000","1419000","1418000","1417000","1415000","1412000","1411000","20","45","7","14","33","33","29","16","36","3","87","3","2","15","31","47","15","1","2","2","236","205","0","0","0","0","0","-1425000","5","-100.00","121","0","2","0","0","","0","0","0","","",""
"080100","0001","0","1427000","1428000","1429000","1430000","1431000","1432000","1433000","1434000","1435000","1437000","1425000","1424000","1422000","1420000","1419000","1418000","1417000","1415000","1412000","1411000","20","45","7","14","33","33","29","16","36","3","87","3","2","15","31","47","15","1","3","2","236","206","0","0","0","0","0","-1425000","5","-100.00","121","0","1","0","0","","0","0","0","","",""
"080101","0000","0","1427000","1428000","1429000","1430000","1431000","1432000","1433000","1434000","1435000","1437000","1425000","1424000","1422000","1420000","1419000","1418000","1417000","1415000","1412000","1411000","15","45","7","14","33","33","29","16","37","3","82","3","2","15","31","47","15","1","3","2","232","201","0","0","0","0","0","-1425000","5","-100.00","126","-5","-5","0","0","","0","0","0","","",""
"080101","0001","0","1427000","1428000","1429000","1430000","1431000","1432000","1433000","1434000","1435000","1437000","1425000","1424000","1422000","1420000","1419000","1418000","1417000","1415000","1412000","1411000","15","45","7","14","33","33","29","16","37","3","83","3","2","15","31","47","15","1","3","2","232","202","0","0","0","0","0","-1425000","5","-100.00","126","0","1","0","0","","0","0","0","","",""
"080101","0002","0","1427000","1428000","1429000","1430000","1431000","1432000","1433000","1434000","1435000","1437000","1425000","1424000","1422000","1420000","1419000","1418000","1417000","1415000","1412000","1411000","16","45","7","14","33","33","29","16","37","3","84","3","2","15","31","47","15","1","3","2","233","203","0","0","0","0","0","-1425000","5","-100.00","126","1","1","0","0","","0","0","0","","",""
"080102","0000","0","1427000","1428000","1429000","1430000","1431000","1432000","1433000","1434000","1435000","1437000","1425000","1424000","1422000","1420000","1419000","1418000","1417000","1415000","1412000","1411000","16","45","7","14","33","33","29","16","37","3","85","3","2","15","31","47","15","1","3","2","233","204","0","0","0","0","0","-1425000","5","-100.00","126","0","1","0","0","","0","0","0","","",""
"080102","0001","0","1427000","1428000","1429000","1430000","1431000","1432000","1433000","1434000","1435000","1437000","1425000","1424000","1422000","1420000","1419000","1418000","1417000","1415000","1412000","1411000","17","45","7","14","33","33","29","16","38","3","85","3","2","15","31","47","15","1","3","2","235","204","0","0","0","0","0","-1425000","5","-100.00","126","2","0","0","0","","0","0","0","","",""
"080102","0002","0","1427000","1428000","1429000","1430000","1431000","1432000","1433000","1434000","1435000","1437000","1425000","1424000","1422000","1420000","1419000","1418000","1417000","1415000","1412000","1411000","27","45","7","15","33","33","29","16","38","3","85","3","2","15","31","47","15","1","3","2","246","204","0","0","0","0","0","-1425000","5","-100.00","126","11","0","0","0","","0","0","0","","",""
"080103","0000","0","1427000","1428000","1429000","1430000","1431000","1432000","1433000","1434000","1435000","1437000","1425000","1424000","1422000","1420000","1419000","1418000","1417000","1415000","1412000","1411000","27","45","7","15","33","33","29","16","38","3","86","3","2","15","31","47","15","1","3","2","246","205","0","0","0","0","0","-1425000","5","-100.00","126","0","1","0","0","","0","0","0","","",""
"080103","0001","0","1427000","1428000","1429000","1430000","1431000","1432000","1433000","1434000","1435000","1437000","1425000","1424000","1422000","1420000","1419000","1418000","1417000","1415000","1412000","1411000","27","45","7","15","33","33","29","16","38","3","87","3","2","15","31","47","15","1","3","2","246","206","0","0","0","0","0","-1425000","5","-100.00","126","0","1","0","0","","0","0","0","","",""
"080104","0000","0","1427000","1428000","1429000","1430000","1431000","1432000","1433000","1434000","1435000","1437000","1425000","1424000","1422000","1420000","1419000","1418000","1417000","1415000","1412000","1411000","27","45","7","15","33","33","29","16","38","3","83","3","2","15","31","47","15","1","3","2","246","202","0","0","0","0","0","-1425000","5","-100.00","126","0","-4","0","0","","0","0","0","","",""
"080104","0001","0","1427000","1428000","1429000","1430000","1431000","1432000","1433000","1434000","1435000","1437000","1425000","1424000","1422000","1420000","1419000","1418000","1417000","1415000","1412000","1411000","26","45","7","15","33","33","29","16","38","3","83","3","2","15","31","47","15","1","3","2","245","202","0","0","0","0","0","-1425000","5","-100.00","126","-1","0","0","0","","0","0","0","","",""
"080105","0000","0","1427000","1428000","1429000","1430000","1431000","1432000","1433000","1434000","1435000","1437000","1425000","1424000","1422000","1420000","1419000","1418000","1417000","1415000","1412000","1411000","26","45","8","15","33","33","29","16","38","3","84","3","2","15","31","47","15","1","3","2","246","203","0","0","0","0","0","-1425000","5","-100.00","126","1","1","0","0","","0","0","0","","",""
"080105","0001","0","1427000","1428000","1429000","1430000","1431000","1432000","1433000","1434000","1435000","1437000","1425000","1424000","1422000","1420000","1419000","1418000","1417000","1415000","1412000","1411000","26","45","8","15","33","33","29","16","38","3","86","3","2","15","31","47","15","1","3","2","246","205","0","0","0","0","0","-1425000","5","-100.00","126","0","2","0","0","","0","0","0","","",""
"080339","0000","0","1426000","1427000","1428000","1429000","1430000","1431000","1432000","1433000","1434000","1435000","1425000","1424000","1423000","1422000","1421000","1420000","1419000","1418000","1417000","1416000","99","84","16","67","141","31","24","57","128","180","97","24","1","5","10","43","47","22","16","12","827","277","0","0","0","0","0","-1425000","5","-100.00","750","0","1","0","0","","0","0","0","","",""
"080339","0001","0","1426000","1427000","1428000","1429000","1430000","1431000","1432000","1433000","1434000","1435000","1425000","1424000","1423000","1422000","1421000","1420000","1419000","1418000","1417000","1416000","99","84","16","67","141","31","24","57","128","181","97","24","1","5","10","43","47","22","16","12","828","277","0","0","0","0","0","-1425000","5","-100.00","750","1","0","0","0","","0","0","0","","",""
"080340","0000","0","1426000","1427000","1428000","1429000","1430000","1431000","1432000","1433000","1434000","1435000","1425000","1424000","1423000","1422000","1421000","1420000","1419000","1418000","1417000","1416000","99","86","16","67","141","31","24","57","128","181","98","24","1","5","10","43","47","22","16","12","830","278","0","0","0","0","0","-1425000","5","-100.00","750","2","1","0","0","","0","0","0","","",""
"080340","0001","0","1426000","1427000","1428000","1429000","1430000","1431000","1432000","1433000","1434000","1435000","1425000","1424000","1423000","1422000","1421000","1420000","1419000","1418000","1417000","1416000","99","85","16","67","141","31","24","57","128","181","97","24","1","5","10","43","47","22","16","12","829","277","0","0","0","0","0","-1425000","5","-100.00","751","-1","-1","0","0","","0","0","0","","",""
"080341","0000","0","1426000","1427000","1428000","1429000","1430000","1431000","1432000","1433000","1434000","1435000","1425000","1424000","1423000","1422000","1421000","1420000","1419000","1418000","1417000","1416000","101","85","16","67","141","31","24","57","128","181","99","24","1","5","10","43","47","22","16","12","831","279","0","0","0","0","0","-1425000","5","-100.00","751","2","1","0","0","","0","0","0","","",""
"080342","0000","0","1426000","1427000","1428000","1429000","1430000","1431000","1432000","1433000","1434000","1435000","1425000","1424000","1423000","1422000","1421000","1420000","1419000","1418000","1417000","1416000","101","85","16","67","141","31","24","57","133","181","99","24","1","5","10","43","47","22","16","12","836","279","0","0","0","0","0","-1425000","5","-100.00","751","5","0","0","0","","0","0","0","","",""
"080342","0001","0","1426000","1427000","1428000","1429000","1430000","1431000","1432000","1433000","1434000","1435000","1425000","1424000","1423000","1422000","1421000","1420000","1419000","1418000","1417000","1416000","101","85","16","67","141","31","24","57","133","181","98","24","1","5","10","43","47","22","16","12","836","278","0","0","0","0","0","-1425000","5","-100.00","752","0","-1","0","0","","0","0","0","","",""
"080342","0002","0","1426000","1427000","1428000","1429000","1430000","1431000","1432000","1433000","1434000","1435000","1425000","1424000","1423000","1422000","1421000","1420000","1419000","1418000","1417000","1416000","101","85","16","67","141","31","24","57","133","181","119","24","1","5","10","43","47","22","16","12","836","299","0","0","0","0","0","-1425000","5","-100.00","752","0","21","0","0","","0","0","0","","",""
"080343","0000","0","1426000","1427000","1428000","1429000","1430000","1431000","1432000","1433000","1434000","1435000","1425000","1424000","1423000","1422000","1421000","1420000","1419000","1418000","1417000","1416000","101","85","16","67","141","31","24","57","133","181","129","24","1","5","10","43","47","22","16","12","836","309","0","0","0","0","0","-1425000","5","-100.00","752","0","10","0","0","","0","0","0","","",""
"080343","0001","0","1426000","1427000","1428000","1429000","1430000","1431000","1432000","1433000","1434000","1435000","1425000","1424000","1423000","1422000","1421000","1420000","1419000","1418000","1417000","1416000","100","85","16","67","141","31","24","57","133","181","126","24","1","5","10","43","47","22","16","12","835","306","0","0","0","0","0","-1425000","5","-100.00","755","-1","-3","0","0","","0","0","0","","",""
"080344","0000","0","1426000","1427000","1428000","1429000","1430000","1431000","1432000","1433000","1434000","1435000","1425000","1424000","1423000","1422000","1421000","1420000","1419000","1418000","1417000","1416000","127","85","16","67","141","31","24","57","133","181","126","24","1","5","10","43","47","22","16","12","862","306","0","0","0","0","0","-1425000","5","-100.00","755","27","0","0","0","","0","0","0","","",""
"080344","0001","0","1426000","1427000","1428000","1429000","1430000","1431000","1432000","1433000","1434000","1435000","1425000","1424000","1423000","1422000","1421000","1420000","1419000","1418000","1417000","1416000","127","85","16","67","141","31","24","57","133","181","127","24","1","5","10","43","47","22","16","12","862","307","0","0","0","0","0","-1425000","5","-100.00","755","0","1","0","0","","0","0","0","","",""
"080344","0002","0","1426000","1427000","1428000","1429000","1430000","1431000","1432000","1433000","1434000","1435000","1425000","1424000","1423000","1422000","1421000","1420000","1419000","1418000","1417000","1416000","127","85","16","67","141","31","24","57","133","181","126","24","1","5","10","43","47","22","16","12","862","306","0","0","0","0","0","-1425000","5","-100.00","756","0","-1","0","0","","0","0","0","","",""
"080345","0000","0","1426000","1427000","1428000","1429000","1430000","1431000","1432000","1433000","1434000","1435000","1425000","1424000","1423000","1422000","1421000","1420000","1419000","1418000","1417000","1416000","127","85","16","67","141","31","24","57","133","181","126","24","1","5","10","43","47","22","16","12","862","306","0","0","0","0","0","-1425000","5","-100.00","758","0","0","0","0","","0","0","0","","",""
"080345","0001","0","1426000","1427000","1428000","1429000","1430000","1431000","1432000","1433000","1434000","1435000","1425000","1424000","1423000","1422000","1421000","1420000","1419000","1418000","1417000","1416000","128","85","16","67","141","31","24","57","133","181","144","24","1","5","10","43","47","22","16","12","863","324","0","0","0","0","0","-1425000","5","-100.00","761","1","18","0","0","","0","0","0","","",""
"080345","0002","0","1426000","1427000","1428000","1429000","1430000","1431000","1432000","1433000","1434000","1435000","1425000","1424000","1423000","1422000","1421000","1420000","1419000","1418000","1417000","1416000","128","87","16","67","141","31","24","57","133","181","144","24","1","5","10","43","47","22","16","12","865","324","0","0","0","0","0","-1425000","5","-100.00","761","2","0","0","0","","0","0","0","","",""
"080346","0000","0","1426000","1427000","1428000","1429000","1430000","1431000","1432000","1433000","1434000","1435000","1425000","1424000","1423000","1422000","1421000","1420000","1419000","1418000","1417000","1416000","138","87","16","67","141","31","24","57","133","181","144","24","1","5","10","43","47","22","16","12","875","324","0","0","0","0","0","-1425000","5","-100.00","761","10","0","0","0","","0","0","0","","",""
"080346","0001","0","1426000","1427000","1428000","1429000","1430000","1431000","1432000","1433000","1434000","1435000","1425000","1424000","1423000","1422000","1421000","1420000","1419000","1418000","1417000","1416000","138","87","16","67","141","31","24","57","133","181","145","26","1","5","10","43","47","22","16","12","875","327","0","0","0","0","0","-1425000","5","-100.00","761","0","2","0","0","","0","0","0","","",""
"080347","0000","0","1426000","1427000","1428000","1429000","1430000","1431000","1432000","1433000","1434000","1435000","1425000","1424000","1423000","1422000","1421000","1420000","1419000","1418000","1417000","1416000","138","88","16","67","141","31","24","57","133","181","146","26","1","5","10","43","47","22","16","12","876","328","0","0","0","0","0","-1425000","5","-100.00","761","1","1","0","0","","0","0","0","","",""
"080347","0001","0","1426000","1427000","1428000","1429000","1430000","1431000","1432000","1433000","1434000","1435000","1425000","1424000","1423000","1422000","1421000","1420000","1419000","1418000","1417000","1416000","137","89","16","67","141","26","24","57","133","181","140","26","1","5","10","43","47","22","16","12","871","322","0","0","0","0","0","-1425000","5","-100.00","768","-5","-6","0","0","","0","0","0","","",""
"080347","0002","0","1426000","1427000","1428000","1429000","1430000","1431000","1432000","1433000","1434000","1435000","1425000","1424000","1423000","1422000","1421000","1420000","1419000","1418000","1417000","1416000","137","89","16","67","142","26","24","57","133","181","140","26","1","5","10","43","47","22","16","12","872","322","0","0","0","0","0","-1425000","5","-100.00","768","1","0","0","0","","0","0","0","","",""
"080348","0000","0","1426000","1427000","1428000","1429000","1430000","1431000","1432000","1433000","1434000","1435000","1425000","1424000","1423000","1422000","1421000","1420000","1419000","1418000","1417000","1416000","137","91","16","67","142","26","24","57","133","181","140","26","1","5","10","43","47","22","16","14","874","324","0","0","0","0","0","-1425000","5","-100.00","768","2","0","0","0","","0","0","0","","",""
"080348","0001","0","1426000","1427000","1428000","1429000","1430000","1431000","1432000","1433000","1434000","1435000","1425000","1424000","1423000","1422000","1421000","1420000","1419000","1418000","1417000","1416000","137","91","16","67","142","26","24","57","133","181","140","26","1","5","10","43","47","24","16","14","874","326","0","0","0","0","0","-1425000","5","-100.00","768","0","2","0","0","","0","0","0","","",""
"080349","0000","0","1426000","1427000","1428000","1429000","1430000","1431000","1432000","1433000","1434000","1435000","1425000","1424000","1423000","1422000","1421000","1420000","1419000","1418000","1417000","1416000","140","91","16","67","142","26","24","57","133","181","140","26","2","5","10","43","47","24","16","14","877","327","0","0","0","0","0","-1425000","5","-100.00","768","0","1","0","0","","0","0","0","","",""
"080349","0001","0","1426000","1427000","1428000","1429000","1430000","1431000","1432000","1433000","1434000","1435000","1425000","1424000","1423000","1422000","1421000","1420000","1419000","1418000","1417000","1416000","140","91","16","67","142","26","24","57","133","181","139","26","2","5","10","43","47","24","16","14","877","326","0","0","0","0","0","-1425000","5","-100.00","769","0","-1","0","0","","0","0","0","","",""
"080350","0000","0","1426000","1427000","1428000","1429000","1430000","1431000","1432000","1433000","1434000","1435000","1425000","1424000","1423000","1422000","1421000","1420000","1419000","1418000","1417000","1416000","140","91","16","67","142","26","24","57","133","181","139","26","2","5","47","43","47","24","16","14","877","363","0","0","0","0","0","-1425000","5","-100.00","769","0","37","0","0","","0","0","0","","",""
"080350","0001","0","1426000","1427000","1428000","1429000","1430000","1431000","1432000","1433000","1434000","1435000","1425000","1424000","1423000","1422000","1421000","1420000","1419000","1418000","1417000","1416000","140","91","17","67","142","26","24","57","133","181","139","26","2","5","47","43","47","24","16","14","878","363","0","0","0","0","0","-1425000","5","-100.00","769","1","0","0","0","","0","0","0","","",""
"080350","0002","0","1426000","1427000","1428000","1429000","1430000","1431000","1432000","1433000","1434000","1435000","1425000","1424000","1423000","1422000","1421000","1420000","1419000","1418000","1417000","1416000","140","91","17","67","142","26","24","57","133","181","139","26","2","5","47","41","47","24","16","14","878","361","0","0","0","0","0","-1425000","5","-100.00","769","0","-2","0","0","","0","0","0","","",""
"080351","0000","0","1426000","1427000","1428000","1429000","1430000","1431000","1432000","1433000","1434000","1435000","1425000","1424000","1423000","1422000","1421000","1420000","1419000","1418000","1417000","1416000","140","91","17","67","142","26","24","57","133","181","139","26","2","5","47","42","47","24","16","14","878","362","0","0","0","0","0","-1425000","5","-100.00","769","0","1","0","0","","0","0","0","","",""
"080351","0001","0","1426000","1427000","1428000","1429000","1430000","1431000","1432000","1433000","1434000","1435000","1425000","1424000","1423000","1422000","1421000","1420000","1419000","1418000","1417000","1416000","140","92","19","67","142","26","24","57","133","181","139","26","2","5","47","42","47","24","16","14","881","362","0","0","0","0","0","-1425000","5","-100.00","769","3","0","0","0","","0","0","0","","",""
"080352","0000","0","1426000","1427000","1428000","1429000","1430000","1431000","1432000","1433000","1434000","1435000","1425000","1424000","1423000","1422000","1421000","1420000","1419000","1418000","1417000","1416000","140","96","19","67","142","26","24","57","133","181","139","26","2","5","47","42","47","24","16","14","885","362","0","0","0","0","0","-1425000","5","-100.00","769","4","0","0","0","","0","0","0","","",""
"080353","0000","0","1426000","1427000","1428000","1429000","1430000","1431000","1432000","1433000","1434000","1435000","1425000","1424000","1423000","1422000","1421000","1420000","1419000","1418000","1417000","1416000","140","96","19","67","142","26","24","57","133","181","140","26","2","5","47","42","47","24","16","14","885","363","0","0","0","0","0","-1425000","5","-100.00","769","0","1","0","0","","0","0","0","","",""
"080353","0001","0","1426000","1427000","1428000","1429000","1430000","1431000","1432000","1433000","1434000","1435000","1425000","1424000","1423000","1422000","1421000","1420000","1419000","1418000","1417000","1416000","140","96","19","67","142","26","24","57","133","181","140","26","2","5","47","42","47","24","16","14","885","363","0","0","0","0","0","-1425000","5","-100.00","772","0","0","0","0","","0","0","0","","",""
"080353","0002","0","1426000","1427000","1428000","1429000","1430000","1431000","1432000","1433000","1434000","1435000","1425000","1424000","1423000","1422000","1421000","1420000","1419000","1418000","1417000","1416000","139","96","19","68","142","26","24","57","133","181","140","26","2","5","47","42","47","24","16","14","885","363","0","0","0","0","0","-1425000","5","-100.00","772","0","0","0","0","","0","0","0","","",""
"080353","0003","0","1426000","1427000","1428000","1429000","1430000","1431000","1432000","1433000","1434000","1435000","1425000","1424000","1423000","1422000","1421000","1420000","1419000","1418000","1417000","1416000","129","96","19","68","142","26","24","57","133","181","132","26","2","5","47","42","47","24","16","14","875","355","0","0","0","0","0","-1425000","5","-100.00","782","-10","-8","0","0","","0","0","0","","",""
"080354","0000","0","1426000","1427000","1428000","1429000","1430000","1431000","1432000","1433000","1434000","1435000","1425000","1424000","1423000","1422000","1421000","1420000","1419000","1418000","1417000","1416000","129","103","19","61","142","26","24","57","133","181","132","26","2","5","47","42","47","24","16","14","875","355","0","0","0","0","0","-1425000","5","-100.00","782","0","0","0","0","","0","0","0","","",""
"080354","0001","0","1426000","1427000","1428000","1429000","1430000","1431000","1432000","1433000","1434000","1435000","1425000","1424000","1423000","1422000","1421000","1420000","1419000","1418000","1417000","1416000","129","104","19","61","142","26","24","57","133","181","132","26","2","5","47","42","47","24","16","14","876","355","0","0","0","0","0","-1425000","5","-100.00","782","1","0","0","0","","0","0","0","","",""
"080354","0002","0","1426000","1427000","1428000","1429000","1430000","1431000","1432000","1433000","1434000","1435000","1425000","1424000","1423000","1422000","1421000","1420000","1419000","1418000","1417000","1416000","129","104","19","61","142","26","24","57","133","181","133","26","2","5","47","42","47","24","16","14","876","356","0","0","0","0","0","-1425000","5","-100.00","782","0","1","0","0","","0","0","0","","",""
"080355","0000","0","1426000","1427000","1428000","1429000","1430000","1431000","1432000","1433000","1434000","1435000","1425000","1424000","1423000","1422000","1421000","1420000","1419000","1418000","1417000","1416000","129","104","19","63","142","26","24","57","133","181","133","26","2","5","47","42","47","24","16","14","878","356","0","0","0","0","0","-1425000","5","-100.00","782","2","0","0","0","","0","0","0","","",""
"080356","0000","0","1426000","1427000","1428000","1429000","1430000","1431000","1432000","1433000","1434000","1435000","1425000","1424000","1423000","1422000","1421000","1420000","1419000","1418000","1417000","1416000","126","104","19","63","142","26","24","57","133","181","133","26","2","5","47","42","47","24","16","14","875","356","0","0","0","0","0","-1425000","5","-100.00","785","-3","0","0","0","","0","0","0","","",""
"080357","0000","0","1426000","1427000","1428000","1429000","1430000","1431000","1432000","1433000","1434000","1435000","1425000","1424000","1423000","1422000","1421000","1420000","1419000","1418000","1417000","1416000","126","104","19","63","142","26","24","57","133","181","132","26","2","5","47","42","47","24","16","14","875","355","0","0","0","0","0","-1425000","5","-100.00","785","0","-1","0","0","","0","0","0","","",""
"080358","0000","0","1426000","1427000","1428000","1429000","1430000","1431000","1432000","1433000","1434000","1435000","1425000","1424000","1423000","1422000","1421000","1420000","1419000","1418000","1417000","1416000","126","104","19","63","142","26","24","57","133","181","133","26","2","5","47","42","47","24","16","14","875","356","0","0","0","0","0","-1425000","5","-100.00","785","0","1","0","0","","0","0","0","","",""
"080358","0001","0","1426000","1427000","1428000","1429000","1430000","1431000","1432000","1433000","1434000","1435000","1425000","1424000","1423000","1422000","1421000","1420000","1419000","1418000","1417000","1416000","126","104","19","63","143","26","24","57","133","181","133","26","2","5","47","42","47","24","16","14","876","356","0","0","0","0","0","-1425000","5","-100.00","785","1","0","0","0","","0","0","0","","",""
"080359","0000","0","1426000","1427000","1428000","1429000","1430000","1431000","1432000","1433000","1434000","1435000","1425000","1424000","1423000","1422000","1421000","1420000","1419000","1418000","1417000","1416000","126","104","19","63","143","26","24","57","133","181","131","26","2","5","47","42","47","24","16","14","876","354","0","0","0","0","0","-1425000","5","-100.00","787","0","-2","0","0","","0","0","0","","",""
"080359","0001","0","1426000","1427000","1428000","1429000","1430000","1431000","1432000","1433000","1434000","1435000","1425000","1424000","1423000","1422000","1421000","1420000","1419000","1418000","1417000","1416000","127","104","19","63","143","26","24","57","133","181","131","26","2","5","47","42","47","24","16","14","877","354","0","0","0","0","0","-1425000","5","-100.00","787","1","0","0","0","","0","0","0","","",""
"080359","0002","0","1426000","1427000","1428000","1429000","1430000","1431000","1432000","1433000","1434000","1435000","1425000","1424000","1423000","1422000","1421000","1420000","1419000","1418000","1417000","1416000","127","104","19","63","145","26","24","57","133","181","131","26","2","5","47","42","47","24","16","14","879","354","0","0","0","0","0","-1425000","5","-100.00","787","2","0","0","0","","0","0","0","","",""
"080400","0000","0","1426000","1427000","1428000","1429000","1430000","1431000","1432000","1433000","1434000","1435000","1425000","1424000","1423000","1422000","1421000","1420000","1419000","1418000","1417000","1416000","130","104","19","63","145","26","24","57","133","181","131","26","2","5","47","42","47","24","16","14","882","354","0","0","0","0","0","-1425000","5","-100.00","787","3","0","0","0","","0","0","0","","",""
"080401","0000","0","1426000","1427000","1428000","1429000","1430000","1431000","1432000","1433000","1434000","1435000","1425000","1424000","1423000","1422000","1421000","1420000","1419000","1418000","1417000","1416000","130","104","19","63","145","26","24","57","133","181","136","26","2","5","47","42","47","25","16","14","882","360","0","0","0","0","0","-1425000","5","-100.00","787","0","5","0","0","","0","0","0","","",""
"080402","0000","0","1426000","1427000","1428000","1429000","1430000","1431000","1432000","1433000","1434000","1435000","1425000","1424000","1423000","1422000","1421000","1420000","1419000","1418000","1417000","1416000","131","104","19","63","145","26","24","57","133","181","136","26","2","5","47","42","47","25","16","14","883","360","0","0","0","0","0","-1425000","5","-100.00","787","1","0","0","0","","0","0","0","","",""
"080403","0000","0","1426000","1427000","1428000","1429000","1430000","1431000","1432000","1433000","1434000","1435000","1425000","1424000","1423000","1422000","1421000","1420000","1419000","1418000","1417000","1416000","131","102","19","63","145","26","24","57","133","181","136","26","2","5","47","42","47","25","16","14","881","360","0","0","0","0","0","-1425000","5","-100.00","787","-2","0","0","0","","0","0","0","","",""
"080403","0001","0","1426000","1427000","1428000","1429000","1430000","1431000","1432000","1433000","1434000","1435000","1425000","1424000","1423000","1422000","1421000","1420000","1419000","1418000","1417000","1416000","131","102","24","63","145","26","24","57","133","181","136","26","2","5","47","42","47","25","16","14","886","360","0","0","0","0","0","-1425000","5","-100.00","787","5","0","0","0","","0","0","0","","",""
"080404","0000","0","1426000","1427000","1428000","1429000","1430000","1431000","1432000","1433000","1434000","1435000","1425000","1424000","1423000","1422000","1421000","1420000","1419000","1418000","1417000","1416000","131","102","24","63","145","26","24","57","103","181","136","26","2","5","47","42","47","25","16","14","856","360","0","0","0","0","0","-1425000","5","-100.00","787","-30","0","0","0","","0","0","0","","",""
"080404","0001","0","1426000","1427000","1428000","1429000","1430000","1431000","1432000","1433000","1434000","1435000","1425000","1424000","1423000","1422000","1421000","1420000","1419000","1418000","1417000","1416000","132","102","24","63","145","26","24","57","103","181","136","26","2","5","47","42","47","25","16","14","857","360","0","0","0","0","0","-1425000","5","-100.00","787","1","0","0","0","","0","0","0","","",""
"080404","0002","0","1426000","1427000","1428000","1429000","1430000","1431000","1432000","1433000","1434000","1435000","1425000","1424000","1423000","1422000","1421000","1420000","1419000","1418000","1417000","1416000","132","102","24","63","145","26","24","57","103","181","135","26","2","5","47","42","47","25","16","14","857","359","0","0","0","0","0","-1425000","5","-100.00","788","0","-1","0","0","","0","0","0","","",""
"080406","0000","0","1426000","1427000","1428000","1429000","1430000","1431000","1432000","1433000","1434000","1435000","1425000","1424000","1423000","1422000","1421000","1420000","1419000","1418000","1417000","1416000","132","102","24","63","145","26","24","57","103","181","135","26","2","5","47","42","47","25","16","15","857","360","0","0","0","0","0","-1425000","5","-100.00","788","0","1","0","0","","0","0","0","","",""
"080406","0001","0","1426000","1427000","1428000","1429000","1430000","1431000","1432000","1433000","1434000","1435000","1425000","1424000","1423000","1422000","1421000","1420000","1419000","1418000","1417000","1416000","132","102","24","63","145","26","24","57","103","181","136","26","2","5","47","42","47","25","16","15","857","361","0","0","0","0","0","-1425000","5","-100.00","788","0","1","0","0","","0","0","0","","",""
"080406","0002","0","1426000","1427000","1428000","1429000","1430000","1431000","1432000","1433000","1434000","1435000","1425000","1424000","1423000","1422000","1421000","1420000","1419000","1418000","1417000","1416000","132","102","24","63","145","26","24","57","103","181","135","26","2","5","47","42","47","25","16","15","857","360","0","0","0","0","0","-1425000","5","-100.00","789","0","-1","0","0","","0","0","0","","",""
"080407","0000","0","1426000","1427000","1428000","1429000","1430000","1431000","1432000","1433000","1434000","1435000","1425000","1424000","1423000","1422000","1421000","1420000","1419000","1418000","1417000","1416000","137","102","24","63","145","26","24","57","103","181","138","26","2","5","47","42","47","25","16","15","862","363","0","0","0","0","0","-1425000","5","-100.00","789","5","3","0","0","","0","0","0","","",""
"080408","0000","0","1426000","1427000","1428000","1429000","1430000","1431000","1432000","1433000","1434000","1435000","1425000","1424000","1423000","1422000","1421000","1420000","1419000","1418000","1417000","1416000","137","102","24","63","145","26","24","57","103","181","143","26","2","5","47","42","47","25","16","15","862","368","0","0","0","0","0","-1425000","5","-100.00","789","0","5","0","0","","0","0","0","","",""
"080408","0001","0","1426000","1427000","1428000","1429000","1430000","1431000","1432000","1433000","1434000","1435000","1425000","1424000","1423000","1422000","1421000","1420000","1419000","1418000","1417000","1416000","137","102","24","63","145","26","24","57","103","181","144","26","2","5","47","42","47","25","16","15","862","369","0","0","0","0","0","-1425000","5","-100.00","789","0","1","0","0","","0","0","0","","",""
"080408","0002","0","1426000","1427000","1428000","1429000","1430000","1431000","1432000","1433000","1434000","1435000","1425000","1424000","1423000","1422000","1421000","1420000","1419000","1418000","1417000","1416000","137","102","24","64","145","26","24","57","103","181","144","26","2","5","47","42","47","25","16","15","863","369","0","0","0","0","0","-1425000","5","-100.00","789","1","0","0","0","","0","0","0","","",""
"080408","0003","0","1426000","1427000","1428000","1429000","1430000","1431000","1432000","1433000","1434000","1435000","1425000","1424000","1423000","1422000","1421000","1420000","1419000","1418000","1417000","1416000","137","102","24","64","145","26","24","57","103","181","143","26","2","5","47","42","47","25","16","15","863","368","0","0","0","0","0","-1425000","5","-100.00","790","0","-1","0","0","","0","0","0","","",""
"080409","0000","0","1426000","1427000","1428000","1429000","1430000","1431000","1432000","1433000","1434000","1435000","1425000","1424000","1423000","1422000","1421000","1420000","1419000","1418000","1417000","1416000","137","102","24","64","145","26","24","57","103","181","141","26","2","5","47","42","47","25","16","15","863","366","0","0","0","0","0","-1425000","5","-100.00","792","0","-2","0","0","","0","0","0","","",""
"080409","0001","0","1426000","1427000","1428000","1429000","1430000","1431000","1432000","1433000","1434000","1435000","1425000","1424000","1423000","1422000","1421000","1420000","1419000","1418000","1417000","1416000","137","102","24","64","145","26","24","57","105","181","141","26","2","5","47","42","47","25","16","15","865","366","0","0","0","0","0","-1425000","5","-100.00","792","2","0","0","0","","0","0","0","","",""
"080410","0000","0","1426000","1427000","1428000","1429000","1430000","1431000","1432000","1433000","1434000","1435000","1425000","1424000","1423000","1422000","1421000","1420000","1419000","1418000","1417000","1416000","137","102","24","70","145","26","24","57","105","181","144","26","2","5","47","42","47","25","16","15","871","369","0","0","0","0","0","-1425000","5","-100.00","792","6","3","0","0","","0","0","0","","",""
"080411","0000","0","1426000","1427000","1428000","1429000","1430000","1431000","1432000","1433000","1434000","1435000","1425000","1424000","1423000","1422000","1421000","1420000","1419000","1418000","1417000","1416000","137","101","24","70","145","26","24","57","105","181","144","26","2","5","47","42","47","25","16","15","870","369","0","0","0","0","0","-1425000","5","-100.00","792","-1","0","0","0","","0","0","0","","",""
"080411","0001","0","1426000","1427000","1428000","1429000","1430000","1431000","1432000","1433000","1434000","1435000","1425000","1424000","1423000","1422000","1421000","1420000","1419000","1418000","1417000","1416000","136","101","24","70","145","26","24","57","110","181","144","26","2","5","47","42","47","25","16","15","874","369","0","0","0","0","0","-1425000","5","-100.00","793","4","0","0","0","","0","0","0","","",""
"080412","0000","0","1426000","1427000","1428000","1429000","1430000","1431000","1432000","1433000","1434000","1435000","1425000","1424000","1423000","1422000","1421000","1420000","1419000","1418000","1417000","1416000","136","101","24","70","145","26","24","57","110","181","144","26","2","5","47","43","47","25","16","15","874","370","0","0","0","0","0","-1425000","5","-100.00","793","0","1","0","0","","0","0","0","","",""
"080412","0001","0","1426000","1427000","1428000","1429000","1430000","1431000","1432000","1433000","1434000","1435000","1425000","1424000","1423000","1422000","1421000","1420000","1419000","1418000","1417000","1416000","136","101","24","70","145","26","24","57","110","181","146","26","2","5","47","43","47","25","16","15","874","372","0","0","0","0","0","-1425000","5","-100.00","793","0","2","0","0","","0","0","0","","",""
"080412","0002","0","1426000","1427000","1428000","1429000","1430000","1431000","1432000","1433000","1434000","1435000","1425000","1424000","1423000","1422000","1421000","1420000","1419000","1418000","1417000","1416000","136","101","24","70","145","26","24","57","110","181","145","26","2","5","47","43","47","25","16","15","874","371","0","0","0","0","0","-1425000","5","-100.00","794","0","-1","0","0","","0","0","0","","",""
"080413","0000","0","1426000","1427000","1428000","1429000","1430000","1431000","1432000","1433000","1434000","1435000","1425000","1424000","1423000","1422000","1421000","1420000","1419000","1418000","1417000","1416000","136","98","24","70","145","26","24","57","110","181","145","26","2","5","47","43","47","25","16","15","871","371","0","0","0","0","0","-1425000","5","-100.00","794","-3","0","0","0","","0","0","0","","",""
"080415","0000","0","1426000","1427000","1428000","1429000","1430000","1431000","1432000","1433000","1434000","1435000","1425000","1424000","1423000","1422000","1421000","1420000","1419000","1418000","1417000","1416000","136","98","24","70","145","26","24","57","110","181","146","26","2","5","47","43","47","25","16","15","871","372","0","0","0","0","0","-1425000","5","-100.00","794","0","1","0","0","","0","0","0","","",""
"080416","0000","0","1426000","1427000","1428000","1429000","1430000","1431000","1432000","1433000","1434000","1435000","1425000","1424000","1423000","1422000","1421000","1420000","1419000","1418000","1417000","1416000","136","98","24","70","145","26","24","57","110","181","146","26","2","5","47","43","47","25","16","16","871","373","0","0","0","0","0","-1425000","5","-100.00","794","0","1","0","0","","0","0","0","","",""
"080417","0000","0","1426000","1427000","1428000","1429000","1430000","1431000","1432000","1433000","1434000","1435000","1425000","1424000","1423000","1422000","1421000","1420000","1419000","1418000","1417000","1416000","136","98","24","70","145","26","24","87","110","181","145","26","2","5","47","43","47","25","16","16","901","372","0","0","0","0","0","-1425000","5","-100.00","794","30","0","0","0","","0","0","0","","",""
"080417","0001","0","1426000","1427000","1428000","1429000","1430000","1431000","1432000","1433000","1434000","1435000","1425000","1424000","1423000","1422000","1421000","1420000","1419000","1418000","1417000","1416000","152","98","24","70","145","26","24","87","110","181","125","26","2","5","47","43","47","25","16","16","917","352","0","0","0","0","0","-1425000","5","-100.00","815","16","-20","0","0","","0","0","0","","",""
"080417","0002","0","1426000","1427000","1428000","1429000","1430000","1431000","1432000","1433000","1434000","1435000","1425000","1424000","1423000","1422000","1421000","1420000","1419000","1418000","1417000","1416000","152","98","24","70","145","26","24","87","110","181","125","26","2","5","47","43","46","25","16","16","917","351","0","0","0","0","0","-1425000","5","-100.00","815","0","-1","0","0","","0","0","0","","",""
"080418","0000","0","1426000","1427000","1428000","1429000","1430000","1431000","1432000","1433000","1434000","1435000","1425000","1424000","1423000","1422000","1421000","1420000","1419000","1418000","1417000","1416000","152","98","24","70","149","26","24","87","110","181","125","26","2","5","47","43","46","25","16","16","921","351","0","0","0","0","0","-1425000","5","-100.00","815","4","0","0","0","","0","0","0","","",""
"080418","0001","0","1426000","1427000","1428000","1429000","1430000","1431000","1432000","1433000","1434000","1435000","1425000","1424000","1423000","1422000","1421000","1420000","1419000","1418000","1417000","1416000","152","98","24","70","149","26","24","87","110","181","123","26","2","5","47","43","46","25","16","16","921","349","0","0","0","0","0","-1425000","5","-100.00","818","0","-2","0","0","","0","0","0","","",""
"080419","0000","0","1426000","1427000","1428000","1429000","1430000","1431000","1432000","1433000","1434000","1435000","1425000","1424000","1423000","1422000","1421000","1420000","1419000","1418000","1417000","1416000","125","125","24","70","149","26","24","87","110","181","123","26","2","5","47","43","46","25","16","16","921","349","0","0","0","0","0","-1425000","5","-100.00","818","0","0","0","0","","0","0","0","","",""
"080419","0001","0","1426000","1427000","1428000","1429000","1430000","1431000","1432000","1433000","1434000","1435000","1425000","1424000","1423000","1422000","1421000","1420000","1419000","1418000","1417000","1416000","125","125","24","70","149","26","24","87","110","181","123","26","2","5","47","43","47","25","16","16","921","350","0","0","0","0","0","-1425000","5","-100.00","818","0","1","0","0","","0","0","0","","",""
"080419","0002","0","1426000","1427000","1428000","1429000","1430000","1431000","1432000","1433000","1434000","1435000","1425000","1424000","1423000","1422000","1421000","1420000","1419000","1418000","1417000","1416000","125","125","24","70","142","26","24","87","110","181","123","26","2","5","47","43","47","25","16","16","914","350","0","0","0","0","0","-1425000","5","-100.00","818","-7","0","0","0","","0","0","0","","",""
"080419","0003","0","1426000","1427000","1428000","1429000","1430000","1431000","1432000","1433000","1434000","1435000","1425000","1424000","1423000","1422000","1421000","1420000","1419000","1418000","1417000","1416000","125","125","24","70","142","26","24","87","110","181","125","26","2","5","47","43","47","25","16","16","914","352","0","0","0","0","0","-1425000","5","-100.00","818","0","2","0","0","","0","0","0","","",""
"080420","0000","0","1426000","1427000","1428000","1429000","1430000","1431000","1432000","1433000","1434000","1435000","1425000","1424000","1423000","1422000","1421000","1420000","1419000","1418000","1417000","1416000","125","125","24","70","142","26","24","87","110","181","123","26","2","5","47","43","47","25","16","16","914","350","0","0","0","0","0","-1425000","5","-100.00","820","0","-2","0","0","","0","0","0","","",""
"080421","0000","0","1426000","1427000","1428000","1429000","1430000","1431000","1432000","1433000","1434000","1435000","1425000","1424000","1423000","1422000","1421000","1420000","1419000","1418000","1417000","1416000","125","125","24","70","142","26","24","87","110","181","122","26","2","5","47","43","47","24","16","17","914","349","0","0","0","0","0","-1425000","5","-100.00","821","0","0","0","0","","0","0","0","","",""
"080422","0000","0","1426000","1427000","1428000","1429000","1430000","1431000","1432000","1433000","1434000","1435000","1425000","1424000","1423000","1422000","1421000","1420000","1419000","1418000","1417000","1416000","125","125","24","70","142","26","24","87","110","181","120","26","2","5","47","43","47","24","16","16","914","346","0","0","0","0","0","-1425000","5","-100.00","823","0","-3","0","0","","0","0","0","","",""
