"time","millisec","HOUR_CLS_CODE","ASKP1","ASKP2","ASKP3","ASKP4","ASKP5","ASKP6","ASKP7","ASKP8","ASKP9","ASKP10","BIDP1","BIDP2","BIDP3","BIDP4","BIDP5","BIDP6","BIDP7","BIDP8","BIDP9","BIDP10","ASKP_RSQN1","ASKP_RSQN2","ASKP_RSQN3","ASKP_RSQN4","ASKP_RSQN5","ASKP_RSQN6","ASKP_RSQN7","ASKP_RSQN8","ASKP_RSQN9","ASKP_RSQN10","BIDP_RSQN1","BIDP_RSQN2","BIDP_RSQN3","BIDP_RSQN4","BIDP_RSQN5","BIDP_RSQN6","BIDP_RSQN7","BIDP_RSQN8","BIDP_RSQN9","BIDP_RSQN10","TOTAL_ASKP_RSQN","TOTAL_BIDP_RSQN","OVTM_TOTAL_ASKP_RSQN","OVTM_TOTAL_BIDP_RSQN","ANTC_CNPR","ANTC_CNQN","ANTC_VOL","ANTC_CNTG_VRSS","ANTC_CNTG_VRSS_SIGN","ANTC_CNTG_PRDY_CTRT","ACML_VOL","TOTAL_ASKP_RSQN_ICDC","TOTAL_BIDP_RSQN_ICDC","OVTM_TOTAL_ASKP_ICDC","OVTM_TOTAL_BIDP_ICDC","STCK_DEAL_CLS_CODE","KMID_PRC","KMID_TOTAL_RSQN","KMID_CLS_CODE","NMID_PRC","NMID_TOTAL_RSQN","NMID_CLS_CODE"
"080000","0000","0","60300","61500","0","0","0","0","0","0","0","0","58900","58800","0","0","0","0","0","0","0","0","40","1","0","0","0","0","0","0","0","0","70","10","0","0","0","0","0","0","0","0","41","80","0","0","0","0","0","-59900","5","-100.00","0","0","0","0","0","","0","0","0","","",""
"080000","0001","0","60000","60300","61500","61600","61700","61800","64000","64400","65900","68800","59100","58900","58800","58000","0","0","0","0","0","0","10","40","1","1","1","1","20","15","1","32","100","70","10","100","0","0","0","0","0","0","122","280","0","0","0","0","0","-59900","5","-100.00","0","81","200","0","0","","0","0","0","","",""
"080001","0000","0","59800","60000","60100","60200","60300","60400","61500","61600","61700","61800","59200","59100","58900","58800","58700","58600","58000","57300","57100","57000","100","10","10","60","50","10","1","1","1","1","5","100","70","10","5","10","100","2000","100","50","244","2450","0","0","0","0","0","-59900","5","-100.00","0","122","2170","0","0","","0","0","0","","",""
"080001","0001","0","59800","60000","60100","60200","60300","60400","60500","60700","61400","61500","59200","59100","58900","58800","58700","58600","58000","57300","57100","57000","90","10","10","60","50","10","10","6","5","6","5","100","70","10","30","10","200","2000","100","50","257","2575","0","0","0","0","0","-59900","5","-100.00","10","13","125","0","0","","0","0","0","","",""
"080002","0000","0","59800","60000","60100","60200","60300","60400","60500","60700","61400","61500","59300","59200","59100","58900","58800","58700","58600","58000","57300","57100","90","10","10","60","263","10","10","6","5","6","135","5","150","70","10","130","10","200","2000","100","470","2810","0","0","0","0","0","-59900","5","-100.00","10","213","235","0","0","","0","0","0","","",""
"080002","0001","0","59800","60000","60100","60200","60300","60400","60500","60700","61400","61500","59300","59200","59100","59000","58900","58800","58700","58600","58000","57300","90","10","10","60","263","10","10","6","5","6","135","5","150","5","70","10","130","10","200","2000","470","2715","0","0","0","0","0","-59900","5","-100.00","10","0","-95","0","0","","0","0","0","","",""
"080003","0000","0","59800","60000","60100","60200","60300","60400","60500","60700","61400","61500","59500","59300","59200","59100","59000","58900","58800","58700","58600","58000","90","10","10","60","263","10","10","6","5","6","8","135","5","150","5","70","10","130","10","200","470","723","0","0","0","0","0","-59900","5","-100.00","10","0","-1992","0","0","","0","0","0","","",""
"080003","0001","0","59800","60000","60100","60200","60300","60400","60500","60600","60700","61400","59500","59300","59200","59100","59000","58900","58800","58700","58600","58000","90","10","10","60","263","10","10","10","6","5","8","135","5","150","5","70","10","130","40","200","474","753","0","0","0","0","0","-59900","5","-100.00","10","4","30","0","0","","0","0","0","","",""
"080003","0002","0","59800","60000","60100","60200","60300","60400","60500","60600","60700","61400","59500","59300","59200","59100","59000","58900","58800","58700","58600","58000","90","10","10","60","263","10","10","10","6","5","8","135","14","150","5","70","10","130","40","200","474","762","0","0","0","0","0","-59900","5","-100.00","10","0","9","0","0","","0","0","0","","",""
"080004","0000","0","59800","60000","60100","60200","60300","60400","60500","60600","60700","61400","59500","59300","59200","59100","59000","58900","58800","58700","58600","58400","90","10","10","60","263","10","10","10","6","5","8","135","9","150","5","70","10","130","40","3","474","560","0","0","0","0","0","-59900","5","-100.00","10","0","-202","0","0","","0","0","0","","",""
"080004","0001","0","59800","59900","60000","60100","60200","60300","60400","60500","60600","60700","59500","59300","59200","59100","59000","58900","58800","58700","58600","58400","90","20","10","10","60","264","10","10","10","6","8","135","9","150","5","70","10","130","40","3","490","560","0","0","0","0","0","-59900","5","-100.00","10","16","0","0","0","","0","0","0","","",""
"080005","0000","0","59800","59900","60000","60100","60200","60300","60400","60500","60600","60700","59500","59300","59200","59100","59000","58900","58800","58700","58600","58400","90","20","10","10","60","264","10","10","10","16","8","135","9","150","5","70","10","130","40","3","500","560","0","0","0","0","0","-59900","5","-100.00","10","10","0","0","0","","0","0","0","","",""
"080005","0001","0","59800","59900","60000","60100","60200","60300","60400","60500","60600","60700","59500","59300","59100","59000","58900","58800","58700","58600","58400","58000","90","20","10","10","60","264","10","10","10","16","8","135","150","5","70","10","130","40","3","210","500","761","0","0","0","0","0","-59900","5","-100.00","10","0","201","0","0","","0","0","0","","",""
"080007","0000","0","59800","59900","60000","60100","60200","60300","60400","60500","60600","60700","59500","59300","59100","59000","58900","58800","58700","58600","58400","58000","90","20","10","10","60","264","80","10","56","16","8","135","150","5","70","10","130","40","3","217","616","768","0","0","0","0","0","-59900","5","-100.00","10","0","7","0","0","","0","0","0","","",""
"080007","0001","0","59800","59900","60000","60100","60200","60300","60400","60500","60600","60700","59500","59300","59100","59000","58900","58800","58700","58600","58400","58000","90","20","10","10","60","264","80","10","56","16","8","135","150","5","70","10","130","40","3","218","616","769","0","0","0","0","0","-59900","5","-100.00","10","0","1","0","0","","0","0","0","","",""
"080007","0002","0","59800","59900","60000","60100","60200","60300","60400","60500","60600","60700","59500","59300","59100","59000","58900","58800","58700","58600","58400","58000","90","20","10","10","60","264","80","10","56","16","8","135","150","5","70","10","130","40","6","218","616","772","0","0","0","0","0","-59900","5","-100.00","10","0","3","0","0","","0","0","0","","",""
"080008","0000","0","59800","59900","60000","60100","60200","60300","60400","60500","60600","60700","59500","59300","59100","59000","58900","58800","58700","58600","58400","58000","170","20","10","10","60","264","80","10","56","16","8","135","150","5","70","1010","130","40","6","218","696","1772","0","0","0","0","0","-59900","5","-100.00","10","80","1000","0","0","","0","0","0","","",""
"080008","0001","0","59800","59900","60000","60100","60200","60300","60400","60500","60600","60700","59500","59300","59100","59000","58900","58800","58700","58600","58400","58000","215","20","10","10","60","264","80","10","56","16","8","135","150","5","70","1010","130","40","6","218","741","1772","0","0","0","0","0","-59900","5","-100.00","10","45","0","0","0","","0","0","0","","",""
"080008","0002","0","59800","59900","60000","60100","60200","60300","60400","60500","60600","60700","59500","59300","59100","59000","58900","58800","58700","58600","58400","58000","215","20","10","10","60","264","80","10","56","16","8","135","150","5","70","1010","130","40","6","225","741","1779","0","0","0","0","0","-59900","5","-100.00","10","0","7","0","0","","0","0","0","","",""
"080010","0000","0","59800","59900","60000","60100","60200","60300","60400","60500","60600","60700","59500","59300","59100","59000","58900","58800","58700","58600","58400","58100","215","20","10","10","60","264","80","10","56","16","8","135","150","5","70","1010","130","44","6","4","741","1562","0","0","0","0","0","-59900","5","-100.00","10","0","-217","0","0","","0","0","0","","",""
"080011","0000","0","59800","59900","60000","60100","60200","60300","60400","60500","60600","60700","59500","59300","59100","59000","58900","58800","58700","58600","58400","58100","215","20","10","10","100","264","80","10","56","16","8","135","150","5","70","1010","130","44","6","4","781","1562","0","0","0","0","0","-59900","5","-100.00","10","40","0","0","0","","0","0","0","","",""
"080011","0001","0","59800","59900","60000","60100","60200","60300","60400","60500","60600","60700","59500","59400","59300","59100","59000","58900","58800","58700","58600","58400","215","20","10","10","100","264","80","10","56","16","8","20","135","150","5","70","1010","130","44","6","781","1578","0","0","0","0","0","-59900","5","-100.00","10","0","16","0","0","","0","0","0","","",""
"080011","0002","0","59800","59900","60000","60100","60200","60300","60400","60500","60600","60700","59500","59400","59300","59100","59000","58900","58800","58700","58600","58400","215","20","10","10","100","264","80","10","56","16","8","20","135","152","5","70","1010","130","44","6","781","1580","0","0","0","0","0","-59900","5","-100.00","10","0","2","0","0","","0","0","0","","",""
"080011","0003","0","59800","59900","60000","60100","60200","60300","60400","60500","60600","60700","59500","59400","59300","59100","59000","58900","58800","58700","58600","58400","215","20","10","10","100","264","80","10","56","16","8","20","135","152","5","70","1010","130","130","6","781","1666","0","0","0","0","0","-59900","5","-100.00","10","0","86","0","0","","0","0","0","","",""
"080013","0000","0","59800","59900","60000","60100","60200","60300","60400","60500","60600","60700","59600","59500","59400","59300","59100","59000","58900","58800","58700","58600","455","20","10","10","100","264","80","10","56","16","2","8","20","135","152","5","74","1010","130","130","1021","1666","0","0","0","0","0","-59900","5","-100.00","10","240","-4","0","0","","0","0","0","","",""
"080013","0001","0","59800","59900","60000","60100","60200","60300","60400","60500","60600","60700","59600","59500","59400","59300","59100","59000","58900","58800","58700","58600","455","20","10","10","100","264","80","10","56","16","2","8","50","135","152","5","74","1010","130","130","1021","1696","0","0","0","0","0","-59900","5","-100.00","10","0","30","0","0","","0","0","0","","",""
"080013","0002","0","59800","59900","60000","60100","60200","60300","60400","60500","60600","60700","59600","59500","59400","59300","59100","59000","58900","58800","58700","58600","455","170","10","10","100","264","80","10","56","16","2","8","50","135","152","5","74","1010","130","130","1171","1696","0","0","0","0","0","-59900","5","-100.00","10","150","0","0","0","","0","0","0","","",""
"080014","0000","0","59800","59900","60000","60100","60200","60300","60400","60500","60600","60700","59600","59500","59400","59300","59100","59000","58900","58800","58700","58600","355","170","10","10","100","264","80","10","56","16","2","8","50","135","152","5","94","1010","130","130","1071","1716","0","0","0","0","0","-59900","5","-100.00","110","-100","0","0","0","","0","0","0","","",""
"080015","0000","0","59800","59900","60000","60100","60200","60300","60400","60500","60600","60700","59600","59500","59400","59300","59100","59000","58900","58800","58700","58600","360","170","10","10","100","264","80","10","56","16","2","8","50","135","152","5","94","1010","130","130","1076","1716","0","0","0","0","0","-59900","5","-100.00","110","5","0","0","0","","0","0","0","","",""
"080016","0000","0","59800","59900","60000","60100","60200","60300","60400","60500","60600","60700","59600","59500","59400","59300","59100","59000","58900","58800","58700","58600","360","170","10","10","100","264","120","10","56","16","2","8","50","135","153","5","94","1010","130","130","1116","1717","0","0","0","0","0","-59900","5","-100.00","110","40","0","0","0","","0","0","0","","",""
"080016","0001","0","59800","59900","60000","60100","60200","60300","60400","60500","60600","60700","59600","59500","59400","59300","59100","59000","58900","58800","58700","58600","360","170","10","10","100","264","130","10","56","16","2","8","50","135","153","5","94","1010","130","130","1126","1717","0","0","0","0","0","-59900","5","-100.00","110","10","0","0","0","","0","0","0","","",""
"080016","0002","0","59800","59900","60000","60100","60200","60300","60400","60500","60600","60700","59600","59500","59400","59300","59100","59000","58900","58800","58700","58600","360","170","10","10","100","264","130","10","56","16","2","8","50","135","173","5","94","1010","130","130","1126","1737","0","0","0","0","0","-59900","5","-100.00","110","0","20","0","0","","0","0","0","","",""
"080018","0000","0","59800","59900","60000","60100","60200","60300","60400","60500","60600","60700","59600","59500","59400","59300","59100","59000","58900","58800","58700","58600","360","170","10","10","100","264","130","10","56","16","2","8","50","135","173","5","94","1142","130","130","1126","1869","0","0","0","0","0","-59900","5","-100.00","110","0","132","0","0","","0","0","0","","",""
"080018","0001","0","59800","59900","60000","60100","60200","60300","60400","60500","60600","60700","59600","59500","59400","59300","59100","59000","58900","58800","58700","58600","360","170","10","10","100","264","130","10","56","16","2","8","50","135","173","5","94","1143","130","130","1126","1870","0","0","0","0","0","-59900","5","-100.00","110","0","1","0","0","","0","0","0","","",""
"080019","0000","0","59800","59900","60000","60100","60200","60300","60400","60500","60600","60700","59600","59500","59400","59300","59100","59000","58900","58800","58700","58600","360","170","10","10","100","264","130","60","56","54","2","8","50","135","173","5","94","1143","130","130","1214","1870","0","0","0","0","0","-59900","5","-100.00","110","50","0","0","0","","0","0","0","","",""
"080019","0001","0","59800","59900","60000","60100","60200","60300","60400","60500","60600","60700","59600","59500","59400","59300","59100","59000","58900","58800","58700","58600","360","170","10","10","100","264","130","60","56","54","2","8","50","140","173","5","94","1143","130","130","1214","1875","0","0","0","0","0","-59900","5","-100.00","110","0","5","0","0","","0","0","0","","",""
"080020","0000","0","59800","59900","60000","60100","60200","60300","60400","60500","60600","60700","59600","59500","59400","59300","59100","59000","58900","58800","58700","58600","360","170","10","10","100","264","130","100","56","54","2","8","50","140","173","5","94","1143","130","130","1254","1875","0","0","0","0","0","-59900","5","-100.00","110","40","0","0","0","","0","0","0","","",""
"080020","0001","0","59800","59900","60000","60100","60200","60300","60400","60500","60600","60700","59600","59500","59400","59300","59100","59000","58900","58800","58700","58600","360","170","10","30","100","264","130","100","56","54","2","8","50","140","173","5","94","1143","130","130","1274","1875","0","0","0","0","0","-59900","5","-100.00","110","20","0","0","0","","0","0","0","","",""
"080023","0000","0","59800","59900","60000","60100","60200","60300","60400","60500","60600","60700","59600","59500","59400","59300","59100","59000","58900","58800","58700","58600","360","170","10","30","100","264","130","100","56","54","2","14","50","140","173","5","94","1143","130","130","1274","1881","0","0","0","0","0","-59900","5","-100.00","110","0","6","0","0","","0","0","0","","",""
"080024","0000","0","59800","59900","60000","60100","60200","60300","60400","60500","60600","60700","59600","59500","59400","59300","59100","59000","58900","58800","58700","58600","360","170","10","30","100","264","130","100","56","54","2","14","50","140","173","14","94","1143","130","130","1274","1890","0","0","0","0","0","-59900","5","-100.00","110","0","9","0","0","","0","0","0","","",""
"080024","0001","0","59700","59800","59900","60000","60100","60200","60300","60400","60500","60600","59600","59500","59400","59300","59100","59000","58900","58800","58700","58600","135","360","170","10","30","100","264","130","100","56","2","14","50","140","173","14","94","1143","130","130","1355","1890","0","0","0","0","0","-59900","5","-100.00","110","81","0","0","0","","0","0","0","","",""
"080025","0000","0","59700","59800","59900","60000","60100","60200","60300","60400","60500","60600","59600","59500","59400","59300","59100","59000","58900","58800","58700","58600","135","360","170","15","30","100","264","130","100","56","2","14","50","140","173","14","94","1143","130","130","1360","1890","0","0","0","0","0","-59900","5","-100.00","110","5","0","0","0","","0","0","0","","",""
"080025","0001","0","59700","59800","59900","60000","60100","60200","60300","60400","60500","60600","59600","59500","59400","59300","59100","59000","58900","58800","58700","58600","135","360","170","15","30","100","264","130","200","56","2","14","50","140","173","14","94","1143","130","130","1460","1890","0","0","0","0","0","-59900","5","-100.00","110","100","0","0","0","","0","0","0","","",""
"080025","0002","0","59700","59800","59900","60000","60100","60200","60300","60400","60500","60600","59600","59500","59400","59300","59100","59000","58900","58800","58700","58600","135","360","170","15","30","100","264","130","700","56","2","14","50","140","173","14","94","1143","130","130","1960","1890","0","0","0","0","0","-59900","5","-100.00","110","500","0","0","0","","0","0","0","","",""
"080025","0003","0","59700","59800","59900","60000","60100","60200","60300","60400","60500","60600","59600","59500","59400","59300","59100","59000","58900","58800","58700","58600","135","360","170","15","30","100","264","130","700","96","2","14","50","140","173","14","94","1143","130","130","2000","1890","0","0","0","0","0","-59900","5","-100.00","110","40","0","0","0","","0","0","0","","",""
"080026","0000","0","59700","59800","59900","60000","60100","60200","60300","60400","60500","60600","59600","59500","59400","59300","59100","59000","58900","58800","58700","58600","135","370","170","15","30","100","264","130","700","96","2","14","50","140","173","14","94","1143","130","130","2010","1890","0","0","0","0","0","-59900","5","-100.00","110","10","0","0","0","","0","0","0","","",""
"080027","0000","0","59700","59800","59900","60000","60100","60200","60300","60400","60500","60600","59600","59500","59400","59300","59100","59000","58900","58800","58700","58600","139","370","170","15","30","100","264","130","700","96","2","14","50","140","173","14","94","1143","130","130","2014","1890","0","0","0","0","0","-59900","5","-100.00","110","4","0","0","0","","0","0","0","","",""
"080027","0001","0","59700","59800","59900","60000","60100","60200","60300","60400","60500","60600","59600","59500","59400","59300","59100","59000","58900","58800","58700","58600","139","370","170","15","30","100","264","130","700","96","2","14","50","140","173","114","94","1143","130","130","2014","1990","0","0","0","0","0","-59900","5","-100.00","110","0","100","0","0","","0","0","0","","",""
"080028","0000","0","59700","59800","59900","60000","60100","60200","60300","60400","60500","60600","59600","59500","59400","59300","59100","59000","58900","58800","58700","58600","139","386","170","15","30","100","264","130","700","96","2","14","50","140","173","114","94","1143","130","130","2030","1990","0","0","0","0","0","-59900","5","-100.00","110","16","0","0","0","","0","0","0","","",""
"080028","0001","0","59700","59800","59900","60000","60100","60200","60300","60400","60500","60600","59600","59500","59400","59300","59100","59000","58900","58800","58700","58600","139","386","170","15","30","100","264","130","700","96","2","24","50","140","173","114","94","1143","130","130","2030","2000","0","0","0","0","0","-59900","5","-100.00","110","0","10","0","0","","0","0","0","","",""
"080028","0002","0","59700","59800","59900","60000","60100","60200","60300","60400","60500","60600","59600","59500","59400","59300","59100","59000","58900","58800","58700","58600","139","386","170","15","30","100","264","130","700","96","2","24","50","140","173","114","94","1143","140","130","2030","2010","0","0","0","0","0","-59900","5","-100.00","110","0","10","0","0","","0","0","0","","",""
"080029","0000","0","59700","59800","59900","60000","60100","60200","60300","60400","60500","60600","59600","59500","59400","59300","59100","59000","58900","58800","58700","58600","139","386","170","15","30","100","264","130","700","96","2","24","50","140","173","114","97","1143","140","130","2030","2013","0","0","0","0","0","-59900","5","-100.00","110","0","3","0","0","","0","0","0","","",""
"080029","0001","0","59700","59800","59900","60000","60100","60200","60300","60400","60500","60600","59600","59500","59400","59300","59100","59000","58900","58800","58700","58600","139","386","170","415","30","100","264","130","700","96","2","24","50","140","173","114","97","1143","140","130","2430","2013","0","0","0","0","0","-59900","5","-100.00","110","400","0","0","0","","0","0","0","","",""
"080030","0000","0","59700","59800","59900","60000","60100","60200","60300","60400","60500","60600","59600","59500","59400","59300","59100","59000","58900","58800","58700","58600","139","386","170","415","30","100","264","130","700","96","2","24","50","140","173","114","97","1143","140","140","2430","2023","0","0","0","0","0","-59900","5","-100.00","110","0","10","0","0","","0","0","0","","",""
"080030","0001","0","59700","59800","59900","60000","60100","60200","60300","60400","60500","60600","59600","59500","59400","59300","59100","59000","58900","58800","58700","58600","139","386","170","415","30","100","264","130","700","96","2","24","50","140","173","214","131","1143","140","140","2430","2157","0","0","0","0","0","-59900","5","-100.00","110","0","134","0","0","","0","0","0","","",""
"080031","0000","0","59700","59800","59900","60000","60100","60200","60300","60400","60500","60600","59600","59500","59400","59300","59100","59000","58900","58800","58700","58600","139","440","170","415","30","100","264","130","700","96","2","24","50","140","173","214","181","1143","140","140","2484","2207","0","0","0","0","0","-59900","5","-100.00","110","54","0","0","0","","0","0","0","","",""
"080032","0000","0","59700","59800","59900","60000","60100","60200","60300","60400","60500","60600","59600","59500","59400","59300","59100","59000","58900","58800","58700","58600","139","440","170","415","30","100","264","130","700","396","2","24","50","140","173","214","181","1143","140","140","2784","2207","0","0","0","0","0","-59900","5","-100.00","110","300","0","0","0","","0","0","0","","",""
"080032","0001","0","59700","59800","59900","60000","60100","60200","60300","60400","60500","60600","59600","59500","59400","59300","59100","59000","58900","58800","58700","58600","88","440","170","415","30","100","264","130","700","396","2","24","50","140","173","214","181","1143","140","140","2733","2207","0","0","0","0","0","-59900","5","-100.00","161","-51","0","0","0","","0","0","0","","",""
"080033","0000","0","59700","59800","59900","60000","60100","60200","60300","60400","60500","60600","59600","59500","59400","59300","59100","59000","58900","58800","58700","58600","88","440","170","465","30","100","264","130","700","396","2","24","50","143","173","214","181","1143","140","140","2783","2210","0","0","0","0","0","-59900","5","-100.00","161","0","3","0","0","","0","0","0","","",""
"080033","0001","0","59700","59800","59900","60000","60100","60200","60300","60400","60500","60600","59600","59500","59400","59300","59200","59100","59000","58900","58800","58700","88","440","174","475","40","110","264","130","700","396","2","24","50","143","3","173","214","181","1143","140","2817","2073","0","0","0","0","0","-59900","5","-100.00","161","20","0","0","0","","0","0","0","","",""
"080034","0000","0","59700","59800","59900","60000","60100","60200","60300","60400","60500","60600","59600","59500","59400","59300","59200","59100","59000","58900","58800","58700","88","440","174","475","40","110","264","130","700","396","2","24","50","143","3","174","214","181","1143","140","2817","2074","0","0","0","0","0","-59900","5","-100.00","161","0","1","0","0","","0","0","0","","",""
"080034","0001","0","59700","59800","59900","60000","60100","60200","60300","60400","60500","60600","59600","59500","59400","59300","59200","59100","59000","58900","58800","58700","96","440","174","475","40","110","264","130","700","396","2","24","50","143","3","174","214","181","1143","140","2825","2074","0","0","0","0","0","-59900","5","-100.00","161","8","0","0","0","","0","0","0","","",""
"080034","0002","0","59700","59800","59900","60000","60100","60200","60300","60400","60500","60600","59600","59500","59400","59300","59200","59100","59000","58900","58800","58700","146","440","174","475","40","110","264","130","700","396","2","24","53","143","3","174","214","181","1143","140","2875","2077","0","0","0","0","0","-59900","5","-100.00","161","50","3","0","0","","0","0","0","","",""
"080036","0000","0","59700","59800","59900","60000","60100","60200","60300","60400","60500","60600","59600","59500","59400","59300","59200","59100","59000","58900","58800","58700","146","440","174","475","40","110","264","130","700","396","2","24","53","146","3","174","214","181","1143","140","2875","2080","0","0","0","0","0","-59900","5","-100.00","161","0","3","0","0","","0","0","0","","",""
"080036","0001","0","59700","59800","59900","60000","60100","60200","60300","60400","60500","60600","59600","59500","59400","59300","59200","59100","59000","58900","58800","58700","146","440","174","475","40","110","264","130","700","396","2","24","53","146","13","174","214","181","1143","140","2875","2090","0","0","0","0","0","-59900","5","-100.00","161","0","10","0","0","","0","0","0","","",""
"080037","0000","0","59700","59800","59900","60000","60100","60200","60300","60400","60500","60600","59600","59500","59400","59300","59200","59100","59000","58900","58800","58700","146","490","174","475","40","140","264","130","700","396","2","24","53","146","13","174","214","181","1143","140","2955","2090","0","0","0","0","0","-59900","5","-100.00","161","50","0","0","0","","0","0","0","","",""
"080037","0001","0","59700","59800","59900","60000","60100","60200","60300","60400","60500","60600","59600","59500","59400","59300","59200","59100","59000","58900","58800","58700","292","490","174","475","40","140","264","130","700","396","2","24","53","146","13","174","214","181","1143","140","3101","2090","0","0","0","0","0","-59900","5","-100.00","161","146","0","0","0","","0","0","0","","",""
"080038","0000","0","59700","59800","59900","60000","60100","60200","60300","60400","60500","60600","59600","59500","59400","59300","59200","59100","59000","58900","58800","58700","292","490","174","475","40","140","264","130","700","446","2","24","53","146","13","174","214","181","1143","140","3151","2090","0","0","0","0","0","-59900","5","-100.00","161","50","0","0","0","","0","0","0","","",""
"080038","0001","0","59700","59800","59900","60000","60100","60200","60300","60400","60500","60600","59600","59500","59400","59300","59200","59100","59000","58900","58800","58700","692","490","174","475","40","140","264","130","700","446","2","24","53","146","13","174","214","181","1143","140","3551","2090","0","0","0","0","0","-59900","5","-100.00","161","400","0","0","0","","0","0","0","","",""
"080039","0000","0","59700","59800","59900","60000","60100","60200","60300","60400","60500","60600","59600","59500","59400","59300","59200","59100","59000","58900","58800","58700","692","490","174","475","40","140","264","130","700","446","2","18","53","146","13","174","214","181","1143","140","3551","2084","0","0","0","0","0","-59900","5","-100.00","161","0","-6","0","0","","0","0","0","","",""
"080040","0000","0","59600","59700","59800","59900","60000","60100","60200","60300","60400","60500","59500","59400","59300","59200","59100","59000","58900","58800","58700","58600","84","692","490","174","475","40","140","264","130","700","18","53","146","13","174","214","181","1143","140","140","3189","2222","0","0","0","0","0","-59900","5","-100.00","163","-362","138","0","0","","0","0","0","","",""
"080040","0001","0","59600","59700","59800","59900","60000","60100","60200","60300","60400","60500","59500","59400","59300","59200","59100","59000","58900","58800","58700","58600","108","692","490","174","475","40","140","264","130","700","18","53","146","13","174","214","181","1143","140","140","3213","2222","0","0","0","0","0","-59900","5","-100.00","163","24","0","0","0","","0","0","0","","",""
"080040","0002","0","59600","59700","59800","59900","60000","60100","60200","60300","60400","60500","59500","59400","59300","59200","59100","59000","58900","58800","58700","58600","118","692","490","174","475","40","140","264","130","700","18","53","146","13","174","109","181","1143","140","240","3223","2217","0","0","0","0","0","-59900","5","-100.00","163","0","0","0","0","","0","0","0","","",""
"080042","0000","0","59600","59700","59800","59900","60000","60100","60200","60300","60400","60500","59500","59400","59300","59200","59100","59000","58900","58800","58700","58600","118","692","490","174","475","40","140","264","130","700","23","53","146","13","174","109","181","1143","140","240","3223","2222","0","0","0","0","0","-59900","5","-100.00","163","0","5","0","0","","0","0","0","","",""
"080043","0000","0","59600","59700","59800","59900","60000","60100","60200","60300","60400","60500","59500","59400","59300","59200","59100","59000","58900","58800","58700","58600","118","692","490","174","475","40","140","264","130","700","23","53","146","13","174","109","205","1143","140","240","3223","2246","0","0","0","0","0","-59900","5","-100.00","163","0","24","0","0","","0","0","0","","",""
"080043","0001","0","59600","59700","59800","59900","60000","60100","60200","60300","60400","60500","59500","59400","59300","59200","59100","59000","58900","58800","58700","58600","118","692","490","174","475","40","140","264","130","700","38","53","151","13","174","109","205","1143","140","240","3223","2266","0","0","0","0","0","-59900","5","-100.00","163","0","15","0","0","","0","0","0","","",""
"080043","0002","0","59600","59700","59800","59900","60000","60100","60200","60300","60400","60500","59500","59400","59300","59200","59100","59000","58900","58800","58700","58600","121","692","490","174","475","40","140","264","130","700","38","53","151","13","174","109","205","1143","140","240","3226","2266","0","0","0","0","0","-59900","5","-100.00","163","3","0","0","0","","0","0","0","","",""
"080043","0003","0","59600","59700","59800","59900","60000","60100","60200","60300","60400","60500","59500","59400","59300","59200","59100","59000","58900","58800","58700","58600","121","692","490","174","475","80","140","264","130","700","38","53","151","13","174","109","205","1143","140","240","3266","2266","0","0","0","0","0","-59900","5","-100.00","163","40","0","0","0","","0","0","0","","",""
"080044","0000","0","59600","59700","59800","59900","60000","60100","60200","60300","60400","60500","59500","59400","59300","59200","59100","59000","58900","58800","58700","58600","121","692","490","174","475","80","140","264","130","700","38","53","151","13","174","149","205","1143","140","240","3266","2306","0","0","0","0","0","-59900","5","-100.00","163","0","40","0","0","","0","0","0","","",""
"080045","0000","0","59600","59700","59800","59900","60000","60100","60200","60300","60400","60500","59500","59400","59300","59200","59100","59000","58900","58800","58700","58600","121","692","495","174","470","80","140","264","130","700","38","53","151","13","174","149","205","1143","140","240","3266","2306","0","0","0","0","0","-59900","5","-100.00","163","0","0","0","0","","0","0","0","","",""
"080045","0001","0","59600","59700","59800","59900","60000","60100","60200","60300","60400","60500","59500","59400","59300","59200","59100","59000","58900","58800","58700","58600","121","692","495","174","470","1080","140","264","130","700","38","53","151","13","174","149","205","1143","140","240","4266","2306","0","0","0","0","0","-59900","5","-100.00","163","1000","0","0","0","","0","0","0","","",""
"080046","0000","0","59600","59700","59800","59900","60000","60100","60200","60300","60400","60500","59500","59400","59300","59200","59100","59000","58900","58800","58700","58600","121","692","495","174","470","1080","140","264","130","700","38","53","151","13","174","159","205","1143","140","240","4266","2316","0","0","0","0","0","-59900","5","-100.00","164","0","0","0","0","","0","0","0","","",""
"080046","0001","0","59600","59700","59800","59900","60000","60100","60200","60300","60400","60500","59500","59400","59300","59200","59100","59000","58900","58800","58700","58600","121","692","495","174","470","1080","140","264","130","700","38","53","151","13","175","159","205","1143","141","240","4266","2318","0","0","0","0","0","-59900","5","-100.00","164","0","2","0","0","","0","0","0","","",""
"080047","0000","0","59600","59700","59800","59900","60000","60100","60200","60300","60400","60500","59500","59400","59300","59200","59100","59000","58900","58800","58700","58600","121","692","510","174","470","1080","140","264","130","700","38","53","151","13","175","159","205","1143","141","240","4281","2318","0","0","0","0","0","-59900","5","-100.00","164","15","0","0","0","","0","0","0","","",""
"080047","0001","0","59500","59600","59700","59800","59900","60000","60100","60200","60300","60400","59400","59300","59200","59100","59000","58900","58800","58700","58600","58500","8","101","688","510","174","470","1080","140","264","130","53","151","13","175","159","205","1143","146","240","11","3565","2296","0","0","0","0","0","-59900","5","-100.00","202","0","5","0","0","","0","0","0","","",""
"080047","0002","0","59500","59600","59700","59800","59900","60000","60100","60200","60300","60400","59400","59300","59200","59100","59000","58900","58800","58700","58600","58500","16","101","680","510","174","470","1080","140","264","130","53","151","13","175","159","205","1143","146","240","11","3565","2296","0","0","0","0","0","-59900","5","-100.00","202","0","0","0","0","","0","0","0","","",""
"080047","0003","0","59500","59600","59700","59800","59900","60000","60100","60200","60300","60400","59400","59300","59200","59100","59000","58900","58800","58700","58600","58500","16","101","680","510","174","470","1080","140","279","130","53","151","13","175","159","205","1143","146","240","11","3580","2296","0","0","0","0","0","-59900","5","-100.00","202","15","0","0","0","","0","0","0","","",""
"080048","0000","0","59500","59600","59700","59800","59900","60000","60100","60200","60300","60400","59400","59300","59200","59100","59000","58900","58800","58700","58600","58500","16","113","680","510","174","470","1080","140","279","130","53","151","13","177","159","205","1143","146","240","12","3592","2299","0","0","0","0","0","-59900","5","-100.00","202","0","1","0","0","","0","0","0","","",""
"080048","0001","0","59500","59600","59700","59800","59900","60000","60100","60200","60300","60400","59400","59300","59200","59100","59000","58900","58800","58700","58600","58500","16","113","680","510","174","470","1080","140","279","130","53","151","13","177","159","205","1143","146","240","12","3592","2299","0","0","0","0","0","-59900","5","-100.00","202","0","0","0","0","","0","0","0","","",""
"080049","0000","0","59500","59600","59700","59800","59900","60000","60100","60200","60300","60400","59400","59300","59200","59100","59000","58900","58800","58700","58600","58500","16","113","680","510","174","470","1080","140","279","130","53","148","13","177","159","205","1143","146","240","12","3592","2296","0","0","0","0","0","-59900","5","-100.00","202","0","-3","0","0","","0","0","0","","",""
"080050","0000","0","59500","59600","59700","59800","59900","60000","60100","60200","60300","60400","59400","59300","59200","59100","59000","58900","58800","58700","58600","58500","16","128","680","510","174","470","1080","140","279","130","65","148","13","177","159","205","1143","146","240","12","3607","2308","0","0","0","0","0","-59900","5","-100.00","202","15","0","0","0","","0","0","0","","",""
"080050","0001","0","59500","59600","59700","59800","59900","60000","60100","60200","60300","60400","59400","59300","59200","59100","59000","58900","58800","58700","58600","58500","16","128","680","510","174","470","1080","140","279","133","65","148","13","177","209","205","1143","146","240","12","3610","2358","0","0","0","0","0","-59900","5","-100.00","202","3","0","0","0","","0","0","0","","",""
"080051","0000","0","59500","59600","59700","59800","59900","60000","60100","60200","60300","60400","59400","59300","59200","59100","59000","58900","58800","58700","58600","58500","16","228","680","510","174","470","1080","140","279","133","65","148","13","177","209","205","1143","146","240","12","3710","2358","0","0","0","0","0","-59900","5","-100.00","202","100","0","0","0","","0","0","0","","",""
"080051","0001","0","59400","59500","59600","59700","59800","59900","60000","60100","60200","60300","59300","59200","59100","59000","58900","58800","58700","58600","58500","58400","6","16","274","534","510","174","470","1080","140","279","67","13","177","209","205","1143","146","240","12","11","3483","2223","0","0","0","0","0","-59900","5","-100.00","348","-279","-135","0","0","","0","0","0","","",""
"080051","0002","0","59400","59500","59600","59700","59800","59900","60000","60100","60200","60300","59300","59200","59100","59000","58900","58800","58700","58600","58500","58400","6","16","274","534","510","174","470","1080","140","279","67","13","177","209","205","1143","146","240","62","11","3483","2273","0","0","0","0","0","-59900","5","-100.00","348","0","50","0","0","","0","0","0","","",""
"080052","0000","0","59500","59600","59700","59800","59900","60000","60100","60200","60300","60400","59300","59200","59100","59000","58900","58800","58700","58600","58500","58400","36","274","534","510","174","470","1080","140","279","133","67","13","177","209","205","1143","146","240","62","11","3630","2273","0","0","0","0","0","-59900","5","-100.00","349","127","0","0","0","","0","0","0","","",""
"080052","0001","0","59400","59500","59600","59700","59800","59900","60000","60100","60200","60300","59300","59200","59100","59000","58900","58800","58700","58600","58500","58400","7","354","274","534","510","174","470","1080","140","279","67","13","182","209","205","1143","146","240","62","11","3822","2278","0","0","0","0","0","-59900","5","-100.00","349","192","0","0","0","","0","0","0","","",""
"080052","0002","0","59400","59500","59600","59700","59800","59900","60000","60100","60200","60300","59300","59200","59100","59000","58900","58800","58700","58600","58500","58400","7","268","274","534","510","174","470","1080","140","279","67","13","182","209","205","1143","146","240","62","11","3736","2278","0","0","0","0","0","-59900","5","-100.00","449","-86","0","0","0","","0","0","0","","",""
"080052","0003","0","59400","59500","59600","59700","59800","59900","60000","60100","60200","60300","59300","59200","59100","59000","58900","58800","58700","58600","58500","58400","7","268","274","534","510","174","470","1080","140","279","67","13","182","209","206","1143","146","240","62","11","3736","2279","0","0","0","0","0","-59900","5","-100.00","449","0","1","0","0","","0","0","0","","",""
"080053","0000","0","59400","59500","59600","59700","59800","59900","60000","60100","60200","60300","59300","59200","59100","59000","58900","58800","58700","58600","58500","58400","7","268","274","534","510","174","470","1080","140","279","67","13","182","209","206","1143","146","240","62","511","3736","2779","0","0","0","0","0","-59900","5","-100.00","449","0","500","0","0","","0","0","0","","",""
"080053","0001","0","59400","59500","59600","59700","59800","59900","60000","60100","60200","60300","59300","59200","59100","59000","58900","58800","58700","58600","58500","58400","7","268","274","534","513","174","470","1080","140","279","67","13","182","209","206","1143","146","240","62","511","3739","2779","0","0","0","0","0","-59900","5","-100.00","449","3","0","0","0","","0","0","0","","",""
"080054","0000","0","59400","59500","59600","59700","59800","59900","60000","60100","60200","60300","59300","59200","59100","59000","58900","58800","58700","58600","58500","58400","7","268","274","134","513","174","470","1080","140","279","67","13","182","209","206","1143","146","240","62","511","3339","2779","0","0","0","0","0","-59900","5","-100.00","449","-400","0","0","0","","0","0","0","","",""
"080054","0001","0","59400","59500","59600","59700","59800","59900","60000","60100","60200","60300","59300","59200","59100","59000","58900","58800","58700","58600","58500","58400","8","269","274","134","513","174","470","1080","140","279","78","13","182","209","206","1143","146","240","62","511","3341","2790","0","0","0","0","0","-59900","5","-100.00","449","2","10","0","0","","0","0","0","","",""
"080054","0002","0","59400","59500","59600","59700","59800","59900","60000","60100","60200","60300","59300","59200","59100","59000","58900","58800","58700","58600","58500","58400","8","269","274","134","498","174","470","1080","140","279","78","13","182","209","206","1153","146","240","62","511","3326","2800","0","0","0","0","0","-59900","5","-100.00","449","-15","10","0","0","","0","0","0","","",""
"080054","0003","0","59400","59500","59600","59700","59800","59900","60000","60100","60200","60300","59300","59200","59100","59000","58900","58800","58700","58600","58500","58400","8","269","274","134","498","174","470","1080","140","279","78","13","182","209","206","1153","166","240","62","511","3326","2820","0","0","0","0","0","-59900","5","-100.00","449","0","20","0","0","","0","0","0","","",""
"080056","0000","0","59400","59500","59600","59700","59800","59900","60000","60100","60200","60300","59300","59200","59100","59000","58900","58800","58700","58600","58500","58400","8","269","274","134","498","174","470","1080","140","279","78","13","182","210","206","1153","166","240","62","511","3326","2821","0","0","0","0","0","-59900","5","-100.00","449","0","1","0","0","","0","0","0","","",""
"080057","0000","0","59400","59500","59600","59700","59800","59900","60000","60100","60200","60300","59300","59200","59100","59000","58900","58800","58700","58600","58500","58400","8","269","274","134","428","174","470","1080","140","279","78","13","182","210","206","1153","166","240","62","511","3256","2821","0","0","0","0","0","-59900","5","-100.00","449","-70","0","0","0","","0","0","0","","",""
"080057","0001","0","59400","59500","59600","59700","59800","59900","60000","60100","60200","60300","59300","59200","59100","59000","58900","58800","58700","58600","58500","58400","8","269","274","134","428","174","470","1080","140","279","78","13","192","210","206","1153","166","240","62","511","3256","2831","0","0","0","0","0","-59900","5","-100.00","449","0","10","0","0","","0","0","0","","",""
"080058","0000","0","59400","59500","59600","59700","59800","59900","60000","60100","60200","60300","59300","59200","59100","59000","58900","58800","58700","58600","58500","58400","8","269","274","134","428","174","470","1080","140","279","78","13","192","220","206","1153","166","240","62","511","3256","2841","0","0","0","0","0","-59900","5","-100.00","449","0","10","0","0","","0","0","0","","",""
"080058","0001","0","59400","59500","59600","59700","59800","59900","60000","60100","60200","60300","59300","59200","59100","59000","58900","58800","58700","58600","58500","58400","8","269","222","134","428","174","470","1080","140","279","78","13","192","220","206","1153","166","240","62","511","3204","2841","0","0","0","0","0","-59900","5","-100.00","449","-52","0","0","0","","0","0","0","","",""
"080059","0000","0","59400","59500","59600","59700","59800","59900","60000","60100","60200","60300","59300","59200","59100","59000","58900","58800","58700","58600","58500","58400","8","269","222","134","428","174","470","1080","140","279","78","13","192","220","249","1153","166","240","62","511","3204","2884","0","0","0","0","0","-59900","5","-100.00","449","0","5","0","0","","0","0","0","","",""
"080059","0001","0","59400","59500","59600","59700","59800","59900","60000","60100","60200","60300","59300","59200","59100","59000","58900","58800","58700","58600","58500","58400","8","269","222","134","428","174","470","1080","140","279","78","13","195","220","249","1153","166","240","62","511","3204","2887","0","0","0","0","0","-59900","5","-100.00","449","0","3","0","0","","0","0","0","","",""
"080059","0002","0","59500","59600","59700","59800","59900","60000","60100","60200","60300","60400","59300","59200","59100","59000","58900","58800","58700","58600","58500","58400","269","222","134","428","174","470","1080","140","279","133","79","13","195","220","249","1153","166","240","62","511","3329","2888","0","0","0","0","0","-59900","5","-100.00","449","125","1","0","0","","0","0","0","","",""
"080059","0003","0","59500","59600","59700","59800","59900","60000","60100","60200","60300","60400","59300","59200","59100","59000","58900","58800","58700","58600","58500","58400","269","222","134","428","174","500","1080","140","279","133","79","13","195","220","249","1153","166","240","62","511","3359","2888","0","0","0","0","0","-59900","5","-100.00","449","30","0","0","0","","0","0","0","","",""
"080100","0000","0","59500","59600","59700","59800","59900","60000","60100","60200","60300","60400","59300","59200","59100","59000","58900","58800","58700","58600","58500","58400","269","222","134","428","174","500","1080","140","279","133","80","13","195","220","249","1153","166","240","62","511","3359","2889","0","0","0","0","0","-59900","5","-100.00","449","0","1","0","0","","0","0","0","","",""
"080100","0001","0","59500","59600","59700","59800","59900","60000","60100","60200","60300","60400","59300","59200","59100","59000","58900","58800","58700","58600","58500","58400","269","222","134","428","174","500","1080","140","279","133","90","13","195","220","249","1153","166","240","62","511","3359","2899","0","0","0","0","0","-59900","5","-100.00","449","0","10","0","0","","0","0","0","","",""
"080100","0002","0","59500","59600","59700","59800","59900","60000","60100","60200","60300","60400","59300","59200","59100","59000","58900","58800","58700","58600","58500","58400","269","222","134","428","174","500","1080","140","279","133","90","13","195","220","249","1153","166","240","63","511","3359","2900","0","0","0","0","0","-59900","5","-100.00","449","0","1","0","0","","0","0","0","","",""
"080101","0000","0","59500","59600","59700","59800","59900","60000","60100","60200","60300","60400","59300","59200","59100","59000","58900","58800","58700","58600","58500","58400","269","222","134","383","174","500","1080","140","279","133","91","13","195","220","249","1153","166","240","63","511","3314","2901","0","0","0","0","0","-59900","5","-100.00","449","0","1","0","0","","0","0","0","","",""
"080101","0001","0","59500","59600","59700","59800","59900","60000","60100","60200","60300","60400","59300","59200","59100","59000","58900","58800","58700","58600","58500","58400","269","222","134","383","174","500","1080","140","279","133","91","13","195","223","349","1153","166","240","63","511","3314","3004","0","0","0","0","0","-59900","5","-100.00","449","0","100","0","0","","0","0","0","","",""
"080101","0002","0","59400","59500","59600","59700","59800","59900","60000","60100","60200","60300","59300","59200","59100","59000","58900","58800","58700","58600","58500","58400","45","269","222","134","383","174","500","1080","140","279","96","13","195","223","349","1153","166","240","63","511","3226","3009","0","0","0","0","0","-59900","5","-100.00","449","0","5","0","0","","0","0","0","","",""
"080102","0000","0","59400","59500","59600","59700","59800","59900","60000","60100","60200","60300","59300","59200","59100","59000","58900","58800","58700","58600","58500","58400","45","669","222","134","383","174","500","1080","140","279","96","13","195","226","349","1153","166","240","63","511","3626","3012","0","0","0","0","0","-59900","5","-100.00","449","400","0","0","0","","0","0","0","","",""
"080102","0001","0","59400","59500","59600","59700","59800","59900","60000","60100","60200","60300","59300","59200","59100","59000","58900","58800","58700","58600","58500","58400","45","669","222","134","383","174","500","1080","140","279","97","13","195","226","349","1153","166","240","63","511","3626","3013","0","0","0","0","0","-59900","5","-100.00","449","0","1","0","0","","0","0","0","","",""
"080102","0002","0","59400","59500","59600","59700","59800","59900","60000","60100","60200","60300","59300","59200","59100","59000","58900","58800","58700","58600","58500","58400","45","669","222","134","484","174","500","1080","140","279","97","13","195","226","349","1153","166","240","63","511","3727","3013","0","0","0","0","0","-59900","5","-100.00","449","101","0","0","0","","0","0","0","","",""
"080102","0003","0","59400","59500","59600","59700","59800","59900","60000","60100","60200","60300","59300","59200","59100","59000","58900","58800","58700","58600","58500","58400","45","669","122","134","484","174","500","1080","140","279","97","13","195","226","349","1153","166","240","63","511","3627","3013","0","0","0","0","0","-59900","5","-100.00","449","-100","0","0","0","","0","0","0","","",""
"080103","0000","0","59400","59500","59600","59700","59800","59900","60000","60100","60200","60300","59300","59200","59100","59000","58900","58800","58700","58600","58500","58400","45","669","122","134","484","174","500","1080","140","279","97","13","198","226","349","1153","166","240","63","511","3627","3016","0","0","0","0","0","-59900","5","-100.00","449","0","3","0","0","","0","0","0","","",""
"080103","0001","0","59400","59500","59600","59700","59800","59900","60000","60100","60200","60300","59300","59200","59100","59000","58900","58800","58700","58600","58500","58400","44","669","122","134","484","174","500","1080","140","279","97","13","198","226","349","1153","166","240","63","511","3626","3016","0","0","0","0","0","-59900","5","-100.00","450","-1","0","0","0","","0","0","0","","",""
"080103","0002","0","59400","59500","59600","59700","59800","59900","60000","60100","60200","60300","59300","59200","59100","59000","58900","58800","58700","58600","58500","58400","34","669","122","134","484","174","500","1080","140","279","97","13","198","226","349","1153","166","240","63","511","3616","3016","0","0","0","0","0","-59900","5","-100.00","460","-10","0","0","0","","0","0","0","","",""
"080103","0003","0","59400","59500","59600","59700","59800","59900","60000","60100","60200","60300","59300","59200","59100","59000","58900","58800","58700","58600","58500","58400","34","669","122","134","484","174","500","1080","140","279","97","13","198","226","359","1153","166","240","63","511","3616","3026","0","0","0","0","0","-59900","5","-100.00","460","0","10","0","0","","0","0","0","","",""
"080104","0000","0","59400","59500","59600","59700","59800","59900","60000","60100","60200","60300","59300","59200","59100","59000","58900","58800","58700","58600","58500","58400","17","669","122","134","484","174","500","1080","140","279","97","13","198","226","362","1153","166","240","63","511","3599","3029","0","0","0","0","0","-59900","5","-100.00","477","-17","0","0","0","","0","0","0","","",""
"080104","0001","0","59400","59500","59600","59700","59800","59900","60000","60100","60200","60300","59300","59200","59100","59000","58900","58800","58700","58600","58500","58400","7","669","122","134","484","174","500","1080","140","279","97","13","198","226","362","1153","166","240","63","511","3589","3029","0","0","0","0","0","-59900","5","-100.00","487","-10","0","0","0","","0","0","0","","",""
"080104","0002","0","59400","59500","59600","59700","59800","59900","60000","60100","60200","60300","59300","59200","59100","59000","58900","58800","58700","58600","58500","58400","7","669","122","134","484","174","500","1080","140","279","197","13","198","226","362","1153","166","240","63","511","3589","3129","0","0","0","0","0","-59900","5","-100.00","487","0","100","0","0","","0","0","0","","",""
"080105","0000","0","59400","59500","59600","59700","59800","59900","60000","60100","60200","60300","59300","59200","59100","59000","58900","58800","58700","58600","58500","58400","7","669","122","134","484","174","500","1080","140","279","197","13","198","227","363","1153","166","240","63","511","3589","3131","0","0","0","0","0","-59900","5","-100.00","487","0","2","0","0","","0","0","0","","",""
"080105","0001","0","59400","59500","59600","59700","59800","59900","60000","60100","60200","60300","59300","59200","59100","59000","58900","58800","58700","58600","58500","58400","7","669","122","134","484","174","500","1080","140","279","197","13","198","227","363","1153","168","240","65","511","3589","3135","0","0","0","0","0","-59900","5","-100.00","487","0","2","0","0","","0","0","0","","",""
"080105","0002","0","59400","59500","59600","59700","59800","59900","60000","60100","60200","60300","59300","59200","59100","59000","58900","58800","58700","58600","58500","58400","7","669","122","134","484","174","500","1080","140","279","197","13","198","307","363","1153","173","240","65","511","3589","3220","0","0","0","0","0","-59900","5","-100.00","487","0","5","0","0","","0","0","0","","",""
"080339","0000","0","59400","59500","59600","59700","59800","59900","60000","60100","60200","60300","59300","59200","59100","59000","58900","58800","58700","58600","58500","58400","433","5","127","187","186","199","494","1063","140","279","359","1355","2241","2289","1047","2504","243","1343","1463","2145","3113","14989","0","0","0","0","0","-59900","5","-100.00","3652","0","10","0","0","","0","0","0","","",""
"080339","0001","0","59400","59500","59600","59700","59800","59900","60000","60100","60200","60300","59300","59200","59100","59000","58900","58800","58700","58600","58500","58400","433","5","127","187","186","199","494","1063","140","279","596","1255","2241","2289","1047","2504","243","1343","1463","2145","3113","15126","0","0","0","0","0","-59900","5","-100.00","3652","0","137","0","0","","0","0","0","","",""
"080339","0002","0","59400","59500","59600","59700","59800","59900","60000","60100","60200","60300","59300","59200","59100","59000","58900","58800","58700","58600","58500","58400","433","5","127","187","186","199","494","1063","140","279","596","1256","2241","2289","1047","2504","243","1343","1463","2145","3113","15127","0","0","0","0","0","-59900","5","-100.00","3652","0","1","0","0","","0","0","0","","",""
"080340","0000","0","59400","59500","59600","59700","59800","59900","60000","60100","60200","60300","59300","59200","59100","59000","58900","58800","58700","58600","58500","58400","433","5","127","187","186","199","494","1063","140","279","596","1261","2241","2289","1047","2504","243","1343","1463","2145","3113","15132","0","0","0","0","0","-59900","5","-100.00","3652","0","5","0","0","","0","0","0","","",""
"080342","0000","0","59400","59500","59600","59700","59800","59900","60000","60100","60200","60300","59300","59200","59100","59000","58900","58800","58700","58600","58500","58400","433","5","127","187","186","199","494","1063","140","279","596","1263","2241","2289","1047","2504","243","1343","1463","2145","3113","15134","0","0","0","0","0","-59900","5","-100.00","3652","0","2","0","0","","0","0","0","","",""
"080342","0001","0","59400","59500","59600","59700","59800","59900","60000","60100","60200","60300","59300","59200","59100","59000","58900","58800","58700","58600","58500","58400","433","5","132","187","186","199","494","1063","140","279","597","1263","2242","2289","1047","2504","243","1343","1463","2145","3118","15136","0","0","0","0","0","-59900","5","-100.00","3652","0","1","0","0","","0","0","0","","",""
"080342","0002","0","59400","59500","59600","59700","59800","59900","60000","60100","60200","60300","59300","59200","59100","59000","58900","58800","58700","58600","58500","58400","433","5","132","187","186","199","494","1063","140","279","597","1264","2242","2289","1047","2504","243","1343","1463","2145","3118","15137","0","0","0","0","0","-59900","5","-100.00","3652","0","1","0","0","","0","0","0","","",""
"080343","0000","0","59400","59500","59600","59700","59800","59900","60000","60100","60200","60300","59300","59200","59100","59000","58900","58800","58700","58600","58500","58400","433","5","132","187","186","199","494","1063","140","279","547","1264","2242","2289","1047","2504","243","1343","1493","2145","3118","15117","0","0","0","0","0","-59900","5","-100.00","3702","0","30","0","0","","0","0","0","","",""
"080343","0001","0","59400","59500","59600","59700","59800","59900","60000","60100","60200","60300","59300","59200","59100","59000","58900","58800","58700","58600","58500","58400","433","5","132","187","186","199","494","1063","140","279","547","1274","2242","2289","1047","2504","243","1343","1493","2145","3118","15127","0","0","0","0","0","-59900","5","-100.00","3702","0","10","0","0","","0","0","0","","",""
"080343","0002","0","59400","59500","59600","59700","59800","59900","60000","60100","60200","60300","59300","59200","59100","59000","58900","58800","58700","58600","58500","58400","433","5","132","187","186","199","494","1063","140","279","547","1274","2242","2292","1047","2504","243","1343","1496","2145","3118","15133","0","0","0","0","0","-59900","5","-100.00","3702","0","6","0","0","","0","0","0","","",""
"080343","0003","0","59400","59500","59600","59700","59800","59900","60000","60100","60200","60300","59300","59200","59100","59000","58900","58800","58700","58600","58500","58400","429","5","132","187","186","199","494","1063","140","279","547","1274","2242","2292","1047","2504","243","1343","1496","2145","3114","15133","0","0","0","0","0","-59900","5","-100.00","3706","-4","0","0","0","","0","0","0","","",""
"080344","0000","0","59400","59500","59600","59700","59800","59900","60000","60100","60200","60300","59300","59200","59100","59000","58900","58800","58700","58600","58500","58400","429","5","132","187","186","199","494","1063","140","287","582","1274","2242","2293","1047","2524","243","1343","1496","2145","3122","15189","0","0","0","0","0","-59900","5","-100.00","3706","0","2","0","0","","0","0","0","","",""
"080344","0001","0","59400","59500","59600","59700","59800","59900","60000","60100","60200","60300","59300","59200","59100","59000","58900","58800","58700","58600","58500","58400","329","5","132","187","186","199","494","1063","140","287","483","1274","2242","2293","1047","2524","243","1343","1496","2145","3022","15090","0","0","0","0","0","-59900","5","-100.00","3806","0","1","0","0","","0","0","0","","",""
"080344","0002","0","59400","59500","59600","59700","59800","59900","60000","60100","60200","60300","59300","59200","59100","59000","58900","58800","58700","58600","58500","58400","329","5","132","187","186","199","494","1063","140","287","483","1274","2243","2293","1047","2524","243","1343","1496","2145","3022","15091","0","0","0","0","0","-59900","5","-100.00","3806","0","1","0","0","","0","0","0","","",""
"080344","0003","0","59400","59500","59600","59700","59800","59900","60000","60100","60200","60300","59300","59200","59100","59000","58900","58800","58700","58600","58500","58400","329","5","132","187","186","199","494","1063","140","287","489","1274","2243","2293","1047","2524","243","1343","1496","2145","3022","15097","0","0","0","0","0","-59900","5","-100.00","3806","0","6","0","0","","0","0","0","","",""
"080345","0000","0","59400","59500","59600","59700","59800","59900","60000","60100","60200","60300","59300","59200","59100","59000","58900","58800","58700","58600","58500","58400","329","5","132","187","186","199","494","1063","140","287","499","1274","2245","2293","1047","2524","243","1343","1496","2145","3022","15109","0","0","0","0","0","-59900","5","-100.00","3806","0","12","0","0","","0","0","0","","",""
"080345","0001","0","59400","59500","59600","59700","59800","59900","60000","60100","60200","60300","59300","59200","59100","59000","58900","58800","58700","58600","58500","58400","329","5","132","187","186","199","494","1063","140","287","499","1274","2245","2313","1047","2524","243","1343","1496","2145","3022","15129","0","0","0","0","0","-59900","5","-100.00","3806","0","20","0","0","","0","0","0","","",""
"080345","0002","0","59400","59500","59600","59700","59800","59900","60000","60100","60200","60300","59300","59200","59100","59000","58900","58800","58700","58600","58500","58400","381","5","132","187","186","199","494","1063","140","287","499","1274","2245","2341","1047","2524","243","1343","1496","2145","3074","15157","0","0","0","0","0","-59900","5","-100.00","3806","0","28","0","0","","0","0","0","","",""
"080345","0003","0","59400","59500","59600","59700","59800","59900","60000","60100","60200","60300","59300","59200","59100","59000","58900","58800","58700","58600","58500","58400","381","5","132","187","186","199","494","1063","140","287","502","1274","2245","2341","1047","2524","243","1343","1496","2145","3074","15160","0","0","0","0","0","-59900","5","-100.00","3806","0","3","0","0","","0","0","0","","",""
"080345","0004","0","59400","59500","59600","59700","59800","59900","60000","60100","60200","60300","59300","59200","59100","59000","58900","58800","58700","58600","58500","58400","381","5","132","187","186","199","494","1063","140","287","502","1273","2245","2341","1047","2524","243","1343","1496","2145","3074","15159","0","0","0","0","0","-59900","5","-100.00","3806","0","-1","0","0","","0","0","0","","",""
"080346","0000","0","59400","59500","59600","59700","59800","59900","60000","60100","60200","60300","59300","59200","59100","59000","58900","58800","58700","58600","58500","58400","381","5","132","187","186","199","494","1063","140","287","503","1273","2245","2341","1046","2524","244","1343","1496","2145","3074","15160","0","0","0","0","0","-59900","5","-100.00","3806","0","0","0","0","","0","0","0","","",""
"080346","0001","0","59400","59500","59600","59700","59800","59900","60000","60100","60200","60300","59300","59200","59100","59000","58900","58800","58700","58600","58500","58400","381","5","132","187","186","199","494","1063","140","287","503","1273","2245","2341","1046","2525","244","1343","1496","2145","3074","15161","0","0","0","0","0","-59900","5","-100.00","3806","0","1","0","0","","0","0","0","","",""
"080346","0002","0","59400","59500","59600","59700","59800","59900","60000","60100","60200","60300","59300","59200","59100","59000","58900","58800","58700","58600","58500","58400","381","5","132","187","186","199","494","1063","140","287","503","1273","2295","2346","1046","2525","244","1343","1496","2145","3074","15216","0","0","0","0","0","-59900","5","-100.00","3806","0","50","0","0","","0","0","0","","",""
"080347","0000","0","59400","59500","59600","59700","59800","59900","60000","60100","60200","60300","59300","59200","59100","59000","58900","58800","58700","58600","58500","58400","381","5","132","187","186","199","494","1063","140","287","503","1273","2295","2347","1046","2525","244","1343","1496","2145","3074","15217","0","0","0","0","0","-59900","5","-100.00","3806","0","1","0","0","","0","0","0","","",""
"080347","0001","0","59400","59500","59600","59700","59800","59900","60000","60100","60200","60300","59300","59200","59100","59000","58900","58800","58700","58600","58500","58400","381","5","132","187","186","199","494","1063","140","287","513","1273","2295","2347","1046","2515","244","1343","1496","2145","3074","15217","0","0","0","0","0","-59900","5","-100.00","3806","0","0","0","0","","0","0","0","","",""
"080348","0000","0","59400","59500","59600","59700","59800","59900","60000","60100","60200","60300","59300","59200","59100","59000","58900","58800","58700","58600","58500","58400","381","5","132","187","186","199","494","1063","140","287","513","1273","2295","2347","1046","2550","244","1343","1496","2145","3074","15252","0","0","0","0","0","-59900","5","-100.00","3806","0","35","0","0","","0","0","0","","",""
"080348","0001","0","59400","59500","59600","59700","59800","59900","60000","60100","60200","60300","59300","59200","59100","59000","58900","58800","58700","58600","58500","58400","381","5","132","187","186","199","494","1063","140","287","513","1274","2295","2347","1046","2550","244","1343","1496","2145","3074","15253","0","0","0","0","0","-59900","5","-100.00","3806","0","1","0","0","","0","0","0","","",""
"080348","0002","0","59400","59500","59600","59700","59800","59900","60000","60100","60200","60300","59300","59200","59100","59000","58900","58800","58700","58600","58500","58400","381","5","132","187","186","199","494","1063","140","287","513","1284","2295","2347","1046","2550","244","1343","1496","2145","3074","15263","0","0","0","0","0","-59900","5","-100.00","3806","0","10","0","0","","0","0","0","","",""
"080349","0000","0","59400","59500","59600","59700","59800","59900","60000","60100","60200","60300","59300","59200","59100","59000","58900","58800","58700","58600","58500","58400","381","5","132","187","186","199","494","1063","140","287","515","1284","2295","2347","1046","2550","244","1343","1496","2145","3074","15265","0","0","0","0","0","-59900","5","-100.00","3806","0","2","0","0","","0","0","0","","",""
"080350","0000","0","59400","59500","59600","59700","59800","59900","60000","60100","60200","60300","59300","59200","59100","59000","58900","58800","58700","58600","58500","58400","381","5","132","187","186","199","494","1063","140","287","515","1284","2295","2397","1046","2550","244","1343","1496","2145","3074","15315","0","0","0","0","0","-59900","5","-100.00","3806","0","50","0","0","","0","0","0","","",""
"080350","0001","0","59400","59500","59600","59700","59800","59900","60000","60100","60200","60300","59300","59200","59100","59000","58900","58800","58700","58600","58500","58400","381","5","132","187","186","199","494","1063","140","287","515","1286","2295","2402","1046","2550","244","1343","1496","2145","3074","15322","0","0","0","0","0","-59900","5","-100.00","3806","0","2","0","0","","0","0","0","","",""
"080350","0002","0","59400","59500","59600","59700","59800","59900","60000","60100","60200","60300","59300","59200","59100","59000","58900","58800","58700","58600","58500","58400","381","5","132","187","186","199","494","1063","140","287","516","1286","2295","2402","1046","2550","244","1343","1496","2145","3074","15323","0","0","0","0","0","-59900","5","-100.00","3806","0","1","0","0","","0","0","0","","",""
"080350","0003","0","59400","59500","59600","59700","59800","59900","60000","60100","60200","60300","59300","59200","59100","59000","58900","58800","58700","58600","58500","58400","381","5","132","187","186","199","494","1063","140","287","518","1286","2295","2402","1046","2550","244","1343","1496","2145","3074","15325","0","0","0","0","0","-59900","5","-100.00","3806","0","2","0","0","","0","0","0","","",""
"080351","0000","0","59400","59500","59600","59700","59800","59900","60000","60100","60200","60300","59300","59200","59100","59000","58900","58800","58700","58600","58500","58400","381","5","132","187","186","199","494","1063","140","287","518","1286","2295","2402","1046","2650","244","1343","1496","2145","3074","15425","0","0","0","0","0","-59900","5","-100.00","3806","0","100","0","0","","0","0","0","","",""
"080351","0001","0","59400","59500","59600","59700","59800","59900","60000","60100","60200","60300","59300","59200","59100","59000","58900","58800","58700","58600","58500","58400","381","5","132","187","186","199","494","1063","140","287","518","1286","2295","2402","1046","2650","245","1343","1496","2145","3074","15426","0","0","0","0","0","-59900","5","-100.00","3806","0","1","0","0","","0","0","0","","",""
"080351","0002","0","59400","59500","59600","59700","59800","59900","60000","60100","60200","60300","59300","59200","59100","59000","58900","58800","58700","58600","58500","58400","381","5","132","187","186","199","494","1063","140","287","518","1286","2295","2402","1047","2650","245","1343","1496","2145","3074","15427","0","0","0","0","0","-59900","5","-100.00","3806","0","1","0","0","","0","0","0","","",""
"080352","0000","0","59400","59500","59600","59700","59800","59900","60000","60100","60200","60300","59300","59200","59100","59000","58900","58800","58700","58600","58500","58400","381","5","132","187","186","199","494","1063","140","287","516","1286","2295","2402","1047","2650","245","1343","1496","2145","3074","15425","0","0","0","0","0","-59900","5","-100.00","3810","0","2","0","0","","0","0","0","","",""
"080352","0001","0","59400","59500","59600","59700","59800","59900","60000","60100","60200","60300","59300","59200","59100","59000","58900","58800","58700","58600","58500","58400","381","5","132","187","186","199","494","1063","140","287","516","1286","2315","2402","1047","2650","245","1343","1496","2145","3074","15445","0","0","0","0","0","-59900","5","-100.00","3810","0","20","0","0","","0","0","0","","",""
"080353","0000","0","59400","59500","59600","59700","59800","59900","60000","60100","60200","60300","59300","59200","59100","59000","58900","58800","58700","58600","58500","58400","381","5","132","187","186","199","494","1063","140","287","526","1286","2315","2402","1047","2650","245","1343","1496","2145","3074","15455","0","0","0","0","0","-59900","5","-100.00","3810","0","10","0","0","","0","0","0","","",""
"080353","0001","0","59400","59500","59600","59700","59800","59900","60000","60100","60200","60300","59300","59200","59100","59000","58900","58800","58700","58600","58500","58400","381","5","132","187","186","199","494","1063","140","287","527","1286","2315","2402","1047","2650","245","1343","1497","2145","3074","15457","0","0","0","0","0","-59900","5","-100.00","3810","0","1","0","0","","0","0","0","","",""
"080353","0002","0","59400","59500","59600","59700","59800","59900","60000","60100","60200","60300","59300","59200","59100","59000","58900","58800","58700","58600","58500","58400","381","5","132","187","186","199","494","1063","140","287","533","1286","2315","2402","1047","2650","245","1343","1497","2145","3074","15463","0","0","0","0","0","-59900","5","-100.00","3810","0","3","0","0","","0","0","0","","",""
"080353","0003","0","59400","59500","59600","59700","59800","59900","60000","60100","60200","60300","59300","59200","59100","59000","58900","58800","58700","58600","58500","58400","374","5","132","187","186","199","494","1063","140","287","533","1286","2315","2402","1047","2650","245","1343","1497","2145","3067","15463","0","0","0","0","0","-59900","5","-100.00","3817","-7","0","0","0","","0","0","0","","",""
"080354","0000","0","59400","59500","59600","59700","59800","59900","60000","60100","60200","60300","59300","59200","59100","59000","58900","58800","58700","58600","58500","58400","374","5","132","187","186","199","494","1063","140","287","533","1286","2315","2402","1047","2650","295","1343","1497","2145","3067","15513","0","0","0","0","0","-59900","5","-100.00","3817","0","50","0","0","","0","0","0","","",""
"080354","0001","0","59400","59500","59600","59700","59800","59900","60000","60100","60200","60300","59300","59200","59100","59000","58900","58800","58700","58600","58500","58400","374","5","132","187","186","199","494","1063","140","287","533","1286","2315","2402","1047","2650","295","1343","1502","2145","3067","15518","0","0","0","0","0","-59900","5","-100.00","3817","0","5","0","0","","0","0","0","","",""
"080354","0002","0","59400","59500","59600","59700","59800","59900","60000","60100","60200","60300","59300","59200","59100","59000","58900","58800","58700","58600","58500","58400","353","5","132","187","186","199","494","1063","140","287","533","1286","2315","2402","1047","2650","295","1343","1502","2145","3046","15518","0","0","0","0","0","-59900","5","-100.00","3838","-21","0","0","0","","0","0","0","","",""
"080354","0003","0","59400","59500","59600","59700","59800","59900","60000","60100","60200","60300","59300","59200","59100","59000","58900","58800","58700","58600","58500","58400","353","5","132","187","186","199","494","1063","140","287","533","1286","2315","2402","1047","2750","295","1343","1502","2145","3046","15618","0","0","0","0","0","-59900","5","-100.00","3838","0","100","0","0","","0","0","0","","",""
"080355","0000","0","59400","59500","59600","59700","59800","59900","60000","60100","60200","60300","59300","59200","59100","59000","58900","58800","58700","58600","58500","58400","353","5","132","187","186","199","494","1063","140","287","533","1286","2316","2402","1047","2750","295","1343","1502","2145","3046","15619","0","0","0","0","0","-59900","5","-100.00","3838","0","1","0","0","","0","0","0","","",""
"080355","0001","0","59400","59500","59600","59700","59800","59900","60000","60100","60200","60300","59300","59200","59100","59000","58900","58800","58700","58600","58500","58400","353","5","132","187","186","199","494","1063","140","287","535","1286","2316","2402","1047","2750","295","1343","1502","2145","3046","15621","0","0","0","0","0","-59900","5","-100.00","3838","0","2","0","0","","0","0","0","","",""
"080355","0002","0","59400","59500","59600","59700","59800","59900","60000","60100","60200","60300","59300","59200","59100","59000","58900","58800","58700","58600","58500","58400","353","5","132","187","186","199","494","1063","140","287","535","1286","2321","2402","1047","2753","295","1343","1502","2145","3046","15629","0","0","0","0","0","-59900","5","-100.00","3838","0","5","0","0","","0","0","0","","",""
"080356","0000","0","59400","59500","59600","59700","59800","59900","60000","60100","60200","60300","59300","59200","59100","59000","58900","58800","58700","58600","58500","58400","353","5","132","187","186","199","494","1063","140","287","546","1286","2321","2402","1047","2763","295","1343","1502","2145","3046","15650","0","0","0","0","0","-59900","5","-100.00","3838","0","1","0","0","","0","0","0","","",""
"080356","0001","0","59400","59500","59600","59700","59800","59900","60000","60100","60200","60300","59300","59200","59100","59000","58900","58800","58700","58600","58500","58400","353","5","132","187","186","199","494","1063","140","287","547","1286","2321","2402","1047","2763","295","1343","1502","2145","3046","15651","0","0","0","0","0","-59900","5","-100.00","3838","0","1","0","0","","0","0","0","","",""
"080356","0002","0","59400","59500","59600","59700","59800","59900","60000","60100","60200","60300","59300","59200","59100","59000","58900","58800","58700","58600","58500","58400","353","5","132","187","186","199","494","1063","140","287","547","1286","2321","2402","1047","2763","295","1343","1512","2145","3046","15661","0","0","0","0","0","-59900","5","-100.00","3838","0","10","0","0","","0","0","0","","",""
"080357","0000","0","59400","59500","59600","59700","59800","59900","60000","60100","60200","60300","59300","59200","59100","59000","58900","58800","58700","58600","58500","58400","353","5","132","187","186","199","494","1063","140","287","541","1286","2321","2402","1047","2763","295","1343","1512","2145","3046","15655","0","0","0","0","0","-59900","5","-100.00","3838","0","-6","0","0","","0","0","0","","",""
"080358","0000","0","59400","59500","59600","59700","59800","59900","60000","60100","60200","60300","59300","59200","59100","59000","58900","58800","58700","58600","58500","58400","353","5","132","187","186","199","494","1063","140","287","544","1286","2321","2402","1047","2763","295","1343","1512","2145","3046","15658","0","0","0","0","0","-59900","5","-100.00","3838","0","3","0","0","","0","0","0","","",""
"080358","0001","0","59400","59500","59600","59700","59800","59900","60000","60100","60200","60300","59300","59200","59100","59000","58900","58800","58700","58600","58500","58400","53","5","132","187","186","199","494","1063","140","287","545","1286","2321","2402","1047","2763","295","1343","1512","2145","2746","15659","0","0","0","0","0","-59900","5","-100.00","4138","-300","1","0","0","","0","0","0","","",""
"080358","0002","0","59400","59500","59600","59700","59800","59900","60000","60100","60200","60300","59300","59200","59100","59000","58900","58800","58700","58600","58500","58400","53","5","132","187","186","199","494","1063","140","287","555","1276","2321","2402","1047","2763","295","1343","1512","2145","2746","15659","0","0","0","0","0","-59900","5","-100.00","4138","0","10","0","0","","0","0","0","","",""
"080358","0003","0","59400","59500","59600","59700","59800","59900","60000","60100","60200","60300","59300","59200","59100","59000","58900","58800","58700","58600","58500","58400","53","5","182","187","186","199","494","1063","140","287","555","1276","2321","2402","1047","2763","295","1343","1512","2145","2796","15659","0","0","0","0","0","-59900","5","-100.00","4138","50","0","0","0","","0","0","0","","",""
"080359","0000","0","59400","59500","59600","59700","59800","59900","60000","60100","60200","60300","59300","59200","59100","59000","58900","58800","58700","58600","58500","58400","53","5","182","187","186","199","494","1063","140","287","545","1276","2321","2402","1047","2763","295","1343","1512","2145","2796","15649","0","0","0","0","0","-59900","5","-100.00","4148","0","-10","0","0","","0","0","0","","",""
"080400","0000","0","59400","59500","59600","59700","59800","59900","60000","60100","60200","60300","59300","59200","59100","59000","58900","58800","58700","58600","58500","58400","53","5","182","187","186","199","494","1063","140","287","545","1277","2322","2402","1047","2811","295","1343","1514","2145","2796","15701","0","0","0","0","0","-59900","5","-100.00","4148","0","1","0","0","","0","0","0","","",""
"080400","0001","0","59400","59500","59600","59700","59800","59900","60000","60100","60200","60300","59300","59200","59100","59000","58900","58800","58700","58600","58500","58400","53","5","182","187","186","199","494","1063","140","287","545","1277","2327","2397","1047","2811","295","1343","1514","2145","2796","15701","0","0","0","0","0","-59900","5","-100.00","4148","0","5","0","0","","0","0","0","","",""
"080400","0002","0","59400","59500","59600","59700","59800","59900","60000","60100","60200","60300","59300","59200","59100","59000","58900","58800","58700","58600","58500","58400","53","5","182","187","186","199","494","1063","140","287","545","1287","2327","2397","1047","2811","295","1343","1514","2145","2796","15711","0","0","0","0","0","-59900","5","-100.00","4148","0","10","0","0","","0","0","0","","",""
"080401","0000","0","59400","59500","59600","59700","59800","59900","60000","60100","60200","60300","59300","59200","59100","59000","58900","58800","58700","58600","58500","58400","53","5","182","187","186","199","494","1063","140","287","545","1287","2327","2397","1047","2811","295","1343","1514","2155","2796","15721","0","0","0","0","0","-59900","5","-100.00","4148","0","10","0","0","","0","0","0","","",""
"080402","0000","0","59400","59500","59600","59700","59800","59900","60000","60100","60200","60300","59300","59200","59100","59000","58900","58800","58700","58600","58500","58400","53","5","182","187","186","199","494","1063","140","287","545","1287","2327","2397","1047","2811","325","1343","1514","2155","2796","15751","0","0","0","0","0","-59900","5","-100.00","4148","0","30","0","0","","0","0","0","","",""
"080402","0001","0","59400","59500","59600","59700","59800","59900","60000","60100","60200","60300","59300","59200","59100","59000","58900","58800","58700","58600","58500","58400","53","5","182","187","186","199","494","1063","140","287","555","1287","2327","2397","1047","2811","325","1343","1514","2155","2796","15761","0","0","0","0","0","-59900","5","-100.00","4148","0","10","0","0","","0","0","0","","",""
"080402","0002","0","59400","59500","59600","59700","59800","59900","60000","60100","60200","60300","59300","59200","59100","59000","58900","58800","58700","58600","58500","58400","53","5","182","187","186","199","494","1063","140","287","555","1288","2327","2397","1047","2811","325","1343","1514","2155","2796","15762","0","0","0","0","0","-59900","5","-100.00","4148","0","1","0","0","","0","0","0","","",""
"080403","0000","0","59400","59500","59600","59700","59800","59900","60000","60100","60200","60300","59300","59200","59100","59000","58900","58800","58700","58600","58500","58400","53","5","182","187","186","199","494","1063","140","287","555","1288","2327","2397","1047","2811","325","1343","1519","2155","2796","15767","0","0","0","0","0","-59900","5","-100.00","4148","0","5","0","0","","0","0","0","","",""
"080403","0001","0","59400","59500","59600","59700","59800","59900","60000","60100","60200","60300","59300","59200","59100","59000","58900","58800","58700","58600","58500","58400","53","5","182","187","186","199","494","1063","140","287","566","1288","2327","2397","1047","2811","325","1343","1519","2155","2796","15778","0","0","0","0","0","-59900","5","-100.00","4148","0","11","0","0","","0","0","0","","",""
"080403","0002","0","59400","59500","59600","59700","59800","59900","60000","60100","60200","60300","59300","59200","59100","59000","58900","58800","58700","58600","58500","58400","53","5","182","187","186","199","494","1063","140","287","566","1288","2328","2397","1047","2811","325","1343","1519","2155","2796","15779","0","0","0","0","0","-59900","5","-100.00","4148","0","1","0","0","","0","0","0","","",""
"080404","0000","0","59400","59500","59600","59700","59800","59900","60000","60100","60200","60300","59300","59200","59100","59000","58900","58800","58700","58600","58500","58400","53","5","182","187","186","199","494","1063","140","287","566","1288","2328","2397","1047","2811","325","1343","1519","2165","2796","15789","0","0","0","0","0","-59900","5","-100.00","4148","0","10","0","0","","0","0","0","","",""
"080404","0001","0","59400","59500","59600","59700","59800","59900","60000","60100","60200","60300","59300","59200","59100","59000","58900","58800","58700","58600","58500","58400","53","5","182","187","186","199","494","1063","140","287","577","1289","2328","2397","1047","2821","325","1343","1519","2165","2796","15811","0","0","0","0","0","-59900","5","-100.00","4148","0","11","0","0","","0","0","0","","",""
"080405","0000","0","59400","59500","59600","59700","59800","59900","60000","60100","60200","60300","59300","59200","59100","59000","58900","58800","58700","58600","58500","58400","53","5","182","187","186","199","494","1063","140","287","579","1289","2328","2397","1047","2821","325","1343","1519","2165","2796","15813","0","0","0","0","0","-59900","5","-100.00","4148","0","1","0","0","","0","0","0","","",""
"080405","0001","0","59400","59500","59600","59700","59800","59900","60000","60100","60200","60300","59300","59200","59100","59000","58900","58800","58700","58600","58500","58400","53","5","182","187","186","199","524","1063","140","287","579","1289","2328","2397","1047","2821","425","1343","1519","2165","2826","15913","0","0","0","0","0","-59900","5","-100.00","4148","30","100","0","0","","0","0","0","","",""
"080405","0002","0","59400","59500","59600","59700","59800","59900","60000","60100","60200","60300","59300","59200","59100","59000","58900","58800","58700","58600","58500","58400","53","5","182","187","186","199","524","1063","140","287","584","1289","2323","2397","1047","2821","425","1343","1519","2165","2826","15913","0","0","0","0","0","-59900","5","-100.00","4148","0","0","0","0","","0","0","0","","",""
"080406","0000","0","59400","59500","59600","59700","59800","59900","60000","60100","60200","60300","59300","59200","59100","59000","58900","58800","58700","58600","58500","58400","53","5","182","187","186","199","524","1063","140","287","581","1289","2323","2397","1047","2821","425","1343","1519","2165","2826","15910","0","0","0","0","0","-59900","5","-100.00","4148","0","-3","0","0","","0","0","0","","",""
"080407","0000","0","59400","59500","59600","59700","59800","59900","60000","60100","60200","60300","59300","59200","59100","59000","58900","58800","58700","58600","58500","58400","53","5","182","187","186","199","524","1063","140","287","582","1289","2323","2397","1047","2821","425","1343","1519","2165","2826","15911","0","0","0","0","0","-59900","5","-100.00","4148","0","1","0","0","","0","0","0","","",""
"080407","0001","0","59400","59500","59600","59700","59800","59900","60000","60100","60200","60300","59300","59200","59100","59000","58900","58800","58700","58600","58500","58400","53","5","182","187","186","199","524","1063","140","287","583","1289","2323","2397","1047","2821","425","1343","1519","2165","2826","15912","0","0","0","0","0","-59900","5","-100.00","4148","0","1","0","0","","0","0","0","","",""
"080407","0002","0","59400","59500","59600","59700","59800","59900","60000","60100","60200","60300","59300","59200","59100","59000","58900","58800","58700","58600","58500","58400","53","5","182","187","186","199","524","1063","140","287","583","1289","2329","2397","1047","2821","425","1343","1519","2165","2826","15918","0","0","0","0","0","-59900","5","-100.00","4148","0","6","0","0","","0","0","0","","",""
"080407","0003","0","59400","59500","59600","59700","59800","59900","60000","60100","60200","60300","59300","59200","59100","59000","58900","58800","58700","58600","58500","58400","53","5","182","187","186","199","524","1063","140","287","536","1289","2329","2397","1047","2821","425","1343","1519","2165","2826","15871","0","0","0","0","0","-59900","5","-100.00","4195","0","-47","0","0","","0","0","0","","",""
"080408","0000","0","59400","59500","59600","59700","59800","59900","60000","60100","60200","60300","59300","59200","59100","59000","58900","58800","58700","58600","58500","58400","53","5","182","187","186","199","524","1063","140","287","536","1289","2330","2397","1047","2821","425","1343","1519","2165","2826","15872","0","0","0","0","0","-59900","5","-100.00","4195","0","1","0","0","","0","0","0","","",""
"080408","0001","0","59400","59500","59600","59700","59800","59900","60000","60100","60200","60300","59300","59200","59100","59000","58900","58800","58700","58600","58500","58400","53","5","182","187","186","199","524","1063","140","287","625","1289","2330","2397","1047","2821","425","1343","1519","2165","2826","15961","0","0","0","0","0","-59900","5","-100.00","4195","0","1","0","0","","0","0","0","","",""
"080409","0000","0","59400","59500","59600","59700","59800","59900","60000","60100","60200","60300","59300","59200","59100","59000","58900","58800","58700","58600","58500","58400","53","5","182","187","186","199","524","1063","140","287","625","1367","2330","2397","1047","2821","425","1343","1519","2165","2826","16039","0","0","0","0","0","-59900","5","-100.00","4195","0","78","0","0","","0","0","0","","",""
"080409","0001","0","59400","59500","59600","59700","59800","59900","60000","60100","60200","60300","59300","59200","59100","59000","58900","58800","58700","58600","58500","58400","53","5","182","187","186","199","524","1063","140","287","626","1367","2330","2398","1047","2821","425","1343","1519","2165","2826","16041","0","0","0","0","0","-59900","5","-100.00","4195","0","2","0","0","","0","0","0","","",""
"080410","0000","0","59400","59500","59600","59700","59800","59900","60000","60100","60200","60300","59300","59200","59100","59000","58900","58800","58700","58600","58500","58400","53","5","182","187","186","199","524","1063","140","287","630","1367","2335","2398","1047","2821","425","1343","1519","2165","2826","16050","0","0","0","0","0","-59900","5","-100.00","4195","0","5","0","0","","0","0","0","","",""
"080410","0001","0","59400","59500","59600","59700","59800","59900","60000","60100","60200","60300","59300","59200","59100","59000","58900","58800","58700","58600","58500","58400","53","5","182","187","186","199","524","1063","140","287","630","1367","2335","2398","1047","2821","425","1343","1519","2179","2826","16064","0","0","0","0","0","-59900","5","-100.00","4195","0","14","0","0","","0","0","0","","",""
"080410","0002","0","59400","59500","59600","59700","59800","59900","60000","60100","60200","60300","59300","59200","59100","59000","58900","58800","58700","58600","58500","58400","53","5","182","187","186","199","524","1063","140","287","591","1367","2335","2398","1047","2821","425","1343","1519","2179","2826","16025","0","0","0","0","0","-59900","5","-100.00","4234","0","-39","0","0","","0","0","0","","",""
"080410","0003","0","59400","59500","59600","59700","59800","59900","60000","60100","60200","60300","59300","59200","59100","59000","58900","58800","58700","58600","58500","58400","53","5","182","187","186","199","524","1063","140","287","592","1367","2335","2398","1047","2821","425","1343","1519","2179","2826","16026","0","0","0","0","0","-59900","5","-100.00","4234","0","1","0","0","","0","0","0","","",""
"080410","0004","0","59400","59500","59600","59700","59800","59900","60000","60100","60200","60300","59300","59200","59100","59000","58900","58800","58700","58600","58500","58400","53","5","182","187","186","199","524","1063","140","287","602","1367","2335","2398","1047","2821","425","1343","1519","2179","2826","16036","0","0","0","0","0","-59900","5","-100.00","4234","0","10","0","0","","0","0","0","","",""
"080411","0000","0","59400","59500","59600","59700","59800","59900","60000","60100","60200","60300","59300","59200","59100","59000","58900","58800","58700","58600","58500","58400","53","5","182","187","186","199","524","1063","140","287","602","1367","2335","2399","1047","2821","425","1343","1519","2179","2826","16037","0","0","0","0","0","-59900","5","-100.00","4234","0","1","0","0","","0","0","0","","",""
"080411","0001","0","59400","59500","59600","59700","59800","59900","60000","60100","60200","60300","59300","59200","59100","59000","58900","58800","58700","58600","58500","58400","53","5","182","187","186","199","524","1063","140","287","604","1367","2335","2399","1047","2821","425","1343","1519","2179","2826","16039","0","0","0","0","0","-59900","5","-100.00","4234","0","2","0","0","","0","0","0","","",""
"080412","0000","0","59400","59500","59600","59700","59800","59900","60000","60100","60200","60300","59300","59200","59100","59000","58900","58800","58700","58600","58500","58400","53","5","182","187","186","199","524","1063","140","287","604","1367","2335","2400","1047","2821","425","1343","1519","2179","2826","16040","0","0","0","0","0","-59900","5","-100.00","4234","0","1","0","0","","0","0","0","","",""
"080412","0001","0","59400","59500","59600","59700","59800","59900","60000","60100","60200","60300","59300","59200","59100","59000","58900","58800","58700","58600","58500","58400","53","5","182","187","186","199","524","1063","140","287","604","1367","2325","2400","1047","2821","425","1343","1519","2179","2826","16030","0","0","0","0","0","-59900","5","-100.00","4234","0","-10","0","0","","0","0","0","","",""
"080413","0000","0","59400","59500","59600","59700","59800","59900","60000","60100","60200","60300","59300","59200","59100","59000","58900","58800","58700","58600","58500","58400","53","5","182","187","186","199","524","1063","140","287","604","1377","2325","2400","1047","2822","425","1343","1519","2179","2826","16041","0","0","0","0","0","-59900","5","-100.00","4234","0","1","0","0","","0","0","0","","",""
"080414","0000","0","59400","59500","59600","59700","59800","59900","60000","60100","60200","60300","59300","59200","59100","59000","58900","58800","58700","58600","58500","58400","53","5","182","187","186","199","524","1063","140","287","605","1377","2325","2400","1047","2822","425","1343","1519","2179","2826","16042","0","0","0","0","0","-59900","5","-100.00","4234","0","1","0","0","","0","0","0","","",""
"080414","0001","0","59400","59500","59600","59700","59800","59900","60000","60100","60200","60300","59300","59200","59100","59000","58900","58800","58700","58600","58500","58400","71","5","182","187","186","199","524","1063","140","287","607","1377","2325","2400","1047","2822","425","1343","1519","2179","2844","16044","0","0","0","0","0","-59900","5","-100.00","4236","0","2","0","0","","0","0","0","","",""
"080414","0002","0","59500","59600","59700","59800","59900","60000","60100","60200","60300","60400","59400","59300","59200","59100","59000","58900","58800","58700","58600","58500","5","182","187","186","199","524","1063","140","287","144","72","607","1377","2325","2400","1047","2822","425","1343","1519","2917","13937","0","0","0","0","0","-59900","5","-100.00","4307","73","-2107","0","0","","0","0","0","","",""
"080414","0003","0","59500","59600","59700","59800","59900","60000","60100","60200","60300","60400","59400","59300","59200","59100","59000","58900","58800","58700","58600","58500","5","182","187","186","199","524","1063","140","287","144","72","607","1387","2325","2400","1047","2822","425","1343","1519","2917","13947","0","0","0","0","0","-59900","5","-100.00","4307","0","10","0","0","","0","0","0","","",""
"080414","0004","0","59500","59600","59700","59800","59900","60000","60100","60200","60300","60400","59400","59300","59200","59100","59000","58900","58800","58700","58600","58500","5","167","187","186","199","524","1063","140","287","144","72","607","1387","2325","2400","1047","2822","425","1343","1519","2902","13947","0","0","0","0","0","-59900","5","-100.00","4307","-15","0","0","0","","0","0","0","","",""
"080415","0000","0","59500","59600","59700","59800","59900","60000","60100","60200","60300","60400","59400","59300","59200","59100","59000","58900","58800","58700","58600","58500","5","167","187","186","199","524","1063","140","287","144","72","607","1388","2325","2400","1047","2822","425","1343","1519","2902","13948","0","0","0","0","0","-59900","5","-100.00","4307","0","1","0","0","","0","0","0","","",""
"080415","0001","0","59500","59600","59700","59800","59900","60000","60100","60200","60300","60400","59400","59300","59200","59100","59000","58900","58800","58700","58600","58500","5","167","187","186","199","524","1063","140","287","144","72","607","1488","2325","2400","1047","2822","425","1343","1519","2902","14048","0","0","0","0","0","-59900","5","-100.00","4307","0","100","0","0","","0","0","0","","",""
"080415","0002","0","59500","59600","59700","59800","59900","60000","60100","60200","60300","60400","59400","59300","59200","59100","59000","58900","58800","58700","58600","58500","5","167","187","186","199","524","1063","140","287","144","72","607","1488","2326","2400","1047","2822","425","1343","1519","2902","14049","0","0","0","0","0","-59900","5","-100.00","4307","0","1","0","0","","0","0","0","","",""
"080415","0003","0","59500","59600","59700","59800","59900","60000","60100","60200","60300","60400","59400","59300","59200","59100","59000","58900","58800","58700","58600","58500","5","167","187","186","199","524","1063","140","287","144","66","607","1489","2326","2400","1047","2822","425","1343","1519","2902","14044","0","0","0","0","0","-59900","5","-100.00","4313","0","-6","0","0","","0","0","0","","",""
"080416","0000","0","59500","59600","59700","59800","59900","60000","60100","60200","60300","60400","59400","59300","59200","59100","59000","58900","58800","58700","58600","58500","5","167","187","186","199","524","1063","140","287","144","66","607","1489","2326","2400","1047","2822","425","1443","1519","2902","14144","0","0","0","0","0","-59900","5","-100.00","4313","0","100","0","0","","0","0","0","","",""
"080416","0001","0","59500","59600","59700","59800","59900","60000","60100","60200","60300","60400","59400","59300","59200","59100","59000","58900","58800","58700","58600","58500","5","167","187","186","199","524","1063","140","287","144","66","607","1489","2326","2400","1047","2822","426","1443","1519","2902","14145","0","0","0","0","0","-59900","5","-100.00","4313","0","1","0","0","","0","0","0","","",""
"080416","0002","0","59500","59600","59700","59800","59900","60000","60100","60200","60300","60400","59400","59300","59200","59100","59000","58900","58800","58700","58600","58500","5","167","103","186","199","524","1063","140","287","144","66","607","1489","2326","2400","1047","2822","431","1443","1519","2818","14150","0","0","0","0","0","-59900","5","-100.00","4313","-84","0","0","0","","0","0","0","","",""
"080417","0000","0","59500","59600","59700","59800","59900","60000","60100","60200","60300","60400","59400","59300","59200","59100","59000","58900","58800","58700","58600","58500","5","167","103","186","199","524","1063","140","287","144","66","607","1489","2326","2420","1047","2822","531","1443","1519","2818","14270","0","0","0","0","0","-59900","5","-100.00","4313","0","20","0","0","","0","0","0","","",""
"080417","0001","0","59500","59600","59700","59800","59900","60000","60100","60200","60300","60400","59400","59300","59200","59100","59000","58900","58800","58700","58600","58500","5","167","103","186","199","524","1063","140","287","144","66","609","1489","2326","2420","1047","2822","531","1443","1519","2818","14272","0","0","0","0","0","-59900","5","-100.00","4313","0","2","0","0","","0","0","0","","",""
"080418","0000","0","59500","59600","59700","59800","59900","60000","60100","60200","60300","60400","59400","59300","59200","59100","59000","58900","58800","58700","58600","58500","5","167","103","186","199","524","1063","140","287","144","67","609","1489","2326","2429","1047","2822","531","1443","1519","2818","14282","0","0","0","0","0","-59900","5","-100.00","4313","0","-1","0","0","","0","0","0","","",""
"080418","0001","0","59500","59600","59700","59800","59900","60000","60100","60200","60300","60400","59400","59300","59200","59100","59000","58900","58800","58700","58600","58500","5","167","103","186","199","524","1063","140","287","144","68","629","1489","2326","2429","1047","2822","531","1443","1519","2818","14303","0","0","0","0","0","-59900","5","-100.00","4313","0","20","0","0","","0","0","0","","",""
"080418","0002","0","59500","59600","59700","59800","59900","60000","60100","60200","60300","60400","59400","59300","59200","59100","59000","58900","58800","58700","58600","58500","5","167","103","186","199","524","1063","140","287","144","68","628","1489","2327","2429","1047","2972","531","1443","1519","2818","14453","0","0","0","0","0","-59900","5","-100.00","4313","0","150","0","0","","0","0","0","","",""
"080419","0000","0","59500","59600","59700","59800","59900","60000","60100","60200","60300","60400","59400","59300","59200","59100","59000","58900","58800","58700","58600","58500","5","167","103","186","199","524","1063","140","287","144","68","628","1489","2337","2429","1047","2972","531","1443","1519","2818","14463","0","0","0","0","0","-59900","5","-100.00","4313","0","10","0","0","","0","0","0","","",""
"080419","0001","0","59500","59600","59700","59800","59900","60000","60100","60200","60300","60400","59400","59300","59200","59100","59000","58900","58800","58700","58600","58500","5","167","103","186","199","524","1063","140","287","144","68","628","1489","2337","2429","1047","2972","531","1448","1519","2818","14468","0","0","0","0","0","-59900","5","-100.00","4313","0","5","0","0","","0","0","0","","",""
