"time","millisec","HOUR_CLS_CODE","ASKP1","ASKP2","ASKP3","ASKP4","ASKP5","ASKP6","ASKP7","ASKP8","ASKP9","ASKP10","BIDP1","BIDP2","BIDP3","BIDP4","BIDP5","BIDP6","BIDP7","BIDP8","BIDP9","BIDP10","ASKP_RSQN1","ASKP_RSQN2","ASKP_RSQN3","ASKP_RSQN4","ASKP_RSQN5","ASKP_RSQN6","ASKP_RSQN7","ASKP_RSQN8","ASKP_RSQN9","ASKP_RSQN10","BIDP_RSQN1","BIDP_RSQN2","BIDP_RSQN3","BIDP_RSQN4","BIDP_RSQN5","BIDP_RSQN6","BIDP_RSQN7","BIDP_RSQN8","BIDP_RSQN9","BIDP_RSQN10","TOTAL_ASKP_RSQN","TOTAL_BIDP_RSQN","OVTM_TOTAL_ASKP_RSQN","OVTM_TOTAL_BIDP_RSQN","ANTC_CNPR","ANTC_CNQN","ANTC_VOL","ANTC_CNTG_VRSS","ANTC_CNTG_VRSS_SIGN","ANTC_CNTG_PRDY_CTRT","ACML_VOL","TOTAL_ASKP_RSQN_ICDC","TOTAL_BIDP_RSQN_ICDC","OVTM_TOTAL_ASKP_ICDC","OVTM_TOTAL_BIDP_ICDC","STCK_DEAL_CLS_CODE","KMID_PRC","KMID_TOTAL_RSQN","KMID_CLS_CODE","NMID_PRC","NMID_TOTAL_RSQN","NMID_CLS_CODE"
"080000","0000","0","99900","100600","101800","109500","0","0","0","0","0","0","75100","0","0","0","0","0","0","0","0","0","150","25","1","1","0","0","0","0","0","0","40","0","0","0","0","0","0","0","0","0","177","40","0","0","0","0","0","-99900","5","-100.00","0","0","0","0","0","","0","0","0","","",""
"080000","0001","0","99900","100600","101800","107500","109000","109500","114800","115000","124800","129800","99400","99200","98900","98500","97800","75100","0","0","0","0","146","25","1","1","5","1","24","1","1","2","2","19","1","100","105","40","0","0","0","0","207","267","0","0","0","0","0","-99900","5","-100.00","4","30","227","0","0","","0","0","0","","",""
"080001","0000","0","99900","100600","100900","101400","101800","101900","102000","102100","103000","103100","99400","99200","98900","98500","97800","97100","97000","95100","94000","92500","96","25","100","1","1","100","1","1","1","2","2","19","1","300","105","100","2","100","1","1","328","631","0","0","0","0","0","-99900","5","-100.00","54","121","364","0","0","","0","0","0","","",""
"080002","0000","0","99900","100500","100600","100900","101400","101800","101900","102000","102100","102200","99400","99200","99100","99000","98900","98800","98700","98600","98500","98400","97","200","25","164","1","1","100","2","1","5","2","19","1","1","2","1","1","1","302","2","596","332","0","0","0","0","0","-99900","5","-100.00","54","268","-299","0","0","","0","0","0","","",""
"080002","0001","0","99900","100000","100500","100600","100900","101400","101800","101900","102000","102100","99500","99400","99200","99100","99000","98900","98800","98700","98600","98500","297","10","200","25","164","1","1","100","7","1","10","2","19","1","1","2","1","1","1","302","806","340","0","0","0","0","0","-99900","5","-100.00","54","210","8","0","0","","0","0","0","","",""
"080003","0000","0","99900","100000","100300","100500","100600","100900","101000","101400","101800","101900","99500","99400","99200","99100","99000","98900","98800","98700","98600","98500","297","10","2","200","25","164","150","1","1","100","10","2","19","1","1","12","1","1","1","302","950","350","0","0","0","0","0","-99900","5","-100.00","54","144","10","0","0","","0","0","0","","",""
"080004","0000","0","99900","100000","100300","100500","100600","100900","101000","101400","101800","101900","99500","99400","99200","99100","99000","98900","98800","98700","98600","98500","287","10","2","200","25","164","150","1","1","100","10","2","19","1","1","12","1","1","1","302","940","350","0","0","0","0","0","-99900","5","-100.00","64","-10","0","0","0","","0","0","0","","",""
"080005","0000","0","99900","100000","100300","100500","100600","100900","101000","101400","101500","101800","99500","99400","99200","99100","99000","98900","98800","98700","98600","98500","287","10","2","200","25","164","150","1","676","1","10","2","19","1","1","12","1","1","1","302","1516","350","0","0","0","0","0","-99900","5","-100.00","64","576","0","0","0","","0","0","0","","",""
"080005","0001","0","99900","100000","100200","100300","100500","100600","100900","101000","101400","101500","99500","99400","99200","99100","99000","98900","98800","98700","98600","98500","287","10","500","2","200","25","164","150","1","676","10","2","19","1","1","12","1","1","1","302","2015","350","0","0","0","0","0","-99900","5","-100.00","64","499","0","0","0","","0","0","0","","",""
"080005","0002","0","99900","100000","100200","100300","100500","100600","100900","101000","101400","101500","99500","99400","99200","99100","99000","98900","98800","98700","98600","98500","287","10","502","2","200","25","164","150","1","676","10","2","19","1","1","12","1","1","1","302","2017","350","0","0","0","0","0","-99900","5","-100.00","64","2","0","0","0","","0","0","0","","",""
"080006","0000","0","99900","100000","100200","100300","100500","100600","100800","100900","101000","101400","99500","99400","99200","99100","99000","98900","98800","98700","98600","98500","278","10","502","2","200","25","210","164","150","1","10","2","19","1","1","12","1","1","1","302","1542","350","0","0","0","0","0","-99900","5","-100.00","73","-475","0","0","0","","0","0","0","","",""
"080007","0000","0","99900","100000","100200","100300","100500","100600","100800","100900","101000","101400","99500","99400","99200","99100","99000","98900","98800","98700","98600","98500","78","10","502","2","200","25","210","164","150","1","10","2","19","1","1","12","1","1","1","302","1342","350","0","0","0","0","0","-99900","5","-100.00","273","-200","0","0","0","","0","0","0","","",""
"080008","0000","0","99900","100000","100200","100300","100500","100600","100800","100900","101000","101400","99500","99400","99200","99100","99000","98900","98800","98700","98600","98500","78","10","502","2","200","25","210","164","150","1","10","2","19","1","1","12","1","2","1","302","1342","351","0","0","0","0","0","-99900","5","-100.00","273","0","1","0","0","","0","0","0","","",""
"080008","0001","0","99900","100000","100200","100300","100400","100500","100600","100800","100900","101000","99500","99400","99200","99100","99000","98900","98800","98700","98600","98500","78","10","502","2","2","200","25","210","164","150","10","2","19","1","1","12","1","2","1","302","1343","351","0","0","0","0","0","-99900","5","-100.00","273","1","0","0","0","","0","0","0","","",""
"080009","0000","0","99900","100000","100200","100300","100400","100500","100600","100800","100900","101000","99500","99400","99200","99100","99000","98900","98800","98700","98600","98500","78","10","502","2","2","200","25","210","164","150","10","2","19","1","1","12","1","2","2","302","1343","352","0","0","0","0","0","-99900","5","-100.00","273","0","1","0","0","","0","0","0","","",""
"080009","0001","0","99900","100000","100200","100300","100400","100500","100600","100800","100900","101000","99500","99400","99200","99100","99000","98900","98800","98700","98600","98500","88","10","502","2","2","200","25","210","164","150","10","2","19","1","1","13","1","2","2","302","1353","353","0","0","0","0","0","-99900","5","-100.00","273","10","1","0","0","","0","0","0","","",""
"080010","0000","0","99900","100000","100200","100300","100400","100500","100600","100800","100900","101000","99500","99400","99200","99100","99000","98900","98800","98700","98600","98500","88","10","502","2","2","200","25","211","164","150","10","2","19","1","1","13","1","2","2","302","1354","353","0","0","0","0","0","-99900","5","-100.00","273","1","0","0","0","","0","0","0","","",""
"080011","0000","0","99900","100000","100200","100300","100400","100500","100600","100800","100900","101000","99500","99400","99200","99100","99000","98900","98800","98700","98600","98500","88","10","502","2","3","200","25","211","164","150","10","2","19","1","1","13","1","2","2","302","1355","353","0","0","0","0","0","-99900","5","-100.00","273","1","0","0","0","","0","0","0","","",""
"080012","0000","0","100000","100200","100300","100400","100500","100600","100800","100900","101000","101400","99900","99500","99400","99200","99100","99000","98900","98800","98700","98600","10","502","2","3","202","25","211","164","150","1","384","10","2","19","1","1","13","1","2","2","1270","435","0","0","0","0","0","-99900","5","-100.00","389","-85","82","0","0","","0","0","0","","",""
"080012","0001","0","100000","100200","100300","100400","100500","100600","100800","100900","101000","101400","99900","99500","99400","99200","99100","99000","98900","98800","98700","98600","10","502","2","3","202","25","211","164","150","1","389","10","2","19","1","1","13","1","2","2","1270","440","0","0","0","0","0","-99900","5","-100.00","389","0","5","0","0","","0","0","0","","",""
"080013","0000","0","100000","100200","100300","100400","100500","100600","100800","100900","101000","101400","99900","99500","99400","99200","99100","99000","98900","98800","98700","98600","10","502","2","3","202","25","211","164","150","1","389","10","2","19","1","1","13","1","2","2","1270","440","0","0","0","0","0","-99900","5","-100.00","389","0","0","0","0","","0","0","0","","",""
"080013","0001","0","100000","100200","100300","100400","100500","100600","100800","100900","101000","101400","99900","99500","99400","99200","99100","99000","98900","98800","98700","98600","10","502","2","3","232","25","211","164","150","1","389","10","2","19","1","1","13","1","2","2","1300","440","0","0","0","0","0","-99900","5","-100.00","389","30","0","0","0","","0","0","0","","",""
"080013","0002","0","100000","100200","100300","100400","100500","100600","100800","100900","101000","101400","99900","99500","99400","99200","99100","99000","98900","98800","98700","98600","10","502","2","3","232","25","211","164","150","1","399","60","2","19","1","1","13","1","2","2","1300","500","0","0","0","0","0","-99900","5","-100.00","389","0","60","0","0","","0","0","0","","",""
"080014","0000","0","100000","100200","100300","100400","100500","100600","100800","100900","101000","101400","99900","99500","99400","99200","99100","99000","98900","98800","98700","98600","9","502","2","3","232","25","211","164","150","1","399","60","2","19","1","1","13","1","2","2","1299","500","0","0","0","0","0","-99900","5","-100.00","390","-1","0","0","0","","0","0","0","","",""
"080015","0000","0","100000","100200","100300","100400","100500","100600","100800","100900","101000","101400","99900","99500","99400","99200","99100","99000","98900","98800","98700","98600","9","502","2","3","232","25","211","164","150","1","404","60","2","19","1","1","13","1","2","2","1299","505","0","0","0","0","0","-99900","5","-100.00","390","0","5","0","0","","0","0","0","","",""
"080015","0001","0","100200","100300","100400","100500","100600","100800","100900","101000","101400","101500","99900","99500","99400","99200","99100","99000","98900","98800","98700","98600","11","2","3","232","25","211","164","150","1","734","404","60","2","19","1","1","13","1","2","2","1533","505","0","0","0","0","0","-99900","5","-100.00","890","234","0","0","0","","0","0","0","","",""
"080015","0002","0","100200","100300","100400","100500","100600","100800","100900","101000","101400","101500","99900","99500","99400","99200","99100","99000","98900","98800","98700","98600","12","2","3","232","25","211","164","155","1","734","404","60","2","19","1","1","13","1","2","2","1539","505","0","0","0","0","0","-99900","5","-100.00","890","6","0","0","0","","0","0","0","","",""
"080016","0000","0","100200","100300","100400","100500","100600","100800","100900","101000","101400","101500","99900","99500","99400","99200","99100","99000","98900","98800","98700","98600","12","2","3","232","27","211","164","155","1","734","404","60","2","19","1","1","13","1","2","2","1541","505","0","0","0","0","0","-99900","5","-100.00","890","2","0","0","0","","0","0","0","","",""
"080016","0001","0","100200","100300","100400","100500","100600","100800","100900","101000","101400","101500","99900","99500","99400","99200","99100","99000","98900","98800","98700","98600","12","2","3","232","27","211","164","155","1","734","412","60","2","19","1","1","13","1","2","2","1541","513","0","0","0","0","0","-99900","5","-100.00","890","0","8","0","0","","0","0","0","","",""
"080017","0000","0","100200","100300","100400","100500","100600","100800","100900","101000","101400","101500","99900","99500","99400","99200","99100","99000","98900","98800","98700","98600","12","2","3","232","27","211","164","155","1","738","412","60","2","19","1","1","13","1","2","2","1545","513","0","0","0","0","0","-99900","5","-100.00","890","4","0","0","0","","0","0","0","","",""
"080019","0000","0","100200","100300","100400","100500","100600","100700","100800","100900","101000","101400","99900","99500","99400","99200","99100","99000","98900","98800","98700","98600","12","2","3","232","27","2","211","164","155","1","412","60","2","19","1","1","13","1","2","2","809","513","0","0","0","0","0","-99900","5","-100.00","890","-736","0","0","0","","0","0","0","","",""
"080019","0001","0","100200","100300","100400","100500","100600","100700","100800","100900","101000","101400","99900","99500","99400","99200","99100","99000","98900","98800","98700","98600","12","22","3","232","27","2","211","164","155","1","412","60","2","19","1","1","13","1","2","2","829","513","0","0","0","0","0","-99900","5","-100.00","890","20","0","0","0","","0","0","0","","",""
"080020","0000","0","100300","100400","100500","100600","100700","100800","100900","101000","101400","101500","100200","99900","99500","99400","99200","99100","99000","98900","98800","98700","22","3","232","27","2","211","164","155","1","738","94","412","60","2","19","1","1","13","1","2","1555","605","0","0","0","0","0","-99900","5","-100.00","946","726","92","0","0","","0","0","0","","",""
"080021","0000","0","100300","100400","100500","100600","100700","100800","100900","101000","101400","101500","100200","99900","99500","99400","99200","99100","99000","98900","98800","98700","22","3","377","27","2","211","164","155","1","738","94","412","60","2","19","1","1","13","1","2","1700","605","0","0","0","0","0","-99900","5","-100.00","946","145","0","0","0","","0","0","0","","",""
"080021","0001","0","100300","100400","100500","100600","100700","100800","100900","101000","101400","101500","100200","99900","99500","99400","99200","99100","99000","98900","98800","98700","22","1003","377","27","2","211","164","155","1","738","94","412","60","2","19","1","1","13","1","2","2700","605","0","0","0","0","0","-99900","5","-100.00","946","1000","0","0","0","","0","0","0","","",""
"080021","0002","0","100300","100400","100500","100600","100700","100800","100900","101000","101400","101500","100200","99900","99500","99400","99200","99100","99000","98900","98800","98700","22","1003","377","27","2","211","164","155","1","738","94","412","60","2","19","1","1","14","1","2","2700","606","0","0","0","0","0","-99900","5","-100.00","946","0","1","0","0","","0","0","0","","",""
"080022","0000","0","100300","100400","100500","100600","100700","100800","100900","101000","101400","101500","100200","99900","99500","99400","99200","99100","99000","98900","98800","98700","22","1003","377","27","2","211","164","155","1","738","89","401","60","2","19","1","1","14","1","2","2700","590","0","0","0","0","0","-99900","5","-100.00","1085","0","-16","0","0","","0","0","0","","",""
"080022","0001","0","100300","100400","100500","100600","100700","100800","100900","101000","101400","101500","100200","99900","99500","99400","99300","99200","99100","99000","98900","98800","22","1003","377","27","2","211","164","155","1","738","89","401","60","2","1","19","1","1","14","1","2700","589","0","0","0","0","0","-99900","5","-100.00","1085","0","-1","0","0","","0","0","0","","",""
"080022","0002","0","100300","100400","100500","100600","100700","100800","100900","101000","101400","101500","100200","99900","99500","99400","99300","99200","99100","99000","98900","98800","22","1003","379","27","2","211","164","155","1","738","39","401","60","2","1","19","1","1","14","1","2702","539","0","0","0","0","0","-99900","5","-100.00","1135","2","-50","0","0","","0","0","0","","",""
"080024","0000","0","100300","100400","100500","100600","100700","100800","100900","101000","101400","101500","100200","99900","99500","99400","99300","99200","99100","99000","98900","98800","22","1003","379","27","2","211","164","155","1","738","49","402","60","2","1","19","1","1","14","1","2702","550","0","0","0","0","0","-99900","5","-100.00","1135","0","11","0","0","","0","0","0","","",""
"080024","0001","0","100300","100400","100500","100600","100700","100800","100900","101000","101400","101500","100200","99900","99500","99400","99300","99200","99100","99000","98900","98800","22","1003","379","27","7","211","164","155","1","738","49","402","60","2","1","19","1","1","14","1","2707","550","0","0","0","0","0","-99900","5","-100.00","1135","5","0","0","0","","0","0","0","","",""
"080025","0000","0","100300","100400","100500","100600","100700","100800","100900","101000","101400","101500","100200","99900","99500","99400","99300","99200","99100","99000","98900","98800","22","1003","379","27","7","211","164","155","1","738","31","402","60","2","1","19","1","1","14","1","2707","532","0","0","0","0","0","-99900","5","-100.00","1153","0","-18","0","0","","0","0","0","","",""
"080025","0001","0","100300","100400","100500","100600","100700","100800","100900","101000","101400","101500","100200","99900","99500","99400","99300","99200","99100","99000","98900","98800","22","1003","379","27","7","211","164","155","1","738","30","402","60","2","1","19","1","1","14","1","2707","531","0","0","0","0","0","-99900","5","-100.00","1154","0","-1","0","0","","0","0","0","","",""
"080026","0000","0","100300","100400","100500","100600","100700","100800","100900","101000","101400","101500","100200","99900","99500","99400","99300","99200","99100","99000","98900","98800","22","1003","379","27","7","211","164","155","1","738","50","402","60","2","1","19","1","1","14","1","2707","551","0","0","0","0","0","-99900","5","-100.00","1154","0","20","0","0","","0","0","0","","",""
"080026","0001","0","100300","100400","100500","100600","100700","100800","100900","101000","101400","101500","100200","99900","99500","99400","99300","99200","99100","99000","98900","98800","2","1003","379","27","7","211","164","155","1","738","50","402","60","2","1","19","1","1","14","1","2687","551","0","0","0","0","0","-99900","5","-100.00","1174","-20","0","0","0","","0","0","0","","",""
"080027","0000","0","100300","100400","100500","100600","100700","100800","100900","101000","101400","101500","100200","99900","99500","99400","99300","99200","99100","99000","98900","98800","2","1003","379","27","7","211","164","155","1","738","60","402","60","2","1","19","1","1","14","1","2687","561","0","0","0","0","0","-99900","5","-100.00","1174","0","10","0","0","","0","0","0","","",""
"080027","0001","0","100300","100400","100500","100600","100700","100800","100900","101000","101400","101500","100200","99900","99500","99400","99300","99200","99100","99000","98900","98800","2","1003","379","27","7","211","164","155","1","738","54","402","60","2","1","19","1","1","14","1","2687","555","0","0","0","0","0","-99900","5","-100.00","1180","0","-6","0","0","","0","0","0","","",""
"080027","0002","0","100300","100400","100500","100600","100700","100800","100900","101000","101400","101500","100200","99900","99500","99400","99300","99200","99100","99000","98900","98800","2","1003","379","27","7","211","164","155","1","738","55","402","60","2","1","19","1","1","14","1","2687","556","0","0","0","0","0","-99900","5","-100.00","1180","0","1","0","0","","0","0","0","","",""
"080027","0003","0","100300","100400","100500","100600","100700","100800","100900","101000","101400","101500","100200","99900","99500","99400","99300","99200","99100","99000","98900","98800","12","1003","379","27","7","211","164","155","1","738","55","402","60","2","1","19","1","1","14","1","2697","556","0","0","0","0","0","-99900","5","-100.00","1180","10","0","0","0","","0","0","0","","",""
"080028","0000","0","100300","100400","100500","100600","100700","100800","100900","101000","101400","101500","100200","99900","99500","99400","99300","99200","99100","99000","98900","98800","12","1003","379","27","7","211","164","155","1","738","428","29","60","2","1","19","1","1","14","1","2697","556","0","0","0","0","0","-99900","5","-100.00","1180","0","0","0","0","","0","0","0","","",""
"080028","0001","0","100300","100400","100500","100600","100700","100800","100900","101000","101400","101500","100200","99900","99500","99400","99300","99200","99100","99000","98900","98800","12","1003","379","27","7","211","164","155","1","738","414","29","60","2","1","19","1","1","14","1","2697","542","0","0","0","0","0","-99900","5","-100.00","1180","0","-14","0","0","","0","0","0","","",""
"080029","0000","0","100300","100400","100500","100600","100700","100800","100900","101000","101400","101500","100200","99900","99500","99400","99300","99200","99100","99000","98900","98800","12","1003","369","27","7","211","164","155","1","738","413","29","60","2","1","19","1","1","14","1","2687","541","0","0","0","0","0","-99900","5","-100.00","1181","-10","-1","0","0","","0","0","0","","",""
"080030","0000","0","100300","100400","100500","100600","100700","100800","100900","101000","101400","101500","100200","99900","99500","99400","99300","99200","99100","99000","98900","98800","14","1003","369","27","7","211","164","155","1","738","194","29","60","2","1","19","1","1","14","1","2689","322","0","0","0","0","0","-99900","5","-100.00","1400","2","-219","0","0","","0","0","0","","",""
"080031","0000","0","100300","100400","100500","100600","100700","100800","100900","101000","101100","101400","100200","99900","99500","99400","99300","99200","99100","99000","98900","98800","14","1003","369","27","7","211","164","155","239","1","194","29","60","2","1","19","1","1","14","1","2190","322","0","0","0","0","0","-99900","5","-100.00","1400","-499","0","0","0","","0","0","0","","",""
"080031","0001","0","100300","100400","100500","100600","100700","100800","100900","101000","101100","101400","100200","99900","99500","99400","99300","99200","99100","99000","98900","98800","64","1003","369","27","7","211","164","155","239","1","151","29","60","2","1","19","1","1","14","1","2240","279","0","0","0","0","0","-99900","5","-100.00","1443","50","-43","0","0","","0","0","0","","",""
"080032","0000","0","100300","100400","100500","100600","100700","100800","100900","101000","101100","101400","100200","99900","99500","99400","99300","99200","99100","99000","98900","98800","69","1003","369","27","7","211","164","155","239","1","151","29","60","2","1","19","1","1","14","1","2245","279","0","0","0","0","0","-99900","5","-100.00","1443","5","0","0","0","","0","0","0","","",""
"080032","0001","0","100300","100400","100500","100600","100700","100800","100900","101000","101100","101400","100200","99900","99500","99400","99300","99200","99100","99000","98900","98800","69","1003","369","27","7","211","164","155","239","1","156","24","60","2","1","19","1","1","14","1","2245","279","0","0","0","0","0","-99900","5","-100.00","1443","0","0","0","0","","0","0","0","","",""
"080032","0002","0","100300","100400","100500","100600","100700","100800","100900","101000","101100","101400","100200","99900","99500","99400","99300","99200","99100","99000","98900","98800","69","1003","369","27","7","211","164","155","239","1","157","24","60","2","1","19","1","1","14","1","2245","280","0","0","0","0","0","-99900","5","-100.00","1443","0","1","0","0","","0","0","0","","",""
"080032","0003","0","100300","100400","100500","100600","100700","100800","100900","101000","101100","101400","100200","99900","99500","99400","99300","99200","99100","99000","98900","98800","69","1003","369","27","7","211","164","155","239","1","126","24","60","2","1","19","1","1","14","1","2245","249","0","0","0","0","0","-99900","5","-100.00","1474","0","-31","0","0","","0","0","0","","",""
"080032","0004","0","100300","100400","100500","100600","100700","100800","100900","101000","101100","101400","100200","99900","99500","99400","99300","99200","99100","99000","98900","98800","79","1003","369","27","7","211","164","155","239","1","126","224","60","2","1","19","1","1","14","1","2255","449","0","0","0","0","0","-99900","5","-100.00","1474","10","200","0","0","","0","0","0","","",""
"080033","0000","0","100200","100300","100400","100500","100600","100700","100800","100900","101000","101100","99900","99500","99400","99300","99200","99100","99000","98900","98800","98700","74","79","1003","369","27","7","211","164","155","239","206","60","2","1","19","1","1","14","1","2","2328","307","0","0","0","0","0","-99900","5","-100.00","1618","73","-142","0","0","","0","0","0","","",""
"080033","0001","0","100300","100400","100500","100600","100700","100800","100900","101000","101100","101400","100200","99900","99500","99400","99300","99200","99100","99000","98900","98800","79","1003","369","27","7","2211","164","155","239","1","426","206","60","2","1","19","1","1","14","1","4255","731","0","0","0","0","0","-99900","5","-100.00","1692","1927","424","0","0","","0","0","0","","",""
"080035","0000","0","100300","100400","100500","100600","100700","100800","100900","101000","101100","101400","100200","99900","99500","99400","99300","99200","99100","99000","98900","98800","79","1003","369","27","7","2211","164","155","239","1","320","206","60","2","1","19","1","1","14","1","4255","625","0","0","0","0","0","-99900","5","-100.00","1798","0","-106","0","0","","0","0","0","","",""
"080036","0000","0","100300","100400","100500","100600","100700","100800","100900","101000","101100","101400","100200","99900","99500","99400","99300","99200","99100","99000","98900","98800","82","1003","369","27","7","2211","164","155","239","1","320","206","60","2","1","19","1","1","14","1","4258","625","0","0","0","0","0","-99900","5","-100.00","1798","3","0","0","0","","0","0","0","","",""
"080036","0001","0","100300","100400","100500","100600","100700","100800","100900","101000","101100","101400","100200","99900","99500","99400","99300","99200","99100","99000","98900","98800","82","1013","370","27","7","2211","169","155","239","1","320","206","60","2","1","19","1","1","14","1","4274","625","0","0","0","0","0","-99900","5","-100.00","1798","16","0","0","0","","0","0","0","","",""
"080036","0002","0","100300","100400","100500","100600","100700","100800","100900","101000","101100","101400","100200","99900","99500","99400","99300","99200","99100","99000","98900","98800","56","1013","370","27","7","2511","169","155","239","1","333","206","60","2","1","19","1","1","14","1","4548","638","0","0","0","0","0","-99900","5","-100.00","1824","274","13","0","0","","0","0","0","","",""
"080037","0000","0","100200","100300","100400","100500","100600","100700","100800","100900","101000","101100","99900","99500","99400","99300","99200","99100","99000","98900","98800","98700","556","56","1013","370","27","7","2511","169","255","239","176","60","2","1","19","1","2","14","1","2","5203","278","0","0","0","0","0","-99900","5","-100.00","2187","655","-360","0","0","","0","0","0","","",""
"080037","0001","0","100200","100300","100400","100500","100600","100700","100800","100900","101000","101100","99900","99500","99400","99300","99200","99100","99000","98900","98800","98700","56","56","1013","370","27","7","2511","169","255","239","176","60","2","1","19","1","2","14","1","2","4703","278","0","0","0","0","0","-99900","5","-100.00","2687","-500","0","0","0","","0","0","0","","",""
"080037","0002","0","100200","100300","100400","100500","100600","100700","100800","100900","101000","101100","99900","99500","99400","99300","99200","99100","99000","98900","98800","98700","57","76","1013","372","27","7","2511","169","255","239","176","60","2","1","19","1","2","14","1","2","4726","278","0","0","0","0","0","-99900","5","-100.00","2687","23","0","0","0","","0","0","0","","",""
"080038","0000","0","100200","100300","100400","100500","100600","100700","100800","100900","101000","101100","99900","99500","99400","99300","99200","99100","99000","98900","98800","98700","58","86","1013","372","27","7","2511","169","255","239","176","60","2","1","19","1","2","14","1","2","4737","278","0","0","0","0","0","-99900","5","-100.00","2687","11","0","0","0","","0","0","0","","",""
"080038","0001","0","100200","100300","100400","100500","100600","100700","100800","100900","101000","101100","100000","99900","99500","99400","99300","99200","99100","99000","98900","98800","58","86","1013","372","27","7","2511","169","255","239","10","176","60","2","1","19","1","2","14","1","4737","286","0","0","0","0","0","-99900","5","-100.00","2687","0","8","0","0","","0","0","0","","",""
"080039","0000","0","100100","100200","100300","100400","100500","100600","100700","100800","100900","101000","100000","99900","99500","99400","99300","99200","99100","99000","98900","98800","43","58","86","1013","372","27","7","2511","169","255","10","176","60","2","1","19","1","2","14","1","4541","286","0","0","0","0","0","-99900","5","-100.00","2687","-196","0","0","0","","0","0","0","","",""
"080039","0001","0","100100","100200","100300","100400","100500","100600","100700","100800","100900","101000","100000","99900","99500","99400","99300","99200","99100","99000","98900","98800","24","58","86","1013","372","27","7","2511","169","255","10","176","60","2","1","19","1","2","14","1","4522","286","0","0","0","0","0","-99900","5","-100.00","2706","-19","0","0","0","","0","0","0","","",""
"080039","0002","0","100100","100200","100300","100400","100500","100600","100700","100800","100900","101000","100000","99900","99500","99400","99300","99200","99100","99000","98900","98800","24","68","86","1013","372","28","7","2511","176","255","10","176","60","2","1","19","1","2","14","1","4540","286","0","0","0","0","0","-99900","5","-100.00","2706","18","0","0","0","","0","0","0","","",""
"080039","0003","0","100100","100200","100300","100400","100500","100600","100700","100800","100900","101000","100000","99900","99500","99400","99300","99200","99100","99000","98900","98800","24","68","86","1013","372","28","7","2521","176","255","10","176","60","2","1","19","1","2","14","1","4550","286","0","0","0","0","0","-99900","5","-100.00","2706","10","0","0","0","","0","0","0","","",""
"080040","0000","0","100100","100200","100300","100400","100500","100600","100700","100800","100900","101000","100000","99900","99500","99400","99300","99200","99100","99000","98900","98800","15","68","86","1013","372","28","7","2521","176","255","10","176","60","2","1","19","1","2","14","1","4541","286","0","0","0","0","0","-99900","5","-100.00","2715","-9","0","0","0","","0","0","0","","",""
"080040","0001","0","100200","100300","100400","100500","100600","100700","100800","100900","101000","101100","100000","99900","99500","99400","99300","99200","99100","99000","98900","98800","66","86","1013","372","28","7","2521","176","255","240","10","176","60","2","1","19","1","2","14","1","4764","286","0","0","0","0","0","-99900","5","-100.00","2732","223","0","0","0","","0","0","0","","",""
"080040","0002","0","100200","100300","100400","100500","100600","100700","100800","100900","101000","101100","100000","99900","99500","99400","99300","99200","99100","99000","98900","98800","66","86","1013","372","28","27","2521","176","255","240","10","176","60","2","1","19","1","2","14","1","4784","286","0","0","0","0","0","-99900","5","-100.00","2732","20","0","0","0","","0","0","0","","",""
"080041","0000","0","100200","100300","100400","100500","100600","100700","100800","100900","101000","101100","100000","99900","99500","99400","99300","99200","99100","99000","98900","98800","66","86","1013","372","28","27","2521","176","255","240","10","177","60","2","1","19","1","12","4","1","4784","287","0","0","0","0","0","-99900","5","-100.00","2732","0","1","0","0","","0","0","0","","",""
"080042","0000","0","100200","100300","100400","100500","100600","100700","100800","100900","101000","101100","100000","99900","99500","99400","99300","99200","99100","99000","98900","98800","68","86","1013","372","28","27","2521","176","255","240","10","177","60","2","1","19","1","12","4","1","4786","287","0","0","0","0","0","-99900","5","-100.00","2732","2","0","0","0","","0","0","0","","",""
"080042","0001","0","100200","100300","100400","100500","100600","100700","100800","100900","101000","101100","100000","99900","99500","99400","99300","99200","99100","99000","98900","98800","58","86","1013","372","28","27","2522","176","255","240","10","177","60","2","1","19","1","12","4","1","4777","287","0","0","0","0","0","-99900","5","-100.00","2742","-9","0","0","0","","0","0","0","","",""
"080042","0002","0","100100","100200","100300","100400","100500","100600","100700","100800","100900","101000","100000","99900","99500","99400","99300","99200","99100","99000","98900","98800","8","61","86","1013","372","28","27","2522","176","255","10","177","60","2","1","19","1","12","4","1","4548","287","0","0","0","0","0","-99900","5","-100.00","2742","-229","0","0","0","","0","0","0","","",""
"080043","0000","0","100100","100200","100300","100400","100500","100600","100700","100800","100900","101000","100000","99900","99500","99400","99300","99200","99100","99000","98900","98800","8","62","86","1013","372","28","27","2522","176","255","10","177","60","2","1","19","1","12","4","1","4549","287","0","0","0","0","0","-99900","5","-100.00","2742","1","0","0","0","","0","0","0","","",""
"080044","0000","0","100100","100200","100300","100400","100500","100600","100700","100800","100900","101000","100000","99900","99500","99400","99300","99200","99100","99000","98900","98800","7","62","88","1013","372","28","27","2522","176","255","11","177","60","2","1","19","1","12","4","1","4550","288","0","0","0","0","0","-99900","5","-100.00","2743","-1","0","0","0","","0","0","0","","",""
"080044","0001","0","100100","100200","100300","100400","100500","100600","100700","100800","100900","101000","100000","99900","99500","99400","99300","99200","99100","99000","98900","98800","7","61","88","1048","372","28","27","2522","176","255","11","177","60","2","1","19","1","12","4","1","4584","288","0","0","0","0","0","-99900","5","-100.00","2743","34","0","0","0","","0","0","0","","",""
"080044","0002","0","100100","100200","100300","100400","100500","100600","100700","100800","100900","101000","100000","99900","99500","99400","99300","99200","99100","99000","98900","98800","7","99","50","1048","372","28","27","2522","176","255","11","177","60","2","1","19","1","12","4","1","4584","288","0","0","0","0","0","-99900","5","-100.00","2743","0","0","0","0","","0","0","0","","",""
"080044","0003","0","100100","100200","100300","100400","100500","100600","100700","100800","100900","101000","100000","99900","99500","99400","99300","99200","99100","99000","98900","98800","7","99","50","1048","382","28","29","2522","176","255","11","177","60","2","1","19","1","12","4","1","4596","288","0","0","0","0","0","-99900","5","-100.00","2743","12","0","0","0","","0","0","0","","",""
"080045","0000","0","100100","100200","100300","100400","100500","100600","100700","100800","100900","101000","100000","99900","99500","99400","99300","99200","99100","99000","98900","98800","7","99","50","1048","382","28","29","2522","176","255","11","179","60","2","1","19","1","12","4","1","4596","290","0","0","0","0","0","-99900","5","-100.00","2743","0","2","0","0","","0","0","0","","",""
"080045","0001","0","100100","100200","100300","100400","100500","100600","100700","100800","100900","101000","100000","99900","99500","99400","99300","99200","99100","99000","98900","98800","7","101","50","1048","382","28","29","2522","176","256","11","179","60","2","1","19","1","12","4","1","4599","290","0","0","0","0","0","-99900","5","-100.00","2743","3","0","0","0","","0","0","0","","",""
"080046","0000","0","100100","100200","100300","100400","100500","100600","100700","100800","100900","101000","100000","99900","99500","99400","99300","99200","99100","99000","98900","98800","7","101","50","1048","382","28","29","2522","176","256","11","179","60","2","1","19","1","14","4","1","4599","292","0","0","0","0","0","-99900","5","-100.00","2743","0","2","0","0","","0","0","0","","",""
"080046","0001","0","100100","100200","100300","100400","100500","100600","100700","100800","100900","101000","100000","99900","99500","99400","99300","99200","99100","99000","98900","98800","7","101","47","1048","382","28","29","2522","176","256","11","179","60","2","1","19","1","14","4","1","4596","292","0","0","0","0","0","-99900","5","-100.00","2743","-3","0","0","0","","0","0","0","","",""
"080046","0002","0","100100","100200","100300","100400","100500","100600","100700","100800","100900","101000","100000","99900","99500","99400","99300","99200","99100","99000","98900","98800","17","101","47","1048","382","28","29","2542","176","256","11","179","60","2","1","19","1","14","4","1","4626","292","0","0","0","0","0","-99900","5","-100.00","2743","30","0","0","0","","0","0","0","","",""
"080046","0003","0","100100","100200","100300","100400","100500","100600","100700","100800","100900","101000","100000","99900","99500","99400","99300","99200","99100","99000","98900","98800","17","101","47","1048","382","28","29","2542","176","256","11","179","10","2","1","19","1","14","4","1","4626","242","0","0","0","0","0","-99900","5","-100.00","2743","0","-50","0","0","","0","0","0","","",""
"080047","0000","0","100100","100200","100300","100400","100500","100600","100700","100800","100900","101000","100000","99900","99500","99400","99300","99200","99100","99000","98900","98800","16","101","47","1048","382","28","29","2542","176","257","11","179","20","2","1","19","1","14","4","1","4626","252","0","0","0","0","0","-99900","5","-100.00","2744","0","10","0","0","","0","0","0","","",""
"080047","0001","0","100100","100200","100300","100400","100500","100600","100700","100800","100900","101000","100000","99900","99500","99400","99300","99200","99100","99000","98900","98800","17","101","37","1048","382","28","29","2542","176","257","11","179","20","2","1","19","1","14","4","1","4617","252","0","0","0","0","0","-99900","5","-100.00","2753","-9","0","0","0","","0","0","0","","",""
"080047","0002","0","100100","100200","100300","100400","100500","100600","100700","100800","100900","101000","100000","99900","99500","99400","99300","99200","99100","99000","98900","98800","7","101","165","1048","382","28","29","2542","176","257","211","179","20","2","1","19","1","14","4","1","4735","452","0","0","0","0","0","-99900","5","-100.00","2763","118","200","0","0","","0","0","0","","",""
"080047","0003","0","100100","100200","100300","100400","100500","100600","100700","100800","100900","101000","100000","99900","99500","99400","99300","99200","99100","99000","98900","98800","7","101","265","1048","382","28","29","2542","176","257","162","179","20","2","1","19","1","14","4","1","4835","403","0","0","0","0","0","-99900","5","-100.00","2812","100","-49","0","0","","0","0","0","","",""
"080047","0004","0","100100","100200","100300","100400","100500","100600","100700","100800","100900","101000","100000","99900","99500","99400","99300","99200","99100","99000","98900","98800","7","101","265","1048","382","28","29","2542","176","257","162","179","30","2","1","19","1","14","4","1","4835","413","0","0","0","0","0","-99900","5","-100.00","2812","0","10","0","0","","0","0","0","","",""
"080048","0000","0","100100","100200","100300","100400","100500","100600","100700","100800","100900","101000","100000","99900","99500","99400","99300","99200","99100","99000","98900","98800","11","101","265","1048","387","28","29","2542","176","720","162","179","30","2","1","19","1","14","4","1","5307","413","0","0","0","0","0","-99900","5","-100.00","2812","472","0","0","0","","0","0","0","","",""
"080048","0001","0","100100","100200","100300","100400","100500","100600","100700","100800","100900","101000","100000","99900","99500","99400","99300","99200","99100","99000","98900","98800","11","101","265","1048","387","38","29","2542","176","720","162","179","30","2","1","19","1","14","4","1","5317","413","0","0","0","0","0","-99900","5","-100.00","2812","10","0","0","0","","0","0","0","","",""
"080049","0000","0","100100","100200","100300","100400","100500","100600","100700","100800","100900","101000","100000","99900","99500","99400","99300","99200","99100","99000","98900","98800","12","102","265","1048","387","38","29","2542","176","720","162","179","30","2","1","19","1","14","4","1","5319","413","0","0","0","0","0","-99900","5","-100.00","2812","2","0","0","0","","0","0","0","","",""
"080049","0001","0","100100","100200","100300","100400","100500","100600","100700","100800","100900","101000","100000","99900","99500","99400","99300","99200","99100","99000","98900","98800","12","102","505","1048","387","38","29","2542","176","720","162","179","30","2","1","19","1","14","4","1","5559","413","0","0","0","0","0","-99900","5","-100.00","2812","240","0","0","0","","0","0","0","","",""
"080049","0002","0","100100","100200","100300","100400","100500","100600","100700","100800","100900","101000","100000","99900","99500","99400","99300","99200","99100","99000","98900","98800","12","104","505","1048","387","38","29","2542","176","720","162","179","30","2","1","19","1","14","4","1","5561","413","0","0","0","0","0","-99900","5","-100.00","2812","2","0","0","0","","0","0","0","","",""
"080050","0000","0","100100","100200","100300","100400","100500","100600","100700","100800","100900","101000","100000","99900","99500","99400","99300","99200","99100","99000","98900","98800","12","104","506","1048","387","38","29","2542","176","720","162","179","30","2","1","19","1","14","4","1","5562","413","0","0","0","0","0","-99900","5","-100.00","2812","1","0","0","0","","0","0","0","","",""
"080050","0001","0","100100","100200","100300","100400","100500","100600","100700","100800","100900","101000","100000","99900","99500","99400","99300","99200","99100","99000","98900","98800","22","104","506","1048","387","38","29","2542","176","720","162","179","30","2","1","19","1","14","4","1","5572","413","0","0","0","0","0","-99900","5","-100.00","2812","10","0","0","0","","0","0","0","","",""
"080051","0000","0","100100","100200","100300","100400","100500","100600","100700","100800","100900","101000","100000","99900","99500","99400","99300","99200","99100","99000","98900","98800","22","104","506","1048","387","38","29","2542","176","720","162","179","30","2","1","19","1","16","4","1","5572","415","0","0","0","0","0","-99900","5","-100.00","2812","0","2","0","0","","0","0","0","","",""
"080052","0000","0","100100","100200","100300","100400","100500","100600","100700","100800","100900","101000","100000","99900","99500","99400","99300","99200","99100","99000","98900","98800","22","104","506","1048","417","38","29","2542","176","720","564","179","30","2","1","19","1","16","4","1","5602","817","0","0","0","0","0","-99900","5","-100.00","2812","30","402","0","0","","0","0","0","","",""
"080052","0001","0","100100","100200","100300","100400","100500","100600","100700","100800","100900","101000","100000","99900","99500","99400","99300","99200","99100","99000","98900","98800","22","104","506","1048","417","38","29","2542","176","725","614","179","30","2","1","19","1","16","4","1","5607","867","0","0","0","0","0","-99900","5","-100.00","2812","5","50","0","0","","0","0","0","","",""
"080052","0002","0","100100","100200","100300","100400","100500","100600","100700","100800","100900","101000","100000","99900","99500","99400","99300","99200","99100","99000","98900","98800","22","104","506","1048","417","38","29","2542","176","725","614","179","30","2","1","19","1","14","4","1","5607","865","0","0","0","0","0","-99900","5","-100.00","2812","0","-2","0","0","","0","0","0","","",""
"080053","0000","0","100100","100200","100300","100400","100500","100600","100700","100800","100900","101000","100000","99900","99500","99400","99300","99200","99100","99000","98900","98800","522","104","506","1048","417","38","29","2542","176","725","614","179","30","2","1","19","1","14","4","1","6107","865","0","0","0","0","0","-99900","5","-100.00","2812","500","0","0","0","","0","0","0","","",""
"080053","0001","0","100100","100200","100300","100400","100500","100600","100700","100800","100900","101000","100000","99900","99500","99400","99300","99200","99100","99000","98900","98800","522","104","506","1048","417","38","29","2542","176","725","614","179","31","2","1","19","1","14","4","1","6107","866","0","0","0","0","0","-99900","5","-100.00","2812","0","1","0","0","","0","0","0","","",""
"080053","0002","0","100100","100200","100300","100400","100500","100600","100700","100800","100900","101000","100000","99900","99500","99400","99300","99200","99100","99000","98900","98800","532","104","506","1048","417","38","29","2542","176","725","614","179","31","2","1","19","1","14","4","1","6117","866","0","0","0","0","0","-99900","5","-100.00","2812","10","0","0","0","","0","0","0","","",""
"080054","0000","0","100100","100200","100300","100400","100500","100600","100700","100800","100900","101000","100000","99900","99500","99400","99300","99200","99100","99000","98900","98800","532","104","506","1048","417","38","29","2542","176","725","614","179","31","2","1","29","1","14","4","1","6117","876","0","0","0","0","0","-99900","5","-100.00","2812","0","10","0","0","","0","0","0","","",""
"080054","0001","0","100100","100200","100300","100400","100500","100600","100700","100800","100900","101000","100000","99900","99500","99400","99300","99200","99100","99000","98900","98800","532","104","506","1048","417","38","29","2542","176","725","614","179","31","2","1","29","11","14","4","1","6117","886","0","0","0","0","0","-99900","5","-100.00","2812","0","10","0","0","","0","0","0","","",""
"080054","0002","0","100100","100200","100300","100400","100500","100600","100700","100800","100900","101000","100000","99900","99500","99400","99300","99200","99100","99000","98900","98800","532","104","506","1191","417","38","29","2542","376","725","614","179","31","2","1","29","11","14","4","1","6460","886","0","0","0","0","0","-99900","5","-100.00","2812","343","0","0","0","","0","0","0","","",""
"080055","0000","0","100100","100200","100300","100400","100500","100600","100700","100800","100900","101000","100000","99900","99500","99400","99300","99200","99100","99000","98900","98800","531","102","506","1191","417","38","29","2542","376","725","612","179","31","2","1","29","11","14","4","1","6457","884","0","0","0","0","0","-99900","5","-100.00","2814","-3","-2","0","0","","0","0","0","","",""
"080056","0000","0","100100","100200","100300","100400","100500","100600","100700","100800","100900","101000","100000","99900","99500","99400","99300","99200","99100","99000","98900","98800","531","102","506","1191","417","38","29","2542","376","1275","612","179","31","2","1","29","11","14","4","1","7007","884","0","0","0","0","0","-99900","5","-100.00","2814","550","0","0","0","","0","0","0","","",""
"080056","0001","0","100100","100200","100300","100400","100500","100600","100700","100800","100900","101000","100000","99900","99500","99400","99300","99200","99100","99000","98900","98800","531","102","506","1191","417","38","29","2542","376","1275","616","179","31","2","1","29","11","14","4","1","7007","888","0","0","0","0","0","-99900","5","-100.00","2814","0","4","0","0","","0","0","0","","",""
"080056","0002","0","100100","100200","100300","100400","100500","100600","100700","100800","100900","101000","100000","99900","99500","99400","99300","99200","99100","99000","98900","98800","431","102","506","1191","417","38","39","2542","376","1275","614","179","31","2","1","29","11","14","4","1","6917","886","0","0","0","0","0","-99900","5","-100.00","2926","-90","-2","0","0","","0","0","0","","",""
"080057","0000","0","100100","100200","100300","100400","100500","100600","100700","100800","100900","101000","100000","99900","99500","99400","99300","99200","99100","99000","98900","98800","431","102","506","1191","417","38","39","2542","376","1275","181","179","31","2","1","29","11","14","4","1","6917","453","0","0","0","0","0","-99900","5","-100.00","3359","0","-433","0","0","","0","0","0","","",""
"080057","0001","0","100100","100200","100300","100400","100500","100600","100700","100800","100900","101000","100000","99900","99500","99400","99300","99200","99100","99000","98900","98800","431","102","506","1191","417","38","39","2542","376","1275","120","179","31","2","1","29","11","14","4","1","6917","392","0","0","0","0","0","-99900","5","-100.00","3420","0","-61","0","0","","0","0","0","","",""
"080058","0000","0","100100","100200","100300","100400","100500","100600","100700","100800","100900","101000","100000","99900","99500","99400","99300","99200","99100","99000","98900","98800","431","102","506","1191","417","38","39","2542","383","1275","120","179","31","2","1","29","11","14","4","1","6924","392","0","0","0","0","0","-99900","5","-100.00","3420","7","0","0","0","","0","0","0","","",""
"080058","0001","0","100100","100200","100300","100400","100500","100600","100700","100800","100900","101000","100000","99900","99500","99400","99300","99200","99100","99000","98900","98800","431","102","513","1191","417","38","39","2542","383","1275","120","179","31","2","1","29","11","14","4","1","6931","392","0","0","0","0","0","-99900","5","-100.00","3420","7","0","0","0","","0","0","0","","",""
"080058","0002","0","100100","100200","100300","100400","100500","100600","100700","100800","100900","101000","100000","99900","99500","99400","99300","99200","99100","99000","98900","98800","431","102","513","1191","417","38","39","2552","383","1275","120","179","31","2","1","29","11","14","4","1","6941","392","0","0","0","0","0","-99900","5","-100.00","3420","10","0","0","0","","0","0","0","","",""
"080059","0000","0","100100","100200","100300","100400","100500","100600","100700","100800","100900","101000","100000","99900","99500","99400","99300","99200","99100","99000","98900","98800","413","102","513","1191","417","38","39","2552","383","1275","111","180","31","2","1","29","11","14","4","1","6923","384","0","0","0","0","0","-99900","5","-100.00","3447","-18","-8","0","0","","0","0","0","","",""
"080059","0001","0","100100","100200","100300","100400","100500","100600","100700","100800","100900","101000","100000","99900","99500","99400","99300","99200","99100","99000","98900","98800","413","102","513","1191","417","38","39","2552","383","1275","110","180","31","2","1","29","11","14","4","1","6923","383","0","0","0","0","0","-99900","5","-100.00","3448","0","-1","0","0","","0","0","0","","",""
"080059","0002","0","100100","100200","100300","100400","100500","100600","100700","100800","100900","101000","100000","99900","99500","99400","99300","99200","99100","99000","98900","98800","413","102","513","1191","417","38","19","2552","383","1275","110","180","31","2","1","29","11","14","4","1","6903","383","0","0","0","0","0","-99900","5","-100.00","3448","-20","0","0","0","","0","0","0","","",""
"080059","0003","0","100100","100200","100300","100400","100500","100600","100700","100800","100900","101000","100000","99900","99500","99400","99300","99200","99100","99000","98900","98800","413","102","513","1191","417","38","19","2552","383","1275","78","180","31","2","1","29","11","14","4","1","6903","351","0","0","0","0","0","-99900","5","-100.00","3480","0","-32","0","0","","0","0","0","","",""
"080059","0004","0","100100","100200","100300","100400","100500","100600","100700","100800","100900","101000","100000","99900","99500","99400","99300","99200","99100","99000","98900","98800","413","102","513","1191","417","38","19","2552","383","1275","88","180","31","2","1","39","11","14","4","1","6903","371","0","0","0","0","0","-99900","5","-100.00","3480","0","20","0","0","","0","0","0","","",""
"080101","0000","0","100100","100200","100300","100400","100500","100600","100700","100800","100900","101000","100000","99900","99500","99400","99300","99200","99100","99000","98900","98800","418","102","513","1191","417","38","19","2552","383","1275","68","180","31","2","1","39","11","14","4","1","6908","351","0","0","0","0","0","-99900","5","-100.00","3500","5","-20","0","0","","0","0","0","","",""
"080101","0001","0","100100","100200","100300","100400","100500","100600","100700","100800","100900","101000","100000","99900","99500","99400","99300","99200","99100","99000","98900","98800","418","152","513","1191","417","38","19","2552","383","1275","65","180","31","2","1","39","11","14","4","1","6958","348","0","0","0","0","0","-99900","5","-100.00","3503","50","-3","0","0","","0","0","0","","",""
"080102","0000","0","100100","100200","100300","100400","100500","100600","100700","100800","100900","101000","100000","99900","99500","99400","99300","99200","99100","99000","98900","98800","418","152","513","1191","417","38","19","2552","383","1275","65","180","31","2","1","39","11","15","4","1","6958","349","0","0","0","0","0","-99900","5","-100.00","3503","0","1","0","0","","0","0","0","","",""
"080102","0001","0","100100","100200","100300","100400","100500","100600","100700","100800","100900","101000","100000","99900","99500","99400","99300","99200","99100","99000","98900","98800","418","152","513","1191","417","38","19","2552","383","1275","214","180","31","2","1","39","11","15","4","1","6958","498","0","0","0","0","0","-99900","5","-100.00","3503","0","149","0","0","","0","0","0","","",""
"080103","0000","0","100100","100200","100300","100400","100500","100600","100700","100800","100900","101000","100000","99900","99500","99400","99300","99200","99100","99000","98900","98800","388","152","513","1191","417","38","19","2552","383","1275","206","180","31","2","1","39","11","15","4","1","6928","490","0","0","0","0","0","-99900","5","-100.00","3551","-30","-8","0","0","","0","0","0","","",""
"080103","0001","0","100100","100200","100300","100400","100500","100600","100700","100800","100900","101000","100000","99900","99500","99400","99300","99200","99100","99000","98900","98800","429","152","513","1191","417","38","19","2557","383","1275","201","180","31","2","1","39","11","15","4","1","6974","485","0","0","0","0","0","-99900","5","-100.00","3576","-5","-5","0","0","","0","0","0","","",""
"080103","0002","0","100100","100200","100300","100400","100500","100600","100700","100800","100900","101000","100000","99900","99500","99400","99300","99200","99100","99000","98900","98800","429","152","513","1191","417","38","19","2557","383","1275","1","180","31","2","1","39","11","15","4","1","6974","285","0","0","0","0","0","-99900","5","-100.00","3776","0","-200","0","0","","0","0","0","","",""
"080104","0000","0","100100","100200","100300","100400","100500","100600","100700","100800","100900","101000","100000","99900","99500","99400","99300","99200","99100","99000","98900","98800","429","152","513","1191","417","39","19","2557","383","1275","1","180","31","2","11","39","11","15","4","1","6975","295","0","0","0","0","0","-99900","5","-100.00","3776","1","10","0","0","","0","0","0","","",""
"080105","0000","0","100100","100200","100300","100400","100500","100600","100700","100800","100900","101000","100000","99900","99500","99400","99300","99200","99100","99000","98900","98800","429","152","513","1191","418","39","19","2557","383","1275","1","180","31","2","11","39","11","15","4","1","6976","295","0","0","0","0","0","-99900","5","-100.00","3776","1","0","0","0","","0","0","0","","",""
"080105","0001","0","100100","100200","100300","100400","100500","100600","100700","100800","100900","101000","100000","99900","99500","99400","99300","99200","99100","99000","98900","98800","429","172","513","1191","418","39","19","2557","383","1275","1","180","31","2","11","39","11","15","4","1","6996","295","0","0","0","0","0","-99900","5","-100.00","3776","20","0","0","0","","0","0","0","","",""
"080106","0000","0","100000","100100","100200","100300","100400","100500","100600","100700","100800","100900","99900","99500","99400","99300","99200","99100","99000","98900","98800","98700","199","429","172","513","1191","418","39","19","2557","383","180","32","2","11","39","11","15","4","1","3","5920","298","0","0","0","0","0","-99900","5","-100.00","3777","-1076","3","0","0","","0","0","0","","",""
"080339","0000","0","100000","100100","100200","100300","100400","100500","100600","100700","100800","100900","99900","99800","99700","99600","99500","99400","99300","99200","99100","99000","763","660","2271","784","1278","1043","203","164","2852","667","776","322","210","22","373","73","211","39","41","319","10685","2386","0","0","0","0","0","-99900","5","-100.00","7140","-5","0","0","0","","0","0","0","","",""
"080340","0000","0","100000","100100","100200","100300","100400","100500","100600","100700","100800","100900","99900","99800","99700","99600","99500","99400","99300","99200","99100","99000","765","660","2271","784","1278","1043","203","164","2852","667","776","322","210","22","373","73","211","39","41","319","10687","2386","0","0","0","0","0","-99900","5","-100.00","7140","2","0","0","0","","0","0","0","","",""
"080341","0000","0","100000","100100","100200","100300","100400","100500","100600","100700","100800","100900","99900","99800","99700","99600","99500","99400","99300","99200","99100","99000","765","660","2271","784","1278","1043","203","164","2852","667","781","322","210","22","373","73","211","39","41","319","10687","2391","0","0","0","0","0","-99900","5","-100.00","7140","0","5","0","0","","0","0","0","","",""
"080343","0000","0","100000","100100","100200","100300","100400","100500","100600","100700","100800","100900","99900","99800","99700","99600","99500","99400","99300","99200","99100","99000","835","660","2271","784","1278","1043","203","164","2852","667","781","322","210","22","373","73","211","39","41","319","10757","2391","0","0","0","0","0","-99900","5","-100.00","7140","70","0","0","0","","0","0","0","","",""
"080343","0001","0","100000","100100","100200","100300","100400","100500","100600","100700","100800","100900","99900","99800","99700","99600","99500","99400","99300","99200","99100","99000","825","660","2271","784","1278","1043","203","164","2852","667","771","322","210","22","373","73","211","39","41","319","10747","2381","0","0","0","0","0","-99900","5","-100.00","7150","-10","-10","0","0","","0","0","0","","",""
"080344","0000","0","100000","100100","100200","100300","100400","100500","100600","100700","100800","100900","99900","99800","99700","99600","99500","99400","99300","99200","99100","99000","825","660","2271","786","1278","1043","203","164","2852","667","771","322","210","22","373","73","211","39","41","319","10749","2381","0","0","0","0","0","-99900","5","-100.00","7150","2","0","0","0","","0","0","0","","",""
"080344","0001","0","100000","100100","100200","100300","100400","100500","100600","100700","100800","100900","99900","99800","99700","99600","99500","99400","99300","99200","99100","99000","827","660","2271","786","1278","1043","203","164","2852","667","771","322","210","22","373","73","211","39","41","319","10751","2381","0","0","0","0","0","-99900","5","-100.00","7150","2","0","0","0","","0","0","0","","",""
"080346","0000","0","100000","100100","100200","100300","100400","100500","100600","100700","100800","100900","99900","99800","99700","99600","99500","99400","99300","99200","99100","99000","898","660","2271","1286","1278","1043","203","164","2852","667","771","322","210","22","373","73","211","39","41","319","11322","2381","0","0","0","0","0","-99900","5","-100.00","7150","571","0","0","0","","0","0","0","","",""
"080346","0001","0","100000","100100","100200","100300","100400","100500","100600","100700","100800","100900","99900","99800","99700","99600","99500","99400","99300","99200","99100","99000","898","660","2271","1286","1278","1043","203","164","2852","667","796","322","210","22","373","73","211","39","41","319","11322","2406","0","0","0","0","0","-99900","5","-100.00","7150","0","25","0","0","","0","0","0","","",""
"080348","0000","0","100000","100100","100200","100300","100400","100500","100600","100700","100800","100900","99900","99800","99700","99600","99500","99400","99300","99200","99100","99000","898","660","2271","1286","1278","1043","203","164","2852","667","796","322","210","22","373","74","211","39","41","319","11322","2407","0","0","0","0","0","-99900","5","-100.00","7150","0","1","0","0","","0","0","0","","",""
"080348","0001","0","100000","100100","100200","100300","100400","100500","100600","100700","100800","100900","99900","99800","99700","99600","99500","99400","99300","99200","99100","99000","898","660","2271","1296","1278","1043","203","164","2852","667","796","322","210","22","373","74","211","39","41","319","11332","2407","0","0","0","0","0","-99900","5","-100.00","7150","10","0","0","0","","0","0","0","","",""
"080349","0000","0","100000","100100","100200","100300","100400","100500","100600","100700","100800","100900","99900","99800","99700","99600","99500","99400","99300","99200","99100","99000","868","660","2271","1296","1278","1043","203","164","2852","667","796","322","210","22","373","74","211","39","41","319","11302","2407","0","0","0","0","0","-99900","5","-100.00","7180","-30","0","0","0","","0","0","0","","",""
"080349","0001","0","100000","100100","100200","100300","100400","100500","100600","100700","100800","100900","99900","99800","99700","99600","99500","99400","99300","99200","99100","99000","868","660","2271","1296","1278","1043","203","164","2852","667","801","322","210","22","373","74","211","39","41","319","11302","2412","0","0","0","0","0","-99900","5","-100.00","7180","0","5","0","0","","0","0","0","","",""
"080349","0002","0","100000","100100","100200","100300","100400","100500","100600","100700","100800","100900","99900","99800","99700","99600","99500","99400","99300","99200","99100","99000","868","660","2271","1296","1278","1043","203","164","2922","667","801","322","210","22","373","74","211","39","41","319","11372","2412","0","0","0","0","0","-99900","5","-100.00","7180","70","0","0","0","","0","0","0","","",""
"080350","0000","0","100000","100100","100200","100300","100400","100500","100600","100700","100800","100900","99900","99800","99700","99600","99500","99400","99300","99200","99100","99000","867","660","2271","1296","1278","1043","203","164","2922","667","800","322","210","22","373","74","211","39","41","319","11371","2411","0","0","0","0","0","-99900","5","-100.00","7181","-1","-1","0","0","","0","0","0","","",""
"080352","0000","0","100000","100100","100200","100300","100400","100500","100600","100700","100800","100900","99900","99800","99700","99600","99500","99400","99300","99200","99100","99000","867","740","2271","1296","1278","1043","203","164","2922","667","800","322","210","22","373","74","211","39","41","319","11451","2411","0","0","0","0","0","-99900","5","-100.00","7181","80","0","0","0","","0","0","0","","",""
"080352","0001","0","100000","100100","100200","100300","100400","100500","100600","100700","100800","100900","99900","99800","99700","99600","99500","99400","99300","99200","99100","99000","867","740","2271","1296","1278","1043","203","164","2922","667","800","322","210","22","378","74","211","39","41","319","11451","2416","0","0","0","0","0","-99900","5","-100.00","7181","0","5","0","0","","0","0","0","","",""
"080353","0000","0","100000","100100","100200","100300","100400","100500","100600","100700","100800","100900","99900","99800","99700","99600","99500","99400","99300","99200","99100","99000","867","740","2271","1296","1278","1046","203","164","2922","667","800","322","210","22","378","74","211","39","41","319","11454","2416","0","0","0","0","0","-99900","5","-100.00","7181","3","0","0","0","","0","0","0","","",""
"080353","0001","0","100000","100100","100200","100300","100400","100500","100600","100700","100800","100900","99900","99800","99700","99600","99500","99400","99300","99200","99100","99000","867","740","2271","1296","1278","1046","203","164","2922","637","800","322","210","22","378","74","211","39","41","319","11424","2416","0","0","0","0","0","-99900","5","-100.00","7181","-30","0","0","0","","0","0","0","","",""
"080355","0000","0","100000","100100","100200","100300","100400","100500","100600","100700","100800","100900","99900","99800","99700","99600","99500","99400","99300","99200","99100","99000","867","740","2271","1296","1278","1046","203","164","2922","637","809","322","210","22","378","74","211","39","41","319","11424","2425","0","0","0","0","0","-99900","5","-100.00","7181","0","9","0","0","","0","0","0","","",""
"080355","0001","0","100000","100100","100200","100300","100400","100500","100600","100700","100800","100900","99900","99800","99700","99600","99500","99400","99300","99200","99100","99000","866","740","2271","1296","1278","1046","203","164","2922","637","909","322","210","22","378","74","211","39","41","319","11423","2525","0","0","0","0","0","-99900","5","-100.00","7182","-1","100","0","0","","0","0","0","","",""
"080357","0000","0","100000","100100","100200","100300","100400","100500","100600","100700","100800","100900","99900","99800","99700","99600","99500","99400","99300","99200","99100","99000","871","740","2271","1296","1278","1046","203","164","2922","637","909","322","210","22","378","74","211","39","41","319","11428","2525","0","0","0","0","0","-99900","5","-100.00","7182","5","0","0","0","","0","0","0","","",""
"080357","0001","0","100000","100100","100200","100300","100400","100500","100600","100700","100800","100900","99900","99800","99700","99600","99500","99400","99300","99200","99100","99000","872","740","2271","1296","1278","1046","203","164","2922","637","909","322","210","22","378","74","211","39","41","319","11429","2525","0","0","0","0","0","-99900","5","-100.00","7182","1","0","0","0","","0","0","0","","",""
"080357","0002","0","100000","100100","100200","100300","100400","100500","100600","100700","100800","100900","99900","99800","99700","99600","99500","99400","99300","99200","99100","99000","872","741","2269","1296","1278","1046","203","164","2922","637","909","322","210","22","378","74","211","39","41","319","11428","2525","0","0","0","0","0","-99900","5","-100.00","7182","-1","0","0","0","","0","0","0","","",""
"080357","0003","0","100000","100100","100200","100300","100400","100500","100600","100700","100800","100900","99900","99800","99700","99600","99500","99400","99300","99200","99100","99000","872","741","2269","1296","1278","1046","203","164","2923","637","909","322","210","22","378","74","211","39","41","319","11429","2525","0","0","0","0","0","-99900","5","-100.00","7182","1","0","0","0","","0","0","0","","",""
"080359","0000","0","100000","100100","100200","100300","100400","100500","100600","100700","100800","100900","99900","99800","99700","99600","99500","99400","99300","99200","99100","99000","872","741","2269","1296","1278","1047","203","164","2923","637","909","322","210","22","378","74","211","39","41","319","11430","2525","0","0","0","0","0","-99900","5","-100.00","7182","1","0","0","0","","0","0","0","","",""
"080359","0001","0","100000","100100","100200","100300","100400","100500","100600","100700","100800","100900","99900","99800","99700","99600","99500","99400","99300","99200","99100","99000","902","741","2269","1296","1278","1047","203","164","2923","637","909","322","210","22","378","74","211","39","41","319","11460","2525","0","0","0","0","0","-99900","5","-100.00","7182","30","0","0","0","","0","0","0","","",""
"080400","0000","0","100000","100100","100200","100300","100400","100500","100600","100700","100800","100900","99900","99800","99700","99600","99500","99400","99300","99200","99100","99000","902","741","2269","1296","1278","1047","203","164","2923","637","908","322","210","22","378","74","211","39","41","319","11460","2524","0","0","0","0","0","-99900","5","-100.00","7182","0","-1","0","0","","0","0","0","","",""
"080403","0000","0","100000","100100","100200","100300","100400","100500","100600","100700","100800","100900","99900","99800","99700","99600","99500","99400","99300","99200","99100","99000","902","741","2269","1296","1278","1047","204","164","2923","637","908","322","210","22","378","74","211","39","41","319","11461","2524","0","0","0","0","0","-99900","5","-100.00","7182","1","0","0","0","","0","0","0","","",""
"080404","0000","0","100000","100100","100200","100300","100400","100500","100600","100700","100800","100900","99900","99800","99700","99600","99500","99400","99300","99200","99100","99000","897","741","2269","1296","1278","1047","204","164","2923","637","908","322","210","22","378","74","211","39","41","319","11456","2524","0","0","0","0","0","-99900","5","-100.00","7187","-5","0","0","0","","0","0","0","","",""
"080405","0000","0","100000","100100","100200","100300","100400","100500","100600","100700","100800","100900","99900","99800","99700","99600","99500","99400","99300","99200","99100","99000","897","741","2269","1296","1278","1047","204","164","2923","637","933","322","210","22","378","74","211","39","41","319","11456","2549","0","0","0","0","0","-99900","5","-100.00","7187","0","25","0","0","","0","0","0","","",""
"080406","0000","0","100000","100100","100200","100300","100400","100500","100600","100700","100800","100900","99900","99800","99700","99600","99500","99400","99300","99200","99100","99000","902","741","2269","1296","1278","1047","204","164","2923","637","933","322","210","22","378","74","211","39","41","319","11461","2549","0","0","0","0","0","-99900","5","-100.00","7187","5","0","0","0","","0","0","0","","",""
"080407","0000","0","100000","100100","100200","100300","100400","100500","100600","100700","100800","100900","99900","99800","99700","99600","99500","99400","99300","99200","99100","99000","910","741","2269","1296","1278","1047","204","164","2923","637","933","322","210","22","378","74","211","39","41","319","11469","2549","0","0","0","0","0","-99900","5","-100.00","7187","8","0","0","0","","0","0","0","","",""
"080407","0001","0","100000","100100","100200","100300","100400","100500","100600","100700","100800","100900","99900","99800","99700","99600","99500","99400","99300","99200","99100","99000","910","741","2270","1296","1278","1047","204","164","2923","637","933","322","210","22","378","74","211","39","41","319","11470","2549","0","0","0","0","0","-99900","5","-100.00","7187","1","0","0","0","","0","0","0","","",""
"080407","0002","0","100000","100100","100200","100300","100400","100500","100600","100700","100800","100900","99900","99800","99700","99600","99500","99400","99300","99200","99100","99000","910","741","2270","1296","1278","1047","204","164","2923","637","925","322","210","22","378","74","211","39","41","319","11470","2541","0","0","0","0","0","-99900","5","-100.00","7187","0","-8","0","0","","0","0","0","","",""
"080407","0003","0","100000","100100","100200","100300","100400","100500","100600","100700","100800","100900","99900","99800","99700","99600","99500","99400","99300","99200","99100","99000","910","741","2270","1296","1278","1047","204","164","2924","637","925","322","210","22","378","74","211","39","41","319","11471","2541","0","0","0","0","0","-99900","5","-100.00","7187","1","0","0","0","","0","0","0","","",""
"080410","0000","0","100000","100100","100200","100300","100400","100500","100600","100700","100800","100900","99900","99800","99700","99600","99500","99400","99300","99200","99100","99000","907","741","2270","1296","1278","1047","204","164","2924","637","924","322","210","22","378","74","211","39","41","319","11468","2540","0","0","0","0","0","-99900","5","-100.00","7190","-2","0","0","0","","0","0","0","","",""
"080411","0000","0","100000","100100","100200","100300","100400","100500","100600","100700","100800","100900","99900","99800","99700","99600","99500","99400","99300","99200","99100","99000","882","741","2270","1296","1278","1047","204","164","2924","637","924","322","210","22","378","74","211","39","41","319","11443","2540","0","0","0","0","0","-99900","5","-100.00","7215","-20","0","0","0","","0","0","0","","",""
"080411","0001","0","100000","100100","100200","100300","100400","100500","100600","100700","100800","100900","99900","99800","99700","99600","99500","99400","99300","99200","99100","99000","882","741","2270","1296","1278","1047","204","164","2924","637","922","322","210","22","378","74","211","39","41","319","11443","2538","0","0","0","0","0","-99900","5","-100.00","7217","0","-2","0","0","","0","0","0","","",""
"080412","0000","0","100000","100100","100200","100300","100400","100500","100600","100700","100800","100900","99900","99800","99700","99600","99500","99400","99300","99200","99100","99000","882","741","2270","1296","1278","1047","204","164","2924","637","923","322","210","22","378","74","211","49","41","319","11443","2549","0","0","0","0","0","-99900","5","-100.00","7217","0","11","0","0","","0","0","0","","",""
"080412","0001","0","100000","100100","100200","100300","100400","100500","100600","100700","100800","100900","99900","99800","99700","99600","99500","99400","99300","99200","99100","99000","882","741","2270","1296","1278","1047","204","176","2924","637","923","322","210","22","378","74","211","49","41","319","11455","2549","0","0","0","0","0","-99900","5","-100.00","7217","12","0","0","0","","0","0","0","","",""
"080413","0000","0","100000","100100","100200","100300","100400","100500","100600","100700","100800","100900","99900","99800","99700","99600","99500","99400","99300","99200","99100","99000","882","741","2270","1296","1278","1047","204","176","2924","637","923","322","210","22","378","74","211","49","61","319","11455","2569","0","0","0","0","0","-99900","5","-100.00","7217","0","20","0","0","","0","0","0","","",""
"080413","0001","0","100000","100100","100200","100300","100400","100500","100600","100700","100800","100900","99900","99800","99700","99600","99500","99400","99300","99200","99100","99000","882","741","2270","1296","1278","1052","204","176","2924","637","923","322","210","22","378","74","211","49","61","319","11460","2569","0","0","0","0","0","-99900","5","-100.00","7217","5","0","0","0","","0","0","0","","",""
"080414","0000","0","100000","100100","100200","100300","100400","100500","100600","100700","100800","100900","99900","99800","99700","99600","99500","99400","99300","99200","99100","99000","882","741","2270","1296","1278","1052","204","176","2924","637","874","322","210","22","378","74","211","49","61","319","11460","2520","0","0","0","0","0","-99900","5","-100.00","7266","0","-49","0","0","","0","0","0","","",""
"080415","0000","0","100000","100100","100200","100300","100400","100500","100600","100700","100800","100900","99900","99800","99700","99600","99500","99400","99300","99200","99100","99000","882","741","2270","1296","1278","1052","204","176","2924","637","869","322","210","22","378","74","211","49","61","319","11460","2515","0","0","0","0","0","-99900","5","-100.00","7266","0","-5","0","0","","0","0","0","","",""
"080416","0000","0","100000","100100","100200","100300","100400","100500","100600","100700","100800","100900","99900","99800","99700","99600","99500","99400","99300","99200","99100","99000","1762","741","2270","1296","1278","1052","204","176","2924","637","869","322","210","22","378","74","211","49","61","319","12340","2515","0","0","0","0","0","-99900","5","-100.00","7266","880","0","0","0","","0","0","0","","",""
"080417","0000","0","100000","100100","100200","100300","100400","100500","100600","100700","100800","100900","99900","99800","99700","99600","99500","99400","99300","99200","99100","99000","1762","736","2270","1296","1278","1052","204","176","2924","637","869","322","210","22","378","74","211","49","61","319","12335","2515","0","0","0","0","0","-99900","5","-100.00","7266","-5","0","0","0","","0","0","0","","",""
"080418","0000","0","100000","100100","100200","100300","100400","100500","100600","100700","100800","100900","99900","99800","99700","99600","99500","99400","99300","99200","99100","99000","1762","737","2270","1296","1278","1052","204","176","2924","637","869","322","210","22","378","74","211","49","61","319","12336","2515","0","0","0","0","0","-99900","5","-100.00","7266","1","0","0","0","","0","0","0","","",""
"080419","0000","0","100000","100100","100200","100300","100400","100500","100600","100700","100800","100900","99900","99800","99700","99600","99500","99400","99300","99200","99100","99000","1762","737","2270","1296","1278","1052","204","176","2924","637","969","322","210","22","378","74","211","49","61","319","12336","2615","0","0","0","0","0","-99900","5","-100.00","7266","0","100","0","0","","0","0","0","","",""
"080419","0001","0","100000","100100","100200","100300","100400","100500","100600","100700","100800","100900","99900","99800","99700","99600","99500","99400","99300","99200","99100","99000","1762","737","2270","1296","1278","1052","204","176","2924","637","968","322","210","22","378","74","211","49","61","319","12336","2614","0","0","0","0","0","-99900","5","-100.00","7267","0","-1","0","0","","0","0","0","","",""
"080419","0002","0","100000","100100","100200","100300","100400","100500","100600","100700","100800","100900","99900","99800","99700","99600","99500","99400","99300","99200","99100","99000","1762","737","2270","1296","1278","1052","204","176","2924","637","962","322","210","22","378","74","211","49","61","319","12336","2608","0","0","0","0","0","-99900","5","-100.00","7273","0","-6","0","0","","0","0","0","","",""
"080420","0000","0","100000","100100","100200","100300","100400","100500","100600","100700","100800","100900","99900","99800","99700","99600","99500","99400","99300","99200","99100","99000","1762","737","2270","1296","1278","1052","204","176","2924","637","962","322","210","22","378","74","211","49","61","320","12336","2609","0","0","0","0","0","-99900","5","-100.00","7273","0","1","0","0","","0","0","0","","",""
"080421","0000","0","100000","100100","100200","100300","100400","100500","100600","100700","100800","100900","99900","99800","99700","99600","99500","99400","99300","99200","99100","99000","1762","737","2270","1296","1278","1052","204","191","2924","637","952","322","210","22","378","74","211","49","61","320","12351","2599","0","0","0","0","0","-99900","5","-100.00","7283","15","-10","0","0","","0","0","0","","",""
"080422","0000","0","100000","100100","100200","100300","100400","100500","100600","100700","100800","100900","99900","99800","99700","99600","99500","99400","99300","99200","99100","99000","1762","737","2270","1296","1278","1052","204","191","2924","637","972","322","210","22","378","74","211","49","61","320","12351","2619","0","0","0","0","0","-99900","5","-100.00","7283","0","20","0","0","","0","0","0","","",""
"080424","0000","0","100000","100100","100200","100300","100400","100500","100600","100700","100800","100900","99900","99800","99700","99600","99500","99400","99300","99200","99100","99000","1762","737","2270","1296","1278","1052","204","191","2924","637","967","322","210","22","378","74","211","49","61","320","12351","2614","0","0","0","0","0","-99900","5","-100.00","7288","0","-5","0","0","","0","0","0","","",""
"080425","0000","0","100000","100100","100200","100300","100400","100500","100600","100700","100800","100900","99900","99800","99700","99600","99500","99400","99300","99200","99100","99000","1762","737","2270","1296","1278","1052","204","191","2924","687","967","322","210","22","378","74","211","49","61","320","12401","2614","0","0","0","0","0","-99900","5","-100.00","7288","50","0","0","0","","0","0","0","","",""
"080425","0001","0","100000","100100","100200","100300","100400","100500","100600","100700","100800","100900","99900","99800","99700","99600","99500","99400","99300","99200","99100","99000","1762","737","2270","1296","1278","1052","204","191","2924","687","503","322","210","22","378","74","211","49","61","320","12401","2150","0","0","0","0","0","-99900","5","-100.00","7752","0","-464","0","0","","0","0","0","","",""
"080426","0000","0","100000","100100","100200","100300","100400","100500","100600","100700","100800","100900","99900","99800","99700","99600","99500","99400","99300","99200","99100","99000","1762","737","2270","1396","1278","1052","204","191","2924","687","503","322","210","22","378","74","211","49","61","320","12501","2150","0","0","0","0","0","-99900","5","-100.00","7752","100","0","0","0","","0","0","0","","",""
"080426","0001","0","100000","100100","100200","100300","100400","100500","100600","100700","100800","100900","99900","99800","99700","99600","99500","99400","99300","99200","99100","99000","1772","737","2270","1396","1278","1052","204","191","2924","687","503","322","210","22","378","74","211","49","61","320","12511","2150","0","0","0","0","0","-99900","5","-100.00","7752","10","0","0","0","","0","0","0","","",""
"080428","0000","0","100000","100100","100200","100300","100400","100500","100600","100700","100800","100900","99900","99800","99700","99600","99500","99400","99300","99200","99100","99000","1772","737","2278","1396","1278","1052","204","191","2924","687","504","322","210","22","378","74","211","49","61","320","12519","2151","0","0","0","0","0","-99900","5","-100.00","7752","8","1","0","0","","0","0","0","","",""
"080428","0001","0","100000","100100","100200","100300","100400","100500","100600","100700","100800","100900","99900","99800","99700","99600","99500","99400","99300","99200","99100","99000","1772","737","2278","1396","1278","1052","204","191","2924","717","504","322","210","22","378","74","211","49","61","320","12549","2151","0","0","0","0","0","-99900","5","-100.00","7752","30","0","0","0","","0","0","0","","",""
"080428","0002","0","100000","100100","100200","100300","100400","100500","100600","100700","100800","100900","99900","99800","99700","99600","99500","99400","99300","99200","99100","99000","1772","737","2278","1396","1278","1052","204","191","2924","717","504","522","210","22","378","74","211","49","61","320","12549","2351","0","0","0","0","0","-99900","5","-100.00","7752","0","200","0","0","","0","0","0","","",""
"080429","0000","0","100000","100100","100200","100300","100400","100500","100600","100700","100800","100900","99900","99800","99700","99600","99500","99400","99300","99200","99100","99000","1777","737","2278","1396","1278","1052","204","191","2924","717","504","522","210","22","378","74","211","49","61","320","12554","2351","0","0","0","0","0","-99900","5","-100.00","7752","5","0","0","0","","0","0","0","","",""
"080430","0000","0","100000","100100","100200","100300","100400","100500","100600","100700","100800","100900","99900","99800","99700","99600","99500","99400","99300","99200","99100","99000","1777","737","2278","1396","1278","1052","204","191","2924","717","505","522","210","22","378","74","211","49","61","320","12554","2352","0","0","0","0","0","-99900","5","-100.00","7752","0","1","0","0","","0","0","0","","",""
"080431","0000","0","100000","100100","100200","100300","100400","100500","100600","100700","100800","100900","99900","99800","99700","99600","99500","99400","99300","99200","99100","99000","1777","737","2278","1396","1278","1052","204","191","2924","717","500","522","210","22","378","74","211","49","61","320","12554","2347","0","0","0","0","0","-99900","5","-100.00","7757","0","-5","0","0","","0","0","0","","",""
"080431","0001","0","100000","100100","100200","100300","100400","100500","100600","100700","100800","100900","99900","99800","99700","99600","99500","99400","99300","99200","99100","99000","1777","737","2278","1416","1278","1052","204","191","2924","717","490","522","210","22","378","74","211","49","61","320","12574","2337","0","0","0","0","0","-99900","5","-100.00","7767","0","-10","0","0","","0","0","0","","",""
"080432","0000","0","100000","100100","100200","100300","100400","100500","100600","100700","100800","100900","99900","99800","99700","99600","99500","99400","99300","99200","99100","99000","1777","737","2278","1416","1278","1055","204","191","2924","717","490","522","210","22","378","74","211","49","61","320","12577","2337","0","0","0","0","0","-99900","5","-100.00","7767","3","0","0","0","","0","0","0","","",""
"080433","0000","0","100000","100100","100200","100300","100400","100500","100600","100700","100800","100900","99900","99800","99700","99600","99500","99400","99300","99200","99100","99000","1777","737","2278","1416","1278","1055","204","191","2924","717","489","522","210","22","378","74","211","49","61","320","12577","2336","0","0","0","0","0","-99900","5","-100.00","7768","0","-1","0","0","","0","0","0","","",""
"080434","0000","0","100000","100100","100200","100300","100400","100500","100600","100700","100800","100900","99900","99800","99700","99600","99500","99400","99300","99200","99100","99000","1777","737","2278","1416","1278","1055","204","191","2924","717","489","522","210","22","383","74","211","49","61","320","12577","2341","0","0","0","0","0","-99900","5","-100.00","7768","0","5","0","0","","0","0","0","","",""
"080434","0001","0","100000","100100","100200","100300","100400","100500","100600","100700","100800","100900","99900","99800","99700","99600","99500","99400","99300","99200","99100","99000","1776","737","2278","1416","1278","1055","204","191","2924","717","489","522","210","22","383","74","211","49","61","320","12576","2341","0","0","0","0","0","-99900","5","-100.00","7769","-1","0","0","0","","0","0","0","","",""
"080435","0000","0","100000","100100","100200","100300","100400","100500","100600","100700","100800","100900","99900","99800","99700","99600","99500","99400","99300","99200","99100","99000","1776","737","2278","1416","1278","1055","204","191","2925","717","489","522","210","22","383","74","211","49","61","320","12577","2341","0","0","0","0","0","-99900","5","-100.00","7769","1","0","0","0","","0","0","0","","",""
"080435","0001","0","100000","100100","100200","100300","100400","100500","100600","100700","100800","100900","99900","99800","99700","99600","99500","99400","99300","99200","99100","99000","1776","737","2278","1416","1278","1055","204","191","2925","717","509","522","210","22","383","74","211","49","61","320","12577","2361","0","0","0","0","0","-99900","5","-100.00","7769","0","20","0","0","","0","0","0","","",""
"080435","0002","0","100000","100100","100200","100300","100400","100500","100600","100700","100800","100900","99900","99800","99700","99600","99500","99400","99300","99200","99100","99000","1785","737","2278","1416","1278","1055","204","191","2925","717","509","522","210","22","383","74","211","49","61","320","12586","2361","0","0","0","0","0","-99900","5","-100.00","7770","9","0","0","0","","0","0","0","","",""
"080436","0000","0","100000","100100","100200","100300","100400","100500","100600","100700","100800","100900","99900","99800","99700","99600","99500","99400","99300","99200","99100","99000","1785","737","2278","1416","1278","1055","204","191","2925","717","510","522","210","22","383","74","211","49","61","320","12586","2362","0","0","0","0","0","-99900","5","-100.00","7770","0","1","0","0","","0","0","0","","",""
"080436","0001","0","100000","100100","100200","100300","100400","100500","100600","100700","100800","100900","99900","99800","99700","99600","99500","99400","99300","99200","99100","99000","1784","737","2278","1416","1278","1055","204","191","2925","717","510","522","210","22","383","74","211","49","61","320","12585","2362","0","0","0","0","0","-99900","5","-100.00","7771","-1","0","0","0","","0","0","0","","",""
"080439","0000","0","100000","100100","100200","100300","100400","100500","100600","100700","100800","100900","99900","99800","99700","99600","99500","99400","99300","99200","99100","99000","1784","737","2279","1416","1278","1055","204","191","2925","717","510","522","210","22","383","74","211","49","61","320","12586","2362","0","0","0","0","0","-99900","5","-100.00","7771","1","0","0","0","","0","0","0","","",""
"080440","0000","0","100000","100100","100200","100300","100400","100500","100600","100700","100800","100900","99900","99800","99700","99600","99500","99400","99300","99200","99100","99000","1784","737","2279","1416","1278","1055","217","191","2925","717","510","522","210","22","383","74","211","49","61","320","12599","2362","0","0","0","0","0","-99900","5","-100.00","7771","13","0","0","0","","0","0","0","","",""
"080440","0001","0","100000","100100","100200","100300","100400","100500","100600","100700","100800","100900","99900","99800","99700","99600","99500","99400","99300","99200","99100","99000","1789","737","2279","1416","1278","1055","217","191","2925","717","510","522","210","22","383","74","211","49","61","320","12604","2362","0","0","0","0","0","-99900","5","-100.00","7771","5","0","0","0","","0","0","0","","",""
"080441","0000","0","100000","100100","100200","100300","100400","100500","100600","100700","100800","100900","99900","99800","99700","99600","99500","99400","99300","99200","99100","99000","1790","737","2279","1416","1278","1055","217","191","2925","717","510","522","210","22","383","74","211","49","61","320","12605","2362","0","0","0","0","0","-99900","5","-100.00","7771","1","0","0","0","","0","0","0","","",""
"080441","0001","0","100000","100100","100200","100300","100400","100500","100600","100700","100800","100900","99900","99800","99700","99600","99500","99400","99300","99200","99100","99000","1789","737","2279","1416","1278","1055","217","191","2925","717","510","522","210","22","383","74","211","49","61","320","12604","2362","0","0","0","0","0","-99900","5","-100.00","7772","-1","0","0","0","","0","0","0","","",""
"080442","0000","0","100000","100100","100200","100300","100400","100500","100600","100700","100800","100900","99900","99800","99700","99600","99500","99400","99300","99200","99100","99000","1789","737","2279","1426","1278","1055","217","191","2925","717","510","522","210","22","383","74","211","49","61","320","12614","2362","0","0","0","0","0","-99900","5","-100.00","7772","10","0","0","0","","0","0","0","","",""
"080442","0001","0","100000","100100","100200","100300","100400","100500","100600","100700","100800","100900","99900","99800","99700","99600","99500","99400","99300","99200","99100","99000","1789","737","2279","1426","1278","1055","217","191","2925","717","512","522","210","22","383","74","211","49","61","320","12614","2364","0","0","0","0","0","-99900","5","-100.00","7772","0","2","0","0","","0","0","0","","",""
"080444","0000","0","100000","100100","100200","100300","100400","100500","100600","100700","100800","100900","99900","99800","99700","99600","99500","99400","99300","99200","99100","99000","1789","737","2279","1426","1278","1055","217","192","2925","717","512","522","210","22","383","74","211","49","61","320","12615","2364","0","0","0","0","0","-99900","5","-100.00","7772","1","0","0","0","","0","0","0","","",""
"080444","0001","0","100000","100100","100200","100300","100400","100500","100600","100700","100800","100900","99900","99800","99700","99600","99500","99400","99300","99200","99100","99000","1789","737","2279","1426","1278","1055","217","192","2925","717","401","522","210","22","383","74","211","49","61","320","12615","2253","0","0","0","0","0","-99900","5","-100.00","7883","0","-111","0","0","","0","0","0","","",""
"080445","0000","0","100000","100100","100200","100300","100400","100500","100600","100700","100800","100900","99900","99800","99700","99600","99500","99400","99300","99200","99100","99000","1789","737","2279","1506","1278","1055","217","192","2925","717","401","522","210","22","383","74","211","49","61","320","12695","2253","0","0","0","0","0","-99900","5","-100.00","7883","80","0","0","0","","0","0","0","","",""
"080445","0001","0","100000","100100","100200","100300","100400","100500","100600","100700","100800","100900","99900","99800","99700","99600","99500","99400","99300","99200","99100","99000","1790","737","2279","1506","1278","1055","217","192","2925","717","401","522","210","22","383","74","211","49","61","320","12696","2253","0","0","0","0","0","-99900","5","-100.00","7883","1","0","0","0","","0","0","0","","",""
"080445","0002","0","100000","100100","100200","100300","100400","100500","100600","100700","100800","100900","99900","99800","99700","99600","99500","99400","99300","99200","99100","99000","1800","737","2279","1506","1278","1055","217","192","2925","717","401","522","210","22","383","74","211","49","61","320","12706","2253","0","0","0","0","0","-99900","5","-100.00","7883","10","0","0","0","","0","0","0","","",""
"080445","0003","0","100000","100100","100200","100300","100400","100500","100600","100700","100800","100900","99900","99800","99700","99600","99500","99400","99300","99200","99100","99000","1805","737","2279","1506","1278","1055","217","192","2925","717","401","522","210","22","383","74","211","49","61","320","12711","2253","0","0","0","0","0","-99900","5","-100.00","7883","5","0","0","0","","0","0","0","","",""
"080446","0000","0","100000","100100","100200","100300","100400","100500","100600","100700","100800","100900","99900","99800","99700","99600","99500","99400","99300","99200","99100","99000","1805","737","2279","1506","1278","1055","217","192","2925","717","401","527","210","22","383","74","211","49","61","320","12711","2258","0","0","0","0","0","-99900","5","-100.00","7883","0","5","0","0","","0","0","0","","",""
"080448","0000","0","100000","100100","100200","100300","100400","100500","100600","100700","100800","100900","99900","99800","99700","99600","99500","99400","99300","99200","99100","99000","1805","737","2279","1506","1278","1319","217","192","2925","717","401","527","210","22","383","74","211","49","61","320","12975","2258","0","0","0","0","0","-99900","5","-100.00","7883","264","0","0","0","","0","0","0","","",""
"080448","0001","0","100000","100100","100200","100300","100400","100500","100600","100700","100800","100900","99900","99800","99700","99600","99500","99400","99300","99200","99100","99000","1807","737","2279","1506","1278","1319","215","192","2925","717","401","527","210","22","383","74","211","49","61","320","12975","2258","0","0","0","0","0","-99900","5","-100.00","7883","0","0","0","0","","0","0","0","","",""
"080448","0002","0","100000","100100","100200","100300","100400","100500","100600","100700","100800","100900","99900","99800","99700","99600","99500","99400","99300","99200","99100","99000","1807","737","2279","1506","1278","1319","215","192","2925","717","401","527","210","222","383","74","211","49","61","320","12975","2458","0","0","0","0","0","-99900","5","-100.00","7883","0","200","0","0","","0","0","0","","",""
"080449","0000","0","100000","100100","100200","100300","100400","100500","100600","100700","100800","100900","99900","99800","99700","99600","99500","99400","99300","99200","99100","99000","1807","737","2279","1506","1278","1319","215","192","2925","717","406","527","210","222","383","74","211","49","61","320","12975","2463","0","0","0","0","0","-99900","5","-100.00","7883","0","5","0","0","","0","0","0","","",""
"080450","0000","0","100000","100100","100200","100300","100400","100500","100600","100700","100800","100900","99900","99800","99700","99600","99500","99400","99300","99200","99100","99000","1777","737","2279","1506","1278","1319","215","192","2925","717","406","527","210","222","383","74","211","49","61","320","12945","2463","0","0","0","0","0","-99900","5","-100.00","7883","-30","0","0","0","","0","0","0","","",""
"080450","0001","0","100000","100100","100200","100300","100400","100500","100600","100700","100800","100900","99900","99800","99700","99600","99500","99400","99300","99200","99100","99000","1778","737","2279","1506","1278","1319","215","192","2925","717","406","527","210","222","383","74","211","49","61","320","12946","2463","0","0","0","0","0","-99900","5","-100.00","7883","1","0","0","0","","0","0","0","","",""
"080451","0000","0","100000","100100","100200","100300","100400","100500","100600","100700","100800","100900","99900","99800","99700","99600","99500","99400","99300","99200","99100","99000","1778","737","2279","1506","1278","1319","215","192","2925","717","386","527","210","222","383","74","211","49","61","320","12946","2443","0","0","0","0","0","-99900","5","-100.00","7903","0","-20","0","0","","0","0","0","","",""
"080452","0000","0","100000","100100","100200","100300","100400","100500","100600","100700","100800","100900","99900","99800","99700","99600","99500","99400","99300","99200","99100","99000","1778","737","2279","1506","1278","1319","215","192","2925","717","401","527","210","222","383","74","211","49","61","320","12946","2458","0","0","0","0","0","-99900","5","-100.00","7903","0","15","0","0","","0","0","0","","",""
"080453","0000","0","100000","100100","100200","100300","100400","100500","100600","100700","100800","100900","99900","99800","99700","99600","99500","99400","99300","99200","99100","99000","1778","737","2279","1506","1278","1319","215","192","2925","717","401","527","215","222","383","74","211","49","61","320","12946","2463","0","0","0","0","0","-99900","5","-100.00","7903","0","5","0","0","","0","0","0","","",""
"080453","0001","0","100000","100100","100200","100300","100400","100500","100600","100700","100800","100900","99900","99800","99700","99600","99500","99400","99300","99200","99100","99000","1778","737","2279","1506","1278","1319","215","192","3925","717","401","527","215","222","383","74","211","49","61","321","13946","2464","0","0","0","0","0","-99900","5","-100.00","7903","1000","1","0","0","","0","0","0","","",""
"080453","0002","0","100000","100100","100200","100300","100400","100500","100600","100700","100800","100900","99900","99800","99700","99600","99500","99400","99300","99200","99100","99000","1778","737","2279","1506","1280","1319","213","192","3925","717","401","527","215","222","383","74","211","49","61","321","13946","2464","0","0","0","0","0","-99900","5","-100.00","7903","0","0","0","0","","0","0","0","","",""
"080454","0000","0","100000","100100","100200","100300","100400","100500","100600","100700","100800","100900","99900","99800","99700","99600","99500","99400","99300","99200","99100","99000","1778","1937","2279","1506","1280","1319","213","192","3925","717","388","527","215","222","383","74","211","49","61","321","15146","2451","0","0","0","0","0","-99900","5","-100.00","7916","1200","-13","0","0","","0","0","0","","",""
"080455","0000","0","100000","100100","100200","100300","100400","100500","100600","100700","100800","100900","99900","99800","99700","99600","99500","99400","99300","99200","99100","99000","1768","1937","2279","1506","1280","1319","213","192","3925","717","388","527","215","222","383","74","211","49","61","321","15136","2451","0","0","0","0","0","-99900","5","-100.00","7926","-10","0","0","0","","0","0","0","","",""
"080455","0001","0","100000","100100","100200","100300","100400","100500","100600","100700","100800","100900","99900","99800","99700","99600","99500","99400","99300","99200","99100","99000","1768","1937","2279","1506","1280","1319","213","192","3925","717","387","527","215","222","383","74","211","49","61","321","15136","2450","0","0","0","0","0","-99900","5","-100.00","7927","0","-1","0","0","","0","0","0","","",""
