"time","millisec","HOUR_CLS_CODE","ASKP1","ASKP2","ASKP3","ASKP4","ASKP5","ASKP6","ASKP7","ASKP8","ASKP9","ASKP10","BIDP1","BIDP2","BIDP3","BIDP4","BIDP5","BIDP6","BIDP7","BIDP8","BIDP9","BIDP10","ASKP_RSQN1","ASKP_RSQN2","ASKP_RSQN3","ASKP_RSQN4","ASKP_RSQN5","ASKP_RSQN6","ASKP_RSQN7","ASKP_RSQN8","ASKP_RSQN9","ASKP_RSQN10","BIDP_RSQN1","BIDP_RSQN2","BIDP_RSQN3","BIDP_RSQN4","BIDP_RSQN5","BIDP_RSQN6","BIDP_RSQN7","BIDP_RSQN8","BIDP_RSQN9","BIDP_RSQN10","TOTAL_ASKP_RSQN","TOTAL_BIDP_RSQN","OVTM_TOTAL_ASKP_RSQN","OVTM_TOTAL_BIDP_RSQN","ANTC_CNPR","ANTC_CNQN","ANTC_VOL","ANTC_CNTG_VRSS","ANTC_CNTG_VRSS_SIGN","ANTC_CNTG_PRDY_CTRT","ACML_VOL","TOTAL_ASKP_RSQN_ICDC","TOTAL_BIDP_RSQN_ICDC","OVTM_TOTAL_ASKP_ICDC","OVTM_TOTAL_BIDP_ICDC","STCK_DEAL_CLS_CODE","KMID_PRC","KMID_TOTAL_RSQN","KMID_CLS_CODE","NMID_PRC","NMID_TOTAL_RSQN","NMID_CLS_CODE"
"080000","0000","0","123300","123700","125600","126500","127300","128000","129000","129300","129700","130000","120300","119600","119000","118300","118200","118100","115500","112000","0","0","5","5","150","85","4","3","1","156","5","10","417","100","3","33","25","10","1","580","0","0","424","1169","0","0","0","0","0","-123300","5","-100.00","63","0","0","0","0","","0","0","0","","",""
"080000","0001","0","123700","124000","125000","125600","126000","126500","126900","127000","127300","127600","123500","122000","121900","121400","121000","120900","120400","120300","120000","119900","5","1","2","150","2","85","50","2","4","30","2","1","40","40","1","40","40","417","1","40","331","622","0","0","0","0","0","-123300","5","-100.00","72","-93","-547","0","0","","0","0","0","","",""
"080001","0000","0","123400","123600","123700","124000","124200","124300","124600","125000","125400","125600","123300","122000","121900","121800","121400","121000","120900","120400","120300","120000","48","50","5","1","3","10","3","5","3","150","55","1","40","1","40","101","40","40","417","38","278","773","0","0","0","0","0","-123300","5","-100.00","219","-53","151","0","0","","0","0","0","","",""
"080001","0001","0","123400","123600","123700","124000","124200","124300","124400","124600","124800","124900","123300","122000","121900","121800","121500","121400","121000","120900","120400","120300","48","50","5","1","3","10","8","7","30","7","2","1","40","1","16","40","101","40","40","417","169","698","0","0","0","0","0","-123300","5","-100.00","272","-109","-75","0","0","","0","0","0","","",""
"080002","0000","0","123300","123600","123700","124000","124200","124300","124400","124600","124800","124900","122000","121900","121800","121500","121400","121000","120900","120400","120300","120100","537","50","5","1","3","10","8","7","30","7","1","40","1","16","40","101","40","40","417","1","658","697","0","0","0","0","0","-123300","5","-100.00","334","489","-1","0","0","","0","0","0","","",""
"080002","0001","0","122000","123300","123600","123700","124000","124200","124300","124400","124600","124800","121900","121800","121500","121400","121000","120900","120400","120300","120100","120000","52","247","50","5","1","3","10","8","7","30","40","1","16","40","101","40","40","417","1","38","413","734","0","0","0","0","0","-123300","5","-100.00","780","-245","37","0","0","","0","0","0","","",""
"080003","0000","0","123300","123600","123700","124000","124200","124300","124400","124600","124800","124900","122200","122000","121900","121800","121500","121400","121000","120900","120400","120300","293","50","5","1","3","10","8","7","30","7","24","1","40","1","16","40","101","40","40","417","414","720","0","0","0","0","0","-123300","5","-100.00","832","1","-14","0","0","","0","0","0","","",""
"080003","0001","0","123300","123600","123700","124000","124200","124300","124400","124600","124800","124900","122200","122000","121900","121800","121500","121400","121000","120900","120400","120300","293","50","5","1","3","10","8","7","30","7","24","1","40","1","16","40","166","40","40","417","414","785","0","0","0","0","0","-123300","5","-100.00","832","0","65","0","0","","0","0","0","","",""
"080003","0002","0","123300","123600","123700","124000","124200","124300","124400","124600","124800","124900","122200","122000","121900","121800","121500","121400","121200","121000","120900","120400","293","50","5","1","3","10","8","7","30","7","24","1","40","1","16","40","14","166","40","40","414","382","0","0","0","0","0","-123300","5","-100.00","832","0","-403","0","0","","0","0","0","","",""
"080004","0000","0","123300","123600","123700","124000","124100","124200","124300","124400","124600","124800","122200","122000","121900","121800","121500","121400","121200","121000","120900","120400","93","50","5","1","649","3","10","8","7","30","24","1","40","1","16","40","14","166","40","40","856","382","0","0","0","0","0","-123300","5","-100.00","1032","442","0","0","0","","0","0","0","","",""
"080004","0001","0","123300","123500","123600","123700","124000","124100","124200","124300","124400","124600","122200","122000","121900","121800","121500","121400","121200","121000","120900","120400","93","100","50","5","1","649","3","10","8","7","24","1","40","1","16","40","14","166","40","40","926","382","0","0","0","0","0","-123300","5","-100.00","1032","70","0","0","0","","0","0","0","","",""
"080004","0002","0","123200","123300","123500","123600","123700","124000","124100","124200","124300","124400","122200","122000","121900","121800","121500","121400","121200","121000","120900","120400","7","93","102","50","5","1","649","3","10","8","24","1","40","1","16","40","14","166","40","40","928","382","0","0","0","0","0","-123300","5","-100.00","1032","2","0","0","0","","0","0","0","","",""
"080004","0003","0","123300","123500","123600","123700","124000","124100","124200","124300","124400","124600","122400","122100","122000","121900","121800","121500","121400","121200","121000","120900","15","53","50","5","1","649","3","10","8","7","7","5","1","40","1","16","40","14","166","40","801","330","0","0","0","0","0","-123300","5","-100.00","1233","-13","-36","0","0","","0","0","0","","",""
"080005","0000","0","123300","123500","123600","123700","124000","124100","124200","124300","124400","124600","122400","122100","122000","121900","121800","121500","121400","121200","121000","120900","15","53","50","5","1","649","3","10","8","7","7","5","267","40","79","16","40","14","166","40","801","674","0","0","0","0","0","-123300","5","-100.00","1233","0","344","0","0","","0","0","0","","",""
"080005","0001","0","124000","124100","124200","124300","124400","124600","124800","124900","125000","125400","123600","122400","122100","122000","121900","121800","121500","121400","121200","121000","1","649","3","10","8","7","30","32","36","3","124","7","5","267","40","79","16","40","14","166","779","758","0","0","0","0","0","-123300","5","-100.00","1356","-22","84","0","0","","0","0","0","","",""
"080005","0002","0","124000","124100","124200","124300","124400","124600","124800","124900","125000","125400","123600","122500","122400","122100","122000","121900","121800","121500","121400","121200","1","649","3","10","8","7","30","32","36","3","114","24","7","5","267","40","79","16","40","14","779","606","0","0","0","0","0","-123300","5","-100.00","1366","0","-10","0","0","","0","0","0","","",""
"080005","0003","0","124000","124100","124200","124300","124400","124600","124800","124900","125000","125400","123600","122500","122400","122100","122000","121900","121800","121500","121400","121200","1","649","3","10","8","7","30","32","36","3","114","24","47","5","267","40","79","16","40","14","779","646","0","0","0","0","0","-123300","5","-100.00","1366","0","40","0","0","","0","0","0","","",""
"080005","0004","0","124000","124100","124200","124300","124400","124600","124800","124900","125000","125400","123600","122500","122400","122100","122000","121900","121800","121500","121400","121200","1","649","3","10","8","7","66","32","36","3","114","24","47","5","267","40","79","16","40","14","815","646","0","0","0","0","0","-123300","5","-100.00","1366","36","0","0","0","","0","0","0","","",""
"080005","0005","0","123900","124000","124100","124200","124300","124400","124600","124800","124900","125000","122000","121900","121800","121500","121400","121200","121000","120900","120400","120300","24","1","649","3","10","8","7","66","32","36","252","40","79","16","40","14","166","40","40","417","836","1104","0","0","0","0","0","-123300","5","-100.00","1571","21","458","0","0","","0","0","0","","",""
"080006","0000","0","123800","123900","124000","124100","124200","124300","124400","124600","124800","124900","122200","122100","122000","121900","121800","121500","121400","121200","121000","120900","5","24","1","649","3","10","8","7","66","32","25","9","252","40","79","16","40","14","166","40","805","681","0","0","0","0","0","-123300","5","-100.00","1731","0","24","0","0","","0","0","0","","",""
"080006","0001","0","123800","123900","124000","124100","124200","124300","124400","124600","124800","124900","122200","122100","122000","121900","121800","121500","121400","121200","121000","120900","5","26","1","649","3","10","8","7","66","32","25","9","252","40","79","16","40","14","166","40","807","681","0","0","0","0","0","-123300","5","-100.00","1731","2","0","0","0","","0","0","0","","",""
"080006","0002","0","123800","123900","124000","124100","124200","124300","124400","124600","124800","124900","122200","122100","122000","121900","121800","121500","121400","121200","121000","120900","5","26","1","649","3","10","8","7","66","32","45","9","252","40","79","16","40","14","166","40","807","701","0","0","0","0","0","-123300","5","-100.00","1731","0","20","0","0","","0","0","0","","",""
"080006","0003","0","122900","123800","123900","124000","124100","124200","124300","124400","124600","124800","122300","122200","122100","122000","121900","121800","121400","121200","121000","120900","25","5","26","1","649","3","10","8","7","66","16","45","9","252","40","79","40","14","166","40","800","701","0","0","0","0","0","-123300","5","-100.00","1731","-7","0","0","0","","0","0","0","","",""
"080007","0000","0","122900","123800","123900","124000","124100","124200","124300","124400","124600","124800","122300","122200","122000","121900","121800","121400","121200","121000","120900","120400","25","5","26","1","649","3","10","8","7","66","16","45","252","40","79","40","14","166","40","40","800","732","0","0","0","0","0","-123300","5","-100.00","1731","0","31","0","0","","0","0","0","","",""
"080007","0001","0","123000","124100","124200","124300","124400","124600","124800","124900","125000","125400","122500","122300","122200","122000","121900","121800","121400","121200","121000","120900","8","456","3","10","8","7","66","32","36","3","16","16","21","252","40","79","40","14","166","40","629","684","0","0","0","0","0","-123300","5","-100.00","1984","-171","-48","0","0","","0","0","0","","",""
"080007","0002","0","124100","124200","124300","124400","124600","124800","124900","125000","125400","125600","122700","122500","122400","122300","122200","122100","122000","121900","121800","121400","314","3","10","8","7","66","32","36","3","150","8","40","24","16","21","11","252","40","79","40","629","531","0","0","0","0","0","-123300","5","-100.00","2134","0","-153","0","0","","0","0","0","","",""
"080008","0000","0","124100","124200","124300","124400","124600","124800","124900","125000","125400","125600","122700","122600","122500","122400","122300","122200","122100","122000","121900","121800","314","3","10","8","7","66","32","36","3","150","8","6","40","24","16","21","11","252","40","79","629","497","0","0","0","0","0","-123300","5","-100.00","2134","0","-34","0","0","","0","0","0","","",""
"080008","0001","0","123800","124100","124200","124300","124400","124600","124800","124900","125000","125400","122700","122600","122500","122400","122300","122200","122100","122000","121900","121800","100","314","3","10","8","7","66","32","36","3","8","6","40","24","16","21","11","252","40","79","579","497","0","0","0","0","0","-123300","5","-100.00","2134","-50","0","0","0","","0","0","0","","",""
"080008","0002","0","123800","124100","124200","124300","124400","124600","124800","124900","125000","125400","122700","122600","122500","122400","122300","122200","122100","122000","121900","121800","100","314","3","10","8","7","66","32","36","3","8","6","40","24","16","21","11","254","40","79","579","499","0","0","0","0","0","-123300","5","-100.00","2134","0","2","0","0","","0","0","0","","",""
"080008","0003","0","123800","124100","124200","124300","124400","124600","124800","124900","125000","125400","122700","122500","122400","122300","122200","122100","122000","121900","121800","121400","100","314","3","10","8","7","66","32","36","3","9","40","24","26","21","11","258","40","79","40","579","548","0","0","0","0","0","-123300","5","-100.00","2134","0","4","0","0","","0","0","0","","",""
"080008","0004","0","123700","123800","124100","124200","124300","124400","124600","124800","124900","125000","122900","122700","122400","122300","122200","122100","122000","121900","121800","121400","8","84","314","3","10","8","7","66","32","36","8","9","24","26","21","11","258","40","79","40","568","516","0","0","0","0","0","-123300","5","-100.00","2150","-11","-32","0","0","","0","0","0","","",""
"080008","0005","0","123700","123800","124100","124200","124300","124400","124600","124800","124900","125000","123300","122900","122700","122400","122300","122200","122100","122000","121900","121800","16","84","314","3","10","8","7","66","32","36","15","8","9","24","26","21","11","258","40","79","576","491","0","0","0","0","0","-123300","5","-100.00","2160","8","-25","0","0","","0","0","0","","",""
"080009","0000","0","123700","123800","124100","124200","124300","124400","124600","124800","124900","125000","123300","122900","122700","122400","122300","122200","122100","122000","121900","121800","16","84","314","3","10","8","7","66","32","36","10","8","1","24","26","21","11","258","40","79","576","478","0","0","0","0","0","-123300","5","-100.00","2165","0","-13","0","0","","0","0","0","","",""
"080009","0001","0","123700","123800","124100","124200","124300","124400","124600","124800","124900","125000","123300","122900","122700","122400","122300","122200","122100","122000","121900","121800","16","84","314","3","10","8","7","66","32","36","10","8","59","24","26","21","11","258","40","79","576","536","0","0","0","0","0","-123300","5","-100.00","2165","0","58","0","0","","0","0","0","","",""
"080010","0000","0","123000","123700","123800","124000","124100","124200","124300","124400","124600","124800","122900","122700","122400","122300","122200","122100","122000","121900","121800","121400","17","16","84","120","314","3","10","8","7","66","8","60","24","26","21","11","258","40","79","41","645","568","0","0","0","0","0","-123300","5","-100.00","2175","-15","31","0","0","","0","0","0","","",""
"080010","0001","0","123000","123700","123800","124000","124100","124200","124300","124400","124500","124600","122900","122700","122400","122300","122200","122100","122000","121900","121800","121400","17","16","86","120","315","4","11","9","1","8","8","60","24","26","21","11","320","40","79","41","587","630","0","0","0","0","0","-123300","5","-100.00","2175","-62","62","0","0","","0","0","0","","",""
"080010","0002","0","124000","124100","124200","124300","124400","124500","124600","124700","124800","124900","123800","122700","122300","122200","122100","122000","121900","121800","121400","121200","120","315","4","11","9","1","8","1","67","33","123","60","10","23","11","320","40","79","41","14","569","721","0","0","0","0","0","-123300","5","-100.00","2294","0","-8","0","0","","0","0","0","","",""
"080011","0000","0","124000","124100","124200","124300","124400","124500","124600","124700","124800","124900","123800","123300","122700","122300","122200","122100","122000","121900","121800","121400","120","315","4","11","9","1","8","1","67","33","123","1","60","10","23","11","342","40","79","41","569","730","0","0","0","0","0","-123300","5","-100.00","2294","0","-13","0","0","","0","0","0","","",""
"080011","0001","0","124000","124100","124200","124300","124400","124500","124600","124700","124800","124900","123800","123300","122700","122300","122200","122100","122000","121900","121800","121400","120","315","4","11","9","1","8","1","67","33","122","1","60","10","23","11","342","40","79","41","569","729","0","0","0","0","0","-123300","5","-100.00","2295","0","-1","0","0","","0","0","0","","",""
"080011","0002","0","124000","124100","124200","124300","124400","124500","124600","124700","124800","124900","123800","123300","122700","122300","122200","122100","122000","121900","121800","121400","120","315","4","11","9","1","8","1","67","33","122","1","59","10","23","11","342","40","79","41","569","728","0","0","0","0","0","-123300","5","-100.00","2295","0","-1","0","0","","0","0","0","","",""
"080011","0003","0","124000","124100","124200","124300","124400","124500","124600","124700","124800","124900","123800","123300","122700","122300","122200","122100","122000","121900","121800","121400","120","315","4","11","9","1","10","1","67","33","122","1","59","10","23","11","342","40","79","41","571","728","0","0","0","0","0","-123300","5","-100.00","2295","2","0","0","0","","0","0","0","","",""
"080011","0004","0","123800","124000","124100","124200","124300","124400","124500","124600","124700","124800","123300","122700","122300","122200","122100","122000","121900","121800","121400","121200","25","120","315","4","11","9","1","10","1","67","1","59","10","23","11","342","40","79","41","14","563","620","0","0","0","0","0","-123300","5","-100.00","2417","-8","-108","0","0","","0","0","0","","",""
"080012","0000","0","123800","124000","124100","124200","124300","124400","124500","124600","124700","124800","123300","122700","122300","122200","122100","122000","121900","121800","121400","121200","26","120","315","4","11","9","1","10","1","67","11","59","10","23","11","342","40","79","41","14","564","630","0","0","0","0","0","-123300","5","-100.00","2417","0","10","0","0","","0","0","0","","",""
"080012","0001","0","123300","123800","124000","124100","124200","124300","124400","124500","124600","124700","122700","122300","122200","122100","122000","121900","121800","121400","121200","121000","29","26","120","315","4","11","9","1","10","1","59","10","23","11","342","41","79","41","14","166","526","786","0","0","0","0","0","-123300","5","-100.00","2428","-38","156","0","0","","0","0","0","","",""
"080012","0002","0","123300","123700","123800","124000","124100","124200","124300","124400","124500","124600","122700","122300","122200","122100","122000","121900","121800","121400","121200","121000","29","100","26","120","315","4","11","9","1","10","59","10","23","11","338","41","79","41","14","166","625","782","0","0","0","0","0","-123300","5","-100.00","2428","99","0","0","0","","0","0","0","","",""
"080012","0003","0","123300","123700","123800","124000","124100","124200","124300","124400","124500","124600","122900","122700","122300","122200","122100","122000","121900","121800","121400","121200","29","100","26","120","315","4","11","9","1","10","5","59","10","23","11","338","41","79","41","14","625","621","0","0","0","0","0","-123300","5","-100.00","2428","0","-161","0","0","","0","0","0","","",""
"080012","0004","0","123300","123700","123800","124000","124100","124200","124300","124400","124500","124600","122900","122700","122300","122200","122100","122000","121900","121800","121400","121200","9","100","26","120","315","4","11","9","1","10","5","59","10","23","11","338","41","79","41","14","605","621","0","0","0","0","0","-123300","5","-100.00","2478","-20","0","0","0","","0","0","0","","",""
"080013","0000","0","123500","123700","123800","124000","124100","124200","124300","124400","124500","124600","123300","122900","122700","122300","122200","122100","122000","121900","121800","121400","5","100","26","886","315","4","11","9","1","10","41","5","59","10","23","11","338","41","79","41","1367","648","0","0","0","0","0","-123300","5","-100.00","2487","767","27","0","0","","0","0","0","","",""
"080013","0001","0","123500","123700","123800","124000","124100","124200","124300","124400","124500","124600","123300","122900","122700","122300","122200","122100","122000","121900","121800","121400","5","100","26","886","315","4","11","9","1","10","41","5","59","10","23","61","338","41","79","41","1367","698","0","0","0","0","0","-123300","5","-100.00","2487","0","50","0","0","","0","0","0","","",""
"080013","0002","0","123500","123700","123800","124000","124100","124200","124300","124400","124500","124600","123300","122900","122700","122300","122200","122100","122000","121900","121800","121400","5","100","26","886","315","4","11","9","1","10","81","5","59","10","23","61","338","41","79","41","1367","738","0","0","0","0","0","-123300","5","-100.00","2487","0","40","0","0","","0","0","0","","",""
"080014","0000","0","123700","123800","124000","124100","124200","124300","124400","124500","124600","124700","123300","122900","122700","122300","122200","122100","122000","121900","121800","121400","65","31","886","315","4","11","9","1","10","1","81","10","59","10","23","61","338","41","79","41","1333","743","0","0","0","0","0","-123300","5","-100.00","2527","-39","0","0","0","","0","0","0","","",""
"080014","0001","0","123700","123800","124000","124100","124200","124300","124400","124500","124600","124700","123300","122900","122700","122300","122200","122100","122000","121900","121800","121400","9","31","886","325","4","11","9","1","10","1","81","11","59","10","23","61","338","41","79","41","1287","744","0","0","0","0","0","-123300","5","-100.00","2588","-50","1","0","0","","0","0","0","","",""
"080014","0002","0","123400","123600","123700","123800","124000","124100","124200","124300","124400","124500","123300","122900","122700","122300","122200","122100","122000","121900","121800","121400","44","30","9","31","886","326","4","11","9","1","58","11","59","10","33","61","338","41","79","41","1351","731","0","0","0","0","0","-123300","5","-100.00","2684","0","-12","0","0","","0","0","0","","",""
"080014","0003","0","123400","123600","123700","123800","124000","124100","124200","124300","124400","124500","123300","122900","122700","122200","122100","122000","121900","121800","121400","121200","39","30","9","31","886","326","4","11","9","1","58","21","59","33","61","338","41","79","41","14","1346","745","0","0","0","0","0","-123300","5","-100.00","2689","0","14","0","0","","0","0","0","","",""
"080015","0000","0","123400","123600","123700","123800","124000","124100","124200","124300","124400","124500","123300","122900","122700","122200","122100","122000","121900","121800","121400","121200","34","30","9","31","886","326","4","11","9","1","59","21","59","33","61","338","41","79","41","14","1341","746","0","0","0","0","0","-123300","5","-100.00","2694","-5","1","0","0","","0","0","0","","",""
"080015","0001","0","123600","123700","123800","124000","124100","124200","124300","124400","124500","124600","123500","123300","122900","122700","122200","122100","122000","121900","121800","121400","30","9","31","886","346","4","11","9","3","12","66","59","21","59","33","61","338","41","79","41","1341","798","0","0","0","0","0","-123300","5","-100.00","2728","20","0","0","0","","0","0","0","","",""
"080015","0002","0","123600","123700","123800","124000","124100","124200","124300","124400","124500","124600","123500","123400","123300","122900","122700","122300","122200","122100","122000","121900","30","9","31","886","346","4","11","9","3","12","66","16","59","21","59","10","33","61","338","41","1341","704","0","0","0","0","0","-123300","5","-100.00","2728","0","-69","0","0","","0","0","0","","",""
"080015","0003","0","123600","123700","123800","124000","124100","124200","124300","124400","124500","124600","123500","123400","123300","122900","122700","122300","122200","122100","122000","121900","30","9","63","886","346","4","11","9","3","12","66","16","59","21","59","10","33","61","338","41","1373","704","0","0","0","0","0","-123300","5","-100.00","2728","32","0","0","0","","0","0","0","","",""
"080015","0004","0","123600","123700","123800","124000","124100","124200","124300","124400","124500","124600","123500","123400","123300","122900","122700","122300","122200","122100","122000","121900","30","15","63","886","346","4","11","9","3","12","66","16","59","21","59","10","33","61","338","41","1379","704","0","0","0","0","0","-123300","5","-100.00","2728","6","0","0","0","","0","0","0","","",""
"080016","0000","0","123600","123700","123800","124000","124100","124200","124300","124400","124500","124600","123500","123400","123300","122900","122700","122300","122200","122100","122000","121900","46","15","63","886","346","4","11","9","3","12","66","16","59","21","59","20","33","61","338","41","1395","714","0","0","0","0","0","-123300","5","-100.00","2728","0","10","0","0","","0","0","0","","",""
"080016","0001","0","123600","123700","123800","124000","124100","124200","124300","124400","124500","124600","123500","123400","123300","122900","122700","122300","122200","122100","122000","121900","46","15","63","897","346","4","11","9","3","12","63","16","61","21","59","20","33","61","338","41","1406","713","0","0","0","0","0","-123300","5","-100.00","2731","0","2","0","0","","0","0","0","","",""
"080016","0002","0","123500","123600","123700","123800","124000","124100","124200","124300","124400","124500","123400","123300","122900","122700","122300","122200","122100","122000","121900","121800","77","46","15","63","897","346","4","11","9","3","16","61","21","59","20","33","61","338","41","79","1471","729","0","0","0","0","0","-123300","5","-100.00","2794","65","16","0","0","","0","0","0","","",""
"080016","0003","0","123500","123600","123700","123800","124000","124100","124200","124300","124400","124500","123400","123300","122900","122700","122300","122200","122100","122000","121900","121800","77","46","65","63","897","346","4","11","9","3","16","61","21","59","20","33","63","338","41","79","1521","731","0","0","0","0","0","-123300","5","-100.00","2794","50","0","0","0","","0","0","0","","",""
"080016","0004","0","123500","123600","123700","123800","124000","124100","124200","124300","124400","124500","123400","123300","122900","122700","122300","122200","122100","122000","121900","121800","77","46","65","63","897","346","4","11","9","3","16","61","31","59","20","33","63","338","41","79","1521","741","0","0","0","0","0","-123300","5","-100.00","2794","0","10","0","0","","0","0","0","","",""
"080017","0000","0","123500","123600","123700","123800","124000","124100","124200","124300","124400","124500","123400","123300","122900","122700","122300","122200","122100","122000","121900","121800","77","46","181","63","897","346","4","11","9","3","15","61","31","59","20","33","63","338","41","79","1637","740","0","0","0","0","0","-123300","5","-100.00","2795","116","0","0","0","","0","0","0","","",""
"080017","0001","0","123500","123600","123700","123800","124000","124100","124200","124300","124400","124500","123400","123300","122900","122700","122300","122200","122100","122000","121900","121800","77","46","181","63","897","356","4","11","9","3","15","61","31","59","20","33","63","338","41","79","1647","740","0","0","0","0","0","-123300","5","-100.00","2795","10","0","0","0","","0","0","0","","",""
"080017","0002","0","123500","123600","123700","123800","124000","124100","124200","124300","124400","124500","123400","123300","122900","122700","122300","122200","122100","122000","121900","121800","77","46","181","63","897","356","4","11","9","3","15","81","31","59","20","33","63","348","41","79","1647","770","0","0","0","0","0","-123300","5","-100.00","2795","0","10","0","0","","0","0","0","","",""
"080018","0000","0","123500","123600","123700","123800","123900","124000","124100","124200","124300","124400","123400","123300","122900","122700","122300","122200","122100","122000","121900","121800","77","46","181","63","10","897","356","4","11","9","15","81","36","59","20","33","63","348","41","79","1654","775","0","0","0","0","0","-123300","5","-100.00","2795","7","0","0","0","","0","0","0","","",""
"080018","0001","0","123500","123600","123700","123800","123900","124000","124100","124200","124300","124400","123400","123300","122900","122700","122300","122200","122100","122000","121900","121800","77","46","181","63","10","897","356","6","11","9","15","81","36","59","20","33","63","348","41","79","1656","775","0","0","0","0","0","-123300","5","-100.00","2795","2","0","0","0","","0","0","0","","",""
"080018","0002","0","123500","123600","123700","123800","123900","124000","124100","124200","124300","124400","123400","123300","122900","122700","122300","122200","122100","122000","121900","121800","77","46","181","63","10","897","356","16","11","9","15","81","36","59","20","33","63","348","41","79","1666","775","0","0","0","0","0","-123300","5","-100.00","2795","10","0","0","0","","0","0","0","","",""
"080018","0003","0","123500","123600","123700","123800","123900","124000","124100","124200","124300","124400","123400","123300","122900","122700","122300","122200","122100","122000","121900","121800","127","46","181","63","10","897","356","16","11","9","15","81","36","59","20","13","83","348","41","79","1716","775","0","0","0","0","0","-123300","5","-100.00","2795","50","0","0","0","","0","0","0","","",""
"080018","0004","0","123500","123600","123700","123800","123900","124000","124100","124200","124300","124400","123300","122900","122700","122300","122200","122100","122000","121900","121800","121400","117","46","181","63","10","897","356","16","11","9","81","36","59","20","13","83","348","41","79","58","1706","818","0","0","0","0","0","-123300","5","-100.00","2820","-10","43","0","0","","0","0","0","","",""
"080019","0000","0","123500","123600","123700","123800","123900","124000","124100","124200","124300","124400","123300","122900","122700","122300","122200","122100","122000","121900","121800","121400","144","46","181","38","10","897","356","16","11","9","81","36","59","20","13","83","348","41","79","58","1708","818","0","0","0","0","0","-123300","5","-100.00","2820","0","0","0","0","","0","0","0","","",""
"080019","0001","0","123400","123500","123600","123700","123800","123900","124000","124100","124200","124300","122900","122700","122300","122200","122100","122000","121900","121800","121400","121200","10","149","46","181","38","10","897","356","16","11","37","59","20","13","83","348","41","79","58","14","1714","752","0","0","0","0","0","-123300","5","-100.00","2901","1","-67","0","0","","0","0","0","","",""
"080019","0002","0","123400","123500","123600","123700","123800","123900","124000","124100","124200","124300","122900","122700","122300","122200","122100","122000","121900","121800","121400","121200","10","216","46","181","38","13","907","356","16","11","37","59","20","13","83","348","41","79","58","14","1794","752","0","0","0","0","0","-123300","5","-100.00","2901","13","0","0","0","","0","0","0","","",""
"080019","0003","0","123400","123500","123600","123700","123800","123900","124000","124100","124200","124300","122900","122700","122300","122200","122100","122000","121900","121800","121400","121200","10","216","46","181","38","13","927","356","16","11","37","59","20","13","83","348","41","79","58","14","1814","752","0","0","0","0","0","-123300","5","-100.00","2901","20","0","0","0","","0","0","0","","",""
"080019","0004","0","123400","123500","123600","123700","123800","123900","124000","124100","124200","124300","122900","122700","122300","122200","122100","122000","121900","121800","121400","121200","9","216","46","181","38","13","927","356","16","11","37","59","20","13","83","348","41","79","58","14","1813","752","0","0","0","0","0","-123300","5","-100.00","2902","-1","0","0","0","","0","0","0","","",""
"080020","0000","0","123400","123500","123600","123700","123800","123900","124000","124100","124200","124300","122900","122700","122300","122200","122100","122000","121900","121800","121400","121200","4","216","46","181","38","13","927","356","16","11","37","59","20","13","83","348","41","79","58","14","1808","752","0","0","0","0","0","-123300","5","-100.00","2907","-5","0","0","0","","0","0","0","","",""
"080020","0001","0","123400","123500","123600","123700","123800","123900","124000","124100","124200","124300","122900","122700","122300","122200","122100","122000","121900","121800","121400","121200","14","216","46","181","38","13","927","356","18","11","37","59","20","13","83","348","41","79","58","14","1820","752","0","0","0","0","0","-123300","5","-100.00","2912","10","0","0","0","","0","0","0","","",""
"080020","0002","0","123400","123500","123600","123700","123800","123900","124000","124100","124200","124300","122900","122700","122300","122200","122100","122000","121900","121800","121400","121200","14","216","46","181","38","13","927","772","18","11","37","59","20","13","83","348","41","79","58","14","2236","752","0","0","0","0","0","-123300","5","-100.00","2912","371","0","0","0","","0","0","0","","",""
"080020","0003","0","123400","123500","123600","123700","123800","123900","124000","124100","124200","124300","122900","122700","122300","122200","122100","122000","121900","121800","121400","121200","14","216","46","181","38","13","927","772","18","33","37","59","20","13","83","348","41","79","58","14","2258","752","0","0","0","0","0","-123300","5","-100.00","2912","22","0","0","0","","0","0","0","","",""
"080020","0004","0","123400","123500","123600","123700","123800","123900","124000","124100","124200","124300","122900","122700","122300","122200","122100","122000","121900","121800","121400","121200","4","216","46","181","38","13","927","772","18","33","337","59","20","13","83","348","41","79","58","14","2248","1052","0","0","0","0","0","-123300","5","-100.00","2922","0","300","0","0","","0","0","0","","",""
"080021","0000","0","123400","123500","123600","123700","123800","123900","124000","124100","124200","124300","122900","122700","122300","122200","122100","122000","121900","121800","121400","121200","3","216","46","181","43","13","927","772","18","33","337","59","20","13","83","348","41","79","58","14","2252","1052","0","0","0","0","0","-123300","5","-100.00","2926","-1","0","0","0","","0","0","0","","",""
"080021","0001","0","123400","123500","123600","123700","123800","123900","124000","124100","124200","124300","122900","122700","122300","122200","122100","122000","121900","121800","121400","121200","8","216","46","181","43","15","927","772","18","33","337","59","20","13","83","348","41","79","58","14","2259","1052","0","0","0","0","0","-123300","5","-100.00","2926","7","0","0","0","","0","0","0","","",""
"080021","0002","0","123400","123500","123600","123700","123800","123900","124000","124100","124200","124300","122900","122700","122300","122200","122100","122000","121900","121800","121400","121200","30","216","46","181","43","15","927","772","18","43","337","59","20","13","83","348","41","79","58","14","2291","1052","0","0","0","0","0","-123300","5","-100.00","2926","32","0","0","0","","0","0","0","","",""
"080021","0003","0","123400","123500","123600","123700","123800","123900","124000","124100","124200","124300","122900","122700","122300","122200","122100","122000","121900","121800","121400","121200","30","216","46","181","43","15","927","772","18","43","287","59","20","13","83","348","41","79","58","14","2291","1002","0","0","0","0","0","-123300","5","-100.00","2976","0","-50","0","0","","0","0","0","","",""
"080022","0000","0","123400","123500","123600","123700","123800","123900","124000","124100","124200","124300","122900","122700","122300","122200","122100","122000","121900","121800","121400","121200","31","216","46","181","43","15","1027","772","18","43","287","59","20","13","83","348","41","79","58","14","2392","1002","0","0","0","0","0","-123300","5","-100.00","2976","100","0","0","0","","0","0","0","","",""
"080022","0001","0","123400","123500","123600","123700","123800","123900","124000","124100","124200","124300","122900","122700","122300","122200","122100","122000","121900","121800","121400","121200","345","216","46","181","43","15","1027","458","18","43","60","59","20","13","83","348","41","79","58","14","2392","775","0","0","0","0","0","-123300","5","-100.00","3203","0","-227","0","0","","0","0","0","","",""
"080022","0002","0","123400","123500","123600","123700","123800","123900","124000","124100","124200","124300","122900","122700","122300","122200","122100","122000","121900","121800","121400","121200","329","216","46","181","43","15","1027","458","18","43","60","59","20","13","83","348","41","79","58","14","2376","775","0","0","0","0","0","-123300","5","-100.00","3233","-16","0","0","0","","0","0","0","","",""
"080022","0003","0","123400","123500","123600","123700","123800","123900","124000","124100","124200","124300","122900","122700","122300","122200","122100","122000","121900","121800","121400","121200","379","2216","46","181","43","15","1027","458","18","43","65","59","20","13","83","348","41","79","58","14","4426","780","0","0","0","0","0","-123300","5","-100.00","3233","2000","5","0","0","","0","0","0","","",""
"080023","0000","0","123300","123400","123500","123600","123700","123800","123900","124000","124100","124200","122900","122700","122300","122200","122100","122000","121900","121800","121400","121200","50","406","2216","46","181","43","15","1027","458","18","45","59","20","13","83","348","41","79","58","14","4460","760","0","0","0","0","0","-123300","5","-100.00","3253","25","-20","0","0","","0","0","0","","",""
"080023","0001","0","123300","123400","123500","123600","123700","123800","123900","124000","124100","124200","122900","122700","122300","122200","122100","122000","121900","121800","121400","121200","50","406","2216","46","181","43","15","1027","458","18","60","59","20","13","83","348","41","1","58","14","4460","697","0","0","0","0","0","-123300","5","-100.00","3253","0","-78","0","0","","0","0","0","","",""
"080023","0002","0","123300","123400","123500","123600","123700","123800","123900","124000","124100","124200","122900","122700","122300","122200","122100","122000","121900","121800","121400","121200","50","406","2226","96","181","43","15","1027","458","18","60","59","20","13","83","348","41","1","58","14","4520","697","0","0","0","0","0","-123300","5","-100.00","3253","60","0","0","0","","0","0","0","","",""
"080023","0003","0","123300","123400","123500","123600","123700","123800","123900","124000","124100","124200","122900","122700","122300","122200","122100","122000","121900","121800","121400","121200","50","406","2226","96","181","43","15","1027","458","18","60","60","20","13","83","348","41","1","58","14","4520","698","0","0","0","0","0","-123300","5","-100.00","3253","0","1","0","0","","0","0","0","","",""
"080024","0000","0","123300","123400","123500","123600","123700","123800","123900","124000","124100","124200","122900","122700","122300","122200","122100","122000","121900","121800","121400","121200","13","406","2226","96","181","43","15","1027","458","18","60","60","20","13","83","348","41","1","58","14","4483","698","0","0","0","0","0","-123300","5","-100.00","3290","-37","0","0","0","","0","0","0","","",""
"080024","0001","0","123300","123400","123500","123600","123700","123800","123900","124000","124100","124200","123000","122900","122700","122300","122200","122100","122000","121900","121800","121400","48","406","2226","96","181","43","15","1027","458","18","3","108","60","20","13","83","348","41","1","58","4518","735","0","0","0","0","0","-123300","5","-100.00","3290","5","-11","0","0","","0","0","0","","",""
"080024","0002","0","123300","123400","123500","123600","123700","123800","123900","124000","124100","124200","123000","122900","122700","122300","122200","122100","122000","121900","121800","121400","48","406","2226","1096","181","43","15","1027","458","18","3","110","60","20","13","83","348","41","1","58","5518","737","0","0","0","0","0","-123300","5","-100.00","3290","1000","2","0","0","","0","0","0","","",""
"080025","0000","0","123300","123400","123500","123600","123700","123800","123900","124000","124100","124200","123000","122900","122700","122300","122200","122100","122000","121900","121800","121400","130","406","2226","1096","181","43","15","1027","458","18","3","110","60","20","13","83","348","41","1","58","5600","737","0","0","0","0","0","-123300","5","-100.00","3311","82","0","0","0","","0","0","0","","",""
"080025","0001","0","123300","123400","123500","123600","123700","123800","123900","124000","124100","124200","123000","122900","122700","122300","122200","122100","122000","121900","121800","121400","130","406","2226","1096","181","43","15","1027","458","18","3","110","60","20","14","83","348","41","1","58","5600","738","0","0","0","0","0","-123300","5","-100.00","3311","0","1","0","0","","0","0","0","","",""
"080025","0002","0","123300","123400","123500","123600","123700","123800","123900","124000","124100","124200","123000","122900","122700","122300","122200","122100","122000","121900","121800","121400","130","407","2226","1096","181","43","15","1027","458","18","3","110","60","20","14","83","348","41","1","58","5601","738","0","0","0","0","0","-123300","5","-100.00","3311","1","0","0","0","","0","0","0","","",""
"080026","0000","0","123300","123400","123500","123600","123700","123800","123900","124000","124100","124200","123000","122900","122700","122300","122200","122100","122000","121900","121800","121400","139","435","2226","1096","181","43","15","1027","458","18","3","110","60","20","14","83","348","41","1","58","5638","738","0","0","0","0","0","-123300","5","-100.00","3311","28","0","0","0","","0","0","0","","",""
"080026","0001","0","123300","123400","123500","123600","123700","123800","123900","124000","124100","124200","123000","122900","122700","122300","122200","122100","122000","121900","121800","121400","139","435","2231","1096","181","43","15","1027","458","18","3","110","60","20","14","83","348","41","1","58","5643","738","0","0","0","0","0","-123300","5","-100.00","3311","5","0","0","0","","0","0","0","","",""
"080026","0002","0","123300","123400","123500","123600","123700","123800","123900","124000","124100","124200","123000","122900","122700","122300","122200","122100","122000","121900","121800","121400","139","435","2231","1096","181","43","15","1027","458","18","3","110","60","20","14","83","348","41","1","58","5643","738","0","0","0","0","0","-123300","5","-100.00","3311","0","0","0","0","","0","0","0","","",""
"080026","0003","0","123300","123400","123500","123600","123700","123800","123900","124000","124100","124200","123000","122900","122700","122300","122200","122100","122000","121900","121800","121400","139","455","2231","1096","191","43","15","1032","458","18","3","110","60","20","14","83","348","41","1","58","5678","738","0","0","0","0","0","-123300","5","-100.00","3311","20","0","0","0","","0","0","0","","",""
"080027","0000","0","123300","123400","123500","123600","123700","123800","123900","124000","124100","124200","123000","122900","122700","122300","122200","122100","122000","121900","121800","121400","166","455","2206","1096","191","43","15","1032","458","18","3","110","60","20","14","83","348","41","1","58","5680","738","0","0","0","0","0","-123300","5","-100.00","3311","0","0","0","0","","0","0","0","","",""
"080027","0001","0","123400","123500","123600","123700","123800","123900","124000","124100","124200","124300","123000","122900","122700","122300","122200","122100","122000","121900","121800","121400","455","2206","1096","191","43","15","1032","458","18","46","3","110","60","20","14","83","96","41","1","58","5560","486","0","0","0","0","0","-123300","5","-100.00","3615","-120","-252","0","0","","0","0","0","","",""
"080027","0002","0","123200","123300","123400","123500","123600","123700","123800","123900","124000","124100","123000","122900","122700","122300","122200","122100","122000","121900","121800","121400","1","50","455","2236","1096","191","43","15","1032","458","3","110","60","20","15","83","96","41","1","58","5577","487","0","0","0","0","0","-123300","5","-100.00","3615","0","1","0","0","","0","0","0","","",""
"080027","0003","0","123200","123300","123400","123500","123600","123700","123800","123900","124000","124100","123000","122900","122700","122300","122200","122100","122000","121900","121800","121400","1","50","455","2236","1096","191","43","15","1032","458","3","110","60","20","15","94","96","41","1","58","5577","498","0","0","0","0","0","-123300","5","-100.00","3615","0","11","0","0","","0","0","0","","",""
"080028","0000","0","123200","123300","123400","123500","123600","123700","123800","123900","124000","124100","123000","122900","122700","122300","122200","122100","122000","121900","121800","121400","1","50","455","2236","1096","191","43","15","1032","458","3","110","60","20","15","94","96","41","4","58","5577","501","0","0","0","0","0","-123300","5","-100.00","3615","0","3","0","0","","0","0","0","","",""
"080028","0001","0","123000","123200","123300","123400","123500","123600","123700","123800","123900","124000","122900","122700","122300","122200","122100","122000","121900","121800","121400","121200","46","1","50","455","2236","1096","191","43","15","1032","99","60","20","15","94","96","41","4","58","14","5165","501","0","0","0","0","0","-123300","5","-100.00","3629","0","0","0","0","","0","0","0","","",""
"080028","0002","0","123000","123200","123300","123400","123500","123600","123700","123800","123900","124000","122900","122700","122300","122200","122100","122000","121900","121800","121400","121200","46","1","70","455","2236","1096","191","43","15","1032","99","60","20","15","94","98","41","4","58","14","5185","503","0","0","0","0","0","-123300","5","-100.00","3629","20","0","0","0","","0","0","0","","",""
"080029","0000","0","123000","123200","123300","123400","123500","123600","123700","123800","123900","124000","122900","122700","122300","122200","122100","122000","121900","121800","121400","121200","51","1","70","455","2236","1096","191","43","15","1032","99","60","20","15","94","98","41","4","58","14","5190","503","0","0","0","0","0","-123300","5","-100.00","3629","5","0","0","0","","0","0","0","","",""
"080029","0001","0","123000","123200","123300","123400","123500","123600","123700","123800","123900","124000","122900","122700","122300","122200","122100","122000","121900","121800","121400","121200","52","1","70","455","2236","1096","191","43","15","1032","99","60","20","15","94","98","41","4","58","14","5191","503","0","0","0","0","0","-123300","5","-100.00","3629","1","0","0","0","","0","0","0","","",""
"080029","0002","0","123000","123200","123300","123400","123500","123600","123700","123800","123900","124000","122900","122700","122300","122200","122100","122000","121900","121800","121400","121200","19","2","70","455","2236","1096","191","43","15","1032","99","60","20","15","94","98","41","4","58","14","5159","503","0","0","0","0","0","-123300","5","-100.00","3662","-33","0","0","0","","0","0","0","","",""
"080029","0003","0","123000","123200","123300","123400","123500","123600","123700","123800","123900","124000","122900","122700","122300","122200","122100","122000","121900","121800","121400","121200","19","2","70","455","2236","1096","191","43","15","1032","99","60","20","15","127","98","41","4","58","14","5159","536","0","0","0","0","0","-123300","5","-100.00","3662","0","33","0","0","","0","0","0","","",""
"080030","0000","0","123000","123200","123300","123400","123500","123600","123700","123800","123900","124000","122900","122700","122300","122200","122100","122000","121900","121800","121400","121200","23","2","70","455","2236","1096","191","43","15","1032","99","60","20","15","127","98","41","4","58","14","5163","536","0","0","0","0","0","-123300","5","-100.00","3663","4","0","0","0","","0","0","0","","",""
"080030","0001","0","123000","123200","123300","123400","123500","123600","123700","123800","123900","124000","122900","122700","122300","122200","122100","122000","121900","121800","121400","121200","18","2","170","455","2336","1096","191","43","15","1032","100","60","20","15","127","98","41","4","58","14","5358","537","0","0","0","0","0","-123300","5","-100.00","3663","95","1","0","0","","0","0","0","","",""
"080030","0002","0","123000","123200","123300","123400","123500","123600","123700","123800","123900","124000","122900","122700","122300","122200","122100","122000","121900","121800","121400","121200","18","2","200","455","2336","1096","191","43","15","1032","100","60","20","15","127","98","41","4","58","14","5388","537","0","0","0","0","0","-123300","5","-100.00","3663","30","0","0","0","","0","0","0","","",""
"080031","0000","0","123000","123200","123300","123400","123500","123600","123700","123800","123900","124000","122900","122700","122300","122200","122100","122000","121900","121800","121400","121200","18","2","220","455","2336","1096","191","43","15","1032","100","60","20","15","127","98","41","4","58","14","5408","537","0","0","0","0","0","-123300","5","-100.00","3663","20","0","0","0","","0","0","0","","",""
"080031","0001","0","123000","123200","123300","123400","123500","123600","123700","123800","123900","124000","122900","122700","122300","122200","122100","122000","121900","121800","121400","121200","18","2","241","455","2336","1096","191","43","15","1032","100","60","20","15","127","98","41","4","58","14","5429","537","0","0","0","0","0","-123300","5","-100.00","3663","21","0","0","0","","0","0","0","","",""
"080031","0002","0","123200","123300","123400","123500","123600","123700","123800","123900","124000","124100","123000","122900","122700","122300","122200","122100","122000","121900","121800","121400","2","241","555","2336","1096","191","43","15","1045","438","2","16","60","20","15","127","98","41","4","58","5962","441","0","0","0","0","0","-123300","5","-100.00","3765","520","-12","0","0","","0","0","0","","",""
"080031","0003","0","123200","123300","123400","123500","123600","123700","123800","123900","124000","124100","123000","122900","122700","122300","122200","122100","122000","121900","121800","121400","2","256","755","2336","1096","191","43","15","1045","438","2","16","60","20","15","127","98","41","4","58","6177","441","0","0","0","0","0","-123300","5","-100.00","3765","5","0","0","0","","0","0","0","","",""
"080031","0004","0","123200","123300","123400","123500","123600","123700","123800","123900","124000","124100","123000","122900","122700","122300","122200","122100","122000","121900","121800","121400","4","256","755","2336","1096","191","43","15","1045","438","5","16","60","20","15","127","98","41","4","58","6179","444","0","0","0","0","0","-123300","5","-100.00","3765","2","0","0","0","","0","0","0","","",""
"080032","0000","0","123000","123200","123300","123400","123500","123600","123700","123800","123900","124000","122900","122700","122300","122200","122100","122000","121900","121800","121400","121200","25","4","256","755","2345","1096","191","43","15","1045","16","60","20","15","127","98","41","4","59","14","5775","454","0","0","0","0","0","-123300","5","-100.00","3770","0","1","0","0","","0","0","0","","",""
"080032","0001","0","123000","123200","123300","123400","123500","123600","123700","123800","123900","124000","122900","122700","122300","122200","122100","122000","121900","121800","121400","121200","25","4","256","805","2345","1096","191","43","15","1045","16","2","20","15","127","98","41","4","59","14","5825","396","0","0","0","0","0","-123300","5","-100.00","3770","50","-58","0","0","","0","0","0","","",""
"080032","0002","0","123000","123200","123300","123400","123500","123600","123700","123800","123900","124000","122900","122700","122300","122200","122100","122000","121900","121800","121400","121200","25","4","256","805","2345","1096","191","43","15","1045","16","2","30","15","127","98","41","4","59","14","5825","406","0","0","0","0","0","-123300","5","-100.00","3770","0","10","0","0","","0","0","0","","",""
"080032","0003","0","123000","123100","123200","123300","123400","123500","123600","123700","123800","123900","122900","122700","122300","122200","122100","122000","121900","121800","121400","121200","21","20","4","257","805","2345","1096","191","43","15","12","2","30","15","128","98","41","4","59","14","4797","403","0","0","0","0","0","-123300","5","-100.00","3779","-1030","0","0","0","","0","0","0","","",""
"080033","0000","0","123000","123100","123200","123300","123400","123500","123600","123700","123800","123900","122900","122700","122300","122200","122100","122000","121900","121800","121400","121200","21","20","4","257","805","2345","1096","191","43","15","12","3","30","15","128","98","41","4","59","14","4797","404","0","0","0","0","0","-123300","5","-100.00","3779","0","1","0","0","","0","0","0","","",""
"080033","0001","0","123000","123100","123200","123300","123400","123500","123600","123700","123800","123900","122900","122700","122300","122200","122100","122000","121900","121800","121400","121200","21","20","4","357","805","2345","1096","191","43","15","15","3","30","15","128","98","41","4","59","14","4897","407","0","0","0","0","0","-123300","5","-100.00","3779","100","3","0","0","","0","0","0","","",""
"080033","0002","0","123000","123100","123200","123300","123400","123500","123600","123700","123800","123900","122900","122700","122300","122200","122100","122000","121900","121800","121400","121200","19","20","4","357","805","2349","1096","191","43","15","15","3","30","15","128","98","41","24","59","14","4899","427","0","0","0","0","0","-123300","5","-100.00","3781","4","20","0","0","","0","0","0","","",""
"080034","0000","0","123000","123100","123200","123300","123400","123500","123600","123700","123800","123900","122900","122700","122300","122200","122100","122000","121900","121800","121400","121200","19","20","4","365","805","2349","1096","191","43","15","15","3","30","15","128","98","41","24","59","14","4907","427","0","0","0","0","0","-123300","5","-100.00","3781","8","0","0","0","","0","0","0","","",""
"080034","0001","0","123000","123100","123200","123300","123400","123500","123600","123700","123800","123900","122900","122700","122300","122200","122100","122000","121900","121800","121400","121200","19","20","4","375","805","2349","1096","191","43","15","15","3","30","15","128","98","41","24","59","14","4917","427","0","0","0","0","0","-123300","5","-100.00","3781","10","0","0","0","","0","0","0","","",""
"080034","0002","0","123000","123100","123200","123300","123400","123500","123600","123700","123800","123900","122900","122700","122300","122200","122100","122000","121900","121800","121400","121200","39","20","4","375","785","2349","1096","191","43","15","12","3","30","15","128","98","41","24","59","14","4917","424","0","0","0","0","0","-123300","5","-100.00","3784","0","-3","0","0","","0","0","0","","",""
"080035","0000","0","123000","123100","123200","123300","123400","123500","123600","123700","123800","123900","122900","122700","122300","122200","122100","122000","121900","121800","121400","121200","39","20","4","375","785","2349","1096","191","43","15","12","3","30","15","128","98","41","24","59","14","4917","424","0","0","0","0","0","-123300","5","-100.00","3784","0","0","0","0","","0","0","0","","",""
"080035","0001","0","123000","123100","123200","123300","123400","123500","123600","123700","123800","123900","122900","122700","122300","122200","122100","122000","121900","121800","121400","121200","39","20","4","375","785","2349","1096","191","42","15","12","3","30","15","128","98","41","24","59","14","4916","424","0","0","0","0","0","-123300","5","-100.00","3784","-1","0","0","0","","0","0","0","","",""
"080035","0002","0","123000","123100","123200","123300","123400","123500","123600","123700","123800","123900","122900","122700","122300","122200","122100","122000","121900","121800","121400","121200","19","20","4","375","785","2349","1096","191","42","15","12","3","30","15","128","98","41","24","59","14","4896","424","0","0","0","0","0","-123300","5","-100.00","3804","-20","0","0","0","","0","0","0","","",""
"080035","0003","0","122900","123000","123100","123200","123300","123400","123500","123600","123700","123800","122700","122300","122200","122100","122000","121900","121800","121400","121200","121000","108","19","20","4","375","785","2349","1096","191","42","3","30","15","128","98","41","24","59","14","166","4989","578","0","0","0","0","0","-123300","5","-100.00","3816","93","154","0","0","","0","0","0","","",""
"080036","0000","0","122900","123000","123100","123200","123300","123400","123500","123600","123700","123800","122700","122300","122200","122100","122000","121900","121800","121400","121200","121000","64","119","20","4","295","785","2349","1096","191","42","3","30","15","128","98","41","24","59","14","166","4965","578","0","0","0","0","0","-123300","5","-100.00","3867","19","0","0","0","","0","0","0","","",""
"080036","0001","0","122900","123000","123100","123200","123300","123400","123500","123600","123700","123800","122700","122300","122200","122100","122000","121900","121800","121400","121200","121000","111","119","20","4","295","735","2349","1096","191","42","3","30","15","128","98","41","24","59","14","166","4962","578","0","0","0","0","0","-123300","5","-100.00","3870","-3","0","0","0","","0","0","0","","",""
"080036","0002","0","122900","123000","123100","123200","123300","123400","123500","123600","123700","123800","122700","122300","122200","122100","122000","121900","121800","121400","121200","121000","111","119","20","4","445","735","2349","1096","191","42","3","30","15","128","98","41","24","59","14","166","5112","578","0","0","0","0","0","-123300","5","-100.00","3870","150","0","0","0","","0","0","0","","",""
"080036","0003","0","122900","123000","123100","123200","123300","123400","123500","123600","123700","123800","122700","122300","122200","122100","122000","121900","121800","121400","121200","121000","91","119","20","4","445","735","2349","1096","191","42","2","40","15","128","98","41","24","59","14","166","5092","587","0","0","0","0","0","-123300","5","-100.00","3891","0","10","0","0","","0","0","0","","",""
"080037","0000","0","122900","123000","123100","123200","123300","123400","123500","123600","123700","123800","122700","122300","122200","122100","122000","121900","121800","121400","121200","121000","92","119","20","4","445","735","2349","1096","191","42","2","40","15","128","98","41","24","59","14","166","5093","587","0","0","0","0","0","-123300","5","-100.00","3892","-1","0","0","0","","0","0","0","","",""
"080037","0001","0","122900","123000","123100","123200","123300","123400","123500","123600","123700","123800","122700","122300","122200","122100","122000","121900","121800","121400","121200","121000","82","120","20","4","445","735","2349","1096","191","42","2","40","15","128","98","41","24","59","14","166","5084","587","0","0","0","0","0","-123300","5","-100.00","3902","-10","0","0","0","","0","0","0","","",""
"080037","0002","0","122900","123000","123100","123200","123300","123400","123500","123600","123700","123800","122700","122300","122200","122100","122000","121900","121800","121400","121200","121000","82","120","20","4","446","734","2349","1096","191","42","2","40","15","128","98","41","24","59","14","166","5084","587","0","0","0","0","0","-123300","5","-100.00","3902","0","0","0","0","","0","0","0","","",""
"080038","0000","0","122900","123000","123100","123200","123300","123400","123500","123600","123700","123800","122700","122300","122200","122100","122000","121900","121800","121400","121200","121000","82","121","25","4","446","1234","2349","1096","191","42","1","40","15","128","98","41","24","59","14","166","5590","586","0","0","0","0","0","-123300","5","-100.00","3903","505","0","0","0","","0","0","0","","",""
"080038","0001","0","122900","123000","123100","123200","123300","123400","123500","123600","123700","123800","122700","122300","122200","122100","122000","121900","121800","121400","121200","121000","82","121","25","4","446","1234","2349","1096","191","42","1","40","15","128","103","41","24","59","14","166","5590","591","0","0","0","0","0","-123300","5","-100.00","3903","0","5","0","0","","0","0","0","","",""
"080038","0002","0","122700","122900","123000","123100","123200","123300","123400","123500","123600","123700","122300","122200","122100","122000","121900","121800","121400","121200","121000","120900","99","82","121","25","4","446","1234","2344","1096","191","40","15","128","103","41","24","59","14","166","40","5642","630","0","0","0","0","0","-123300","5","-100.00","3904","57","39","0","0","","0","0","0","","",""
"080038","0003","0","122700","122900","123000","123100","123200","123300","123400","123500","123600","123700","122300","122200","122100","122000","121900","121800","121400","121200","121000","120900","99","82","121","25","4","476","1234","2344","1096","191","40","15","128","103","41","24","59","14","166","40","5672","630","0","0","0","0","0","-123300","5","-100.00","3904","30","0","0","0","","0","0","0","","",""
"080039","0000","0","122700","122900","123000","123100","123200","123300","123400","123500","123600","123700","122300","122200","122100","122000","121900","121800","121400","121200","121000","120900","76","2082","132","25","4","562","1234","344","1096","191","40","15","128","103","41","24","59","14","166","40","5746","630","0","0","0","0","0","-123300","5","-100.00","3927","8","0","0","0","","0","0","0","","",""
"080039","0001","0","122700","122900","123000","123100","123200","123300","123400","123500","123600","123700","122300","122200","122100","122000","121900","121800","121400","121200","121000","120900","76","2082","132","25","4","562","1224","344","1096","191","40","15","128","103","41","24","59","14","166","40","5736","630","0","0","0","0","0","-123300","5","-100.00","3927","-10","0","0","0","","0","0","0","","",""
"080039","0002","0","122700","122900","123000","123100","123200","123300","123400","123500","123600","123700","122300","122200","122100","122000","121900","121800","121400","121200","121000","120900","76","2082","132","25","4","562","1224","344","96","191","10","15","128","103","41","24","59","14","166","40","4736","600","0","0","0","0","0","-123300","5","-100.00","3957","-1000","0","0","0","","0","0","0","","",""
"080040","0000","0","122700","122900","123000","123100","123200","123300","123400","123500","123600","123700","122300","122200","122100","122000","121900","121800","121400","121200","121000","120900","76","2083","134","25","4","562","1224","344","96","191","10","15","128","103","41","24","59","14","166","40","4739","600","0","0","0","0","0","-123300","5","-100.00","3957","1","0","0","0","","0","0","0","","",""
"080040","0001","0","122500","122700","122900","123000","123100","123200","123300","123400","123500","123600","122300","122200","122100","122000","121900","121800","121400","121200","121000","120900","1","76","2083","134","25","4","562","1224","344","96","10","15","128","103","41","24","59","14","166","40","4549","600","0","0","0","0","0","-123300","5","-100.00","3957","-190","0","0","0","","0","0","0","","",""
"080041","0000","0","122500","122700","122900","123000","123100","123200","123300","123400","123500","123600","122300","122200","122100","122000","121900","121800","121400","121200","121000","120900","1","143","2083","134","25","4","562","1224","344","96","10","15","128","103","41","24","59","14","166","40","4616","600","0","0","0","0","0","-123300","5","-100.00","3957","67","0","0","0","","0","0","0","","",""
"080041","0001","0","122500","122700","122900","123000","123100","123200","123300","123400","123500","123600","122100","122000","121900","121800","121400","121200","121000","120900","120400","120300","1","143","2083","134","25","4","562","1224","344","96","101","105","41","24","59","14","166","40","40","468","4616","1058","0","0","0","0","0","-123300","5","-100.00","4009","0","458","0","0","","0","0","0","","",""
"080042","0000","0","122500","122700","122900","123000","123100","123200","123300","123400","123500","123600","122400","122100","122000","121900","121800","121400","121200","121000","120900","120400","1","143","2083","134","25","4","562","1224","344","96","3","101","105","41","24","59","14","166","40","40","4616","593","0","0","0","0","0","-123300","5","-100.00","4009","0","2","0","0","","0","0","0","","",""
"080042","0001","0","122500","122700","122900","123000","123100","123200","123300","123400","123500","123600","122400","122100","122000","121900","121800","121400","121200","121000","120900","120400","1","143","2083","134","25","34","562","1224","344","96","3","101","105","41","24","59","14","166","40","40","4646","593","0","0","0","0","0","-123300","5","-100.00","4009","0","0","0","0","","0","0","0","","",""
"080042","0002","0","122200","122500","122700","122900","123000","123100","123200","123300","123400","123500","122100","122000","121900","121800","121400","121200","121000","120900","120400","120300","17","1","143","2083","134","25","34","542","1224","344","86","105","41","24","59","14","166","40","40","468","4547","1043","0","0","0","0","0","-123300","5","-100.00","4027","0","-15","0","0","","0","0","0","","",""
"080042","0003","0","122200","122300","122500","122700","122900","123000","123100","123200","123300","123400","122100","122000","121900","121800","121400","121200","121000","120900","120400","120300","17","2","3","146","2086","137","25","38","542","1222","86","105","41","24","59","14","166","40","40","468","4218","1043","0","0","0","0","0","-123300","5","-100.00","4027","3","0","0","0","","0","0","0","","",""
"080042","0004","0","122200","122300","122500","122700","122900","123000","123100","123200","123300","123400","122100","122000","121900","121800","121400","121200","121000","120900","120400","120300","17","2","3","146","2111","137","25","38","542","1222","86","105","41","24","59","14","174","40","40","468","4243","1051","0","0","0","0","0","-123300","5","-100.00","4027","25","0","0","0","","0","0","0","","",""
"080043","0000","0","122200","122300","122500","122700","122900","123000","123100","123200","123300","123400","122100","122000","121900","121800","121400","121200","121000","120900","120400","120300","15","2","3","146","2111","137","25","38","542","1222","86","105","41","24","59","14","174","40","40","468","4241","1051","0","0","0","0","0","-123300","5","-100.00","4029","-2","0","0","0","","0","0","0","","",""
"080043","0001","0","122200","122300","122500","122700","122900","123000","123100","123200","123300","123400","122100","122000","121900","121800","121700","121400","121200","121000","120900","120400","15","2","3","146","2111","137","25","38","542","1222","86","105","41","24","1","59","14","174","40","40","4241","584","0","0","0","0","0","-123300","5","-100.00","4029","0","-467","0","0","","0","0","0","","",""
"080043","0002","0","122300","122500","122700","122900","123000","123100","123200","123300","123400","123500","122200","122100","122000","121900","121800","121700","121400","121200","121000","120900","22","3","146","2111","137","25","38","542","1222","344","5","86","105","41","24","1","59","14","174","40","4590","549","0","0","0","0","0","-123300","5","-100.00","4044","20","0","0","0","","0","0","0","","",""
"080043","0003","0","122300","122500","122700","122900","123000","123100","123200","123300","123400","123500","122200","122100","122000","121900","121800","121700","121400","121200","121000","120900","21","3","146","2111","137","25","38","542","1222","344","4","116","105","41","24","1","59","14","174","40","4589","578","0","0","0","0","0","-123300","5","-100.00","4046","0","29","0","0","","0","0","0","","",""
"080044","0000","0","122300","122500","122700","122900","123000","123100","123200","123300","123400","123500","122200","122100","122000","121900","121800","121700","121400","121200","121000","120900","37","3","146","2111","137","25","38","542","1222","344","4","116","105","41","24","1","59","14","174","40","4605","578","0","0","0","0","0","-123300","5","-100.00","4046","16","0","0","0","","0","0","0","","",""
"080044","0001","0","122300","122500","122700","122900","123000","123100","123200","123300","123400","123500","122200","122100","122000","121900","121800","121700","121400","121200","121000","120900","37","3","146","2111","137","25","38","542","1222","344","24","96","105","41","25","1","59","14","174","40","4605","579","0","0","0","0","0","-123300","5","-100.00","4046","0","1","0","0","","0","0","0","","",""
"080044","0002","0","122300","122500","122700","122900","123000","123100","123200","123300","123400","123500","122200","122100","122000","121900","121800","121700","121400","121200","121000","120900","38","3","146","2111","137","25","38","542","1242","344","24","96","105","41","25","1","59","14","174","40","4626","579","0","0","0","0","0","-123300","5","-100.00","4046","20","0","0","0","","0","0","0","","",""
"080045","0000","0","122300","122500","122700","122900","123000","123100","123200","123300","123400","123500","122200","122100","122000","121900","121800","121700","121400","121200","121000","120900","32","3","146","2111","137","25","38","542","1242","344","24","96","105","41","25","1","59","14","174","40","4620","579","0","0","0","0","0","-123300","5","-100.00","4052","-6","0","0","0","","0","0","0","","",""
"080045","0001","0","122300","122500","122700","122900","123000","123100","123200","123300","123400","123500","122200","122100","122000","121900","121800","121700","121400","121200","121000","120900","32","3","146","2111","137","25","38","542","1242","344","23","96","105","41","25","1","59","14","174","40","4620","578","0","0","0","0","0","-123300","5","-100.00","4053","0","-1","0","0","","0","0","0","","",""
"080045","0002","0","122200","122300","122500","122700","122900","123000","123100","123200","123300","123400","122100","122000","121900","121800","121700","121400","121200","121000","120900","120400","66","32","3","146","2111","118","25","38","542","1242","96","105","41","25","1","59","14","174","40","40","4323","595","0","0","0","0","0","-123300","5","-100.00","4076","0","0","0","0","","0","0","0","","",""
"080045","0003","0","122200","122300","122500","122700","122900","123000","123100","123200","123300","123400","122100","122000","121900","121800","121700","121400","121200","121000","120900","120400","61","32","3","146","2111","118","25","38","542","1242","96","105","41","25","1","69","14","174","40","40","4318","605","0","0","0","0","0","-123300","5","-100.00","4081","0","10","0","0","","0","0","0","","",""
"080046","0000","0","122200","122300","122500","122700","122900","123000","123100","123200","123300","123400","122100","122000","121900","121800","121700","121400","121200","121000","120900","120400","61","32","3","146","2111","118","25","38","542","1242","96","106","41","25","1","69","14","174","40","40","4318","606","0","0","0","0","0","-123300","5","-100.00","4081","0","1","0","0","","0","0","0","","",""
"080046","0001","0","122200","122300","122500","122600","122700","122900","123000","123100","123200","123300","122100","122000","121900","121800","121700","121400","121200","121000","120900","120400","44","32","3","100","146","2111","18","25","38","542","96","106","41","25","1","69","14","174","40","40","3059","606","0","0","0","0","0","-123300","5","-100.00","4098","-1259","0","0","0","","0","0","0","","",""
"080046","0002","0","122200","122300","122500","122600","122700","122900","123000","123100","123200","123300","122100","122000","121900","121800","121700","121400","121200","121000","120900","120400","48","32","3","100","146","2111","18","25","38","542","96","106","41","25","1","69","14","174","40","40","3063","606","0","0","0","0","0","-123300","5","-100.00","4098","4","0","0","0","","0","0","0","","",""
"080046","0003","0","122200","122300","122500","122600","122700","122900","123000","123100","123200","123300","122100","122000","121900","121800","121700","121400","121200","121000","120900","120400","47","32","3","100","146","2111","18","25","38","542","96","106","41","25","1","69","14","174","40","40","3062","606","0","0","0","0","0","-123300","5","-100.00","4099","-1","0","0","0","","0","0","0","","",""
"080047","0000","0","122200","122300","122500","122600","122700","122900","123000","123100","123200","123300","122100","122000","121900","121800","121700","121500","121400","121200","121000","120900","48","32","3","100","146","2111","18","25","38","542","96","106","41","25","1","10","69","14","174","40","3063","576","0","0","0","0","0","-123300","5","-100.00","4099","1","0","0","0","","0","0","0","","",""
"080047","0001","0","122200","122300","122500","122600","122700","122900","123000","123100","123200","123300","122100","122000","121900","121800","121700","121500","121400","121200","121000","120900","49","32","3","100","146","2111","18","25","38","541","96","106","41","25","1","10","69","14","174","40","3063","576","0","0","0","0","0","-123300","5","-100.00","4099","0","0","0","0","","0","0","0","","",""
"080047","0002","0","122200","122300","122500","122600","122700","122900","123000","123100","123200","123300","122100","122000","121900","121800","121700","121500","121400","121200","121000","120900","49","63","3","100","146","2111","18","25","38","541","96","106","41","25","1","10","69","14","174","40","3094","576","0","0","0","0","0","-123300","5","-100.00","4099","31","0","0","0","","0","0","0","","",""
"080047","0003","0","122200","122300","122500","122600","122700","122900","123000","123100","123200","123300","122100","122000","121900","121800","121700","121500","121400","121200","121000","120900","49","63","3","100","146","2111","18","25","38","541","95","111","41","25","1","10","69","14","174","40","3094","580","0","0","0","0","0","-123300","5","-100.00","4100","0","-1","0","0","","0","0","0","","",""
"080047","0004","0","122200","122300","122500","122600","122700","122900","123000","123100","123200","123300","122100","122000","121900","121800","121700","121500","121400","121200","121000","120900","49","63","3","100","146","2111","18","25","38","541","95","112","41","25","1","10","69","14","174","40","3094","581","0","0","0","0","0","-123300","5","-100.00","4100","0","1","0","0","","0","0","0","","",""
"080048","0000","0","122200","122300","122500","122600","122700","122900","123000","123100","123200","123300","122100","122000","121900","121800","121700","121500","121400","121200","121000","120900","49","63","3","100","146","2111","18","25","39","541","95","112","41","25","1","10","69","14","174","40","3095","581","0","0","0","0","0","-123300","5","-100.00","4100","1","0","0","0","","0","0","0","","",""
"080048","0001","0","122300","122500","122600","122700","122900","123000","123100","123200","123300","123400","122100","122000","121900","121800","121700","121500","121400","121200","121000","120900","44","3","100","146","2086","18","25","39","541","1242","97","112","41","25","1","10","69","14","174","40","4244","583","0","0","0","0","0","-123300","5","-100.00","4193","0","2","0","0","","0","0","0","","",""
"080049","0000","0","122300","122500","122600","122700","122900","123000","123100","123200","123300","123400","122100","122000","121900","121800","121700","121500","121400","121200","121000","120900","44","3","100","646","2086","18","25","39","541","928","97","112","41","25","1","10","69","14","174","40","4430","583","0","0","0","0","0","-123300","5","-100.00","4193","-314","0","0","0","","0","0","0","","",""
"080049","0001","0","122300","122500","122600","122700","122900","123000","123100","123200","123300","123400","122100","122000","121900","121800","121700","121500","121400","121300","121200","121000","44","3","100","646","2086","18","25","39","541","928","97","112","41","26","1","10","69","3","14","174","4430","547","0","0","0","0","0","-123300","5","-100.00","4193","0","0","0","0","","0","0","0","","",""
"080050","0000","0","122300","122500","122600","122700","122900","123000","123100","123200","123300","123400","122100","122000","121900","121800","121700","121500","121400","121300","121200","121000","44","3","100","646","2086","18","25","39","541","928","98","112","41","26","1","10","69","3","14","174","4430","548","0","0","0","0","0","-123300","5","-100.00","4193","0","1","0","0","","0","0","0","","",""
"080050","0001","0","122200","122300","122500","122600","122700","122900","123000","123100","123200","123300","122100","122000","121900","121800","121700","121500","121400","121300","121200","121000","10","44","3","100","646","2086","18","25","39","541","98","112","41","26","1","10","69","3","14","174","3512","548","0","0","0","0","0","-123300","5","-100.00","4193","-918","0","0","0","","0","0","0","","",""
"080050","0002","0","122200","122300","122500","122600","122700","122900","123000","123100","123200","123300","122100","122000","121900","121800","121700","121500","121400","121300","121200","121000","10","44","3","100","646","2086","18","25","39","541","38","112","41","26","1","10","69","3","14","174","3512","488","0","0","0","0","0","-123300","5","-100.00","4253","0","-60","0","0","","0","0","0","","",""
"080050","0003","0","122300","122500","122600","122700","122900","123000","123100","123200","123300","123400","122200","122100","122000","121900","121800","121700","121500","121400","121300","121200","143","3","100","646","2086","18","25","84","541","928","20","38","112","41","26","1","10","69","3","14","4574","334","0","0","0","0","0","-123300","5","-100.00","4344","45","0","0","0","","0","0","0","","",""
"080051","0000","0","122300","122500","122600","122700","122900","123000","123100","123200","123300","123400","122200","122100","122000","121900","121800","121700","121500","121400","121300","121200","143","3","100","646","2086","18","25","84","541","928","20","48","112","41","26","1","10","69","3","14","4574","344","0","0","0","0","0","-123300","5","-100.00","4344","0","10","0","0","","0","0","0","","",""
"080051","0001","0","122300","122500","122600","122700","122900","123000","123100","123200","123300","123400","122200","122100","122000","121900","121800","121700","121500","121400","121300","121200","144","3","100","646","2086","18","25","84","541","928","20","48","112","41","26","1","10","69","3","14","4575","344","0","0","0","0","0","-123300","5","-100.00","4344","1","0","0","0","","0","0","0","","",""
"080051","0002","0","122300","122500","122600","122700","122900","123000","123100","123200","123300","123400","122200","122100","122000","121900","121800","121700","121500","121400","121300","121200","146","3","100","646","2086","18","25","84","541","928","20","48","112","41","26","1","10","69","3","14","4577","344","0","0","0","0","0","-123300","5","-100.00","4344","2","0","0","0","","0","0","0","","",""
"080051","0003","0","122300","122500","122600","122700","122900","123000","123100","123200","123300","123400","122200","122100","122000","121900","121800","121700","121500","121400","121300","121200","145","3","100","646","2086","18","25","84","541","928","20","48","112","41","26","1","10","69","3","14","4576","344","0","0","0","0","0","-123300","5","-100.00","4345","-1","0","0","0","","0","0","0","","",""
"080052","0000","0","122300","122500","122600","122700","122900","123000","123100","123200","123300","123400","122200","122100","122000","121900","121800","121700","121500","121400","121300","121200","143","3","100","646","2086","18","25","84","541","928","20","48","112","41","26","1","10","69","3","14","4574","344","0","0","0","0","0","-123300","5","-100.00","4347","-2","0","0","0","","0","0","0","","",""
"080052","0001","0","122300","122500","122600","122700","122900","123000","123100","123200","123300","123400","122200","122100","122000","121900","121800","121700","121500","121400","121300","121200","143","3","100","646","2086","18","25","84","541","928","20","98","112","41","27","1","10","69","3","14","4574","395","0","0","0","0","0","-123300","5","-100.00","4347","0","50","0","0","","0","0","0","","",""
"080052","0002","0","122300","122500","122600","122700","122900","123000","123100","123200","123300","123400","122200","122100","122000","121900","121800","121700","121500","121400","121300","121200","147","3","100","646","2086","18","25","84","541","928","20","98","112","41","27","1","10","69","3","14","4578","395","0","0","0","0","0","-123300","5","-100.00","4347","4","0","0","0","","0","0","0","","",""
"080053","0000","0","122300","122500","122600","122700","122900","123000","123100","123200","123300","123400","122200","122100","122000","121900","121800","121700","121500","121400","121300","121200","147","3","100","646","2086","38","25","83","541","928","22","98","112","41","27","1","10","69","3","14","4597","397","0","0","0","0","0","-123300","5","-100.00","4347","19","2","0","0","","0","0","0","","",""
"080053","0001","0","122300","122500","122600","122700","122900","123000","123100","123200","123300","123400","122200","122100","122000","121900","121800","121700","121500","121400","121300","121200","147","3","100","646","2086","38","25","83","541","928","22","198","112","41","27","1","10","69","3","14","4597","497","0","0","0","0","0","-123300","5","-100.00","4347","0","100","0","0","","0","0","0","","",""
"080054","0000","0","122300","122500","122600","122700","122900","123000","123100","123200","123300","123400","122100","122000","121900","121800","121700","121500","121400","121300","121200","121000","165","3","100","646","2086","38","25","83","541","928","170","112","41","27","1","10","69","3","14","184","4615","631","0","0","0","0","0","-123300","5","-100.00","4397","0","134","0","0","","0","0","0","","",""
"080054","0001","0","122300","122500","122600","122700","122900","123000","123100","123200","123300","123400","122100","122000","121900","121800","121700","121500","121400","121300","121200","121000","164","3","100","646","2086","38","25","83","541","928","170","112","41","27","1","10","69","3","14","184","4614","631","0","0","0","0","0","-123300","5","-100.00","4398","-1","0","0","0","","0","0","0","","",""
"080055","0000","0","122300","122500","122600","122700","122900","123000","123100","123200","123300","123400","122100","122000","121900","121800","121700","121500","121400","121300","121200","121000","164","3","100","646","2086","27","25","83","541","928","170","112","41","27","1","10","69","3","14","184","4603","631","0","0","0","0","0","-123300","5","-100.00","4398","-11","0","0","0","","0","0","0","","",""
"080055","0001","0","122300","122500","122600","122700","122900","123000","123100","123200","123300","123400","122200","122100","122000","121900","121800","121700","121500","121400","121300","121200","164","3","100","646","2086","27","25","83","541","928","5","170","112","41","27","2","10","69","3","14","4603","453","0","0","0","0","0","-123300","5","-100.00","4398","0","-179","0","0","","0","0","0","","",""
"080055","0002","0","122300","122500","122600","122700","122900","123000","123100","123200","123300","123400","122200","122100","122000","121900","121800","121700","121500","121400","121300","121200","148","3","100","646","2086","27","25","83","541","928","5","170","112","41","27","2","10","69","3","14","4587","453","0","0","0","0","0","-123300","5","-100.00","4414","-16","0","0","0","","0","0","0","","",""
"080056","0000","0","122300","122500","122600","122700","122900","123000","123100","123200","123300","123400","122200","122100","122000","121900","121800","121700","121500","121400","121300","121200","149","3","100","646","2086","27","25","83","541","928","5","170","112","41","27","2","10","69","3","14","4588","453","0","0","0","0","0","-123300","5","-100.00","4414","1","0","0","0","","0","0","0","","",""
"080056","0001","0","122300","122500","122600","122700","122900","123000","123100","123200","123300","123400","122200","122100","122000","121900","121800","121700","121500","121400","121300","121200","149","3","100","646","2086","27","25","83","541","928","15","170","112","41","27","2","10","69","3","14","4588","463","0","0","0","0","0","-123300","5","-100.00","4414","0","10","0","0","","0","0","0","","",""
"080056","0002","0","122500","122600","122700","122900","123000","123100","123200","123300","123400","123500","122200","122100","122000","121900","121800","121700","121500","121400","121300","121200","3","100","646","2086","27","25","83","541","928","344","13","170","112","41","27","2","10","69","3","14","4783","461","0","0","0","0","0","-123300","5","-100.00","4565","0","-2","0","0","","0","0","0","","",""
"080057","0000","0","122500","122600","122700","122900","123000","123100","123200","123300","123400","123500","122200","122100","122000","121900","121800","121700","121500","121400","121300","121200","3","100","646","2086","27","25","83","541","928","346","263","170","112","41","27","2","10","69","3","14","4785","711","0","0","0","0","0","-123300","5","-100.00","4565","0","250","0","0","","0","0","0","","",""
"080057","0001","0","122300","122500","122600","122700","122900","123000","123100","123200","123300","123400","122200","122100","122000","121900","121800","121700","121500","121400","121300","121200","10","3","100","646","2086","27","25","83","541","928","263","170","112","41","27","2","10","69","3","14","4449","711","0","0","0","0","0","-123300","5","-100.00","4565","-336","0","0","0","","0","0","0","","",""
"080057","0002","0","122300","122500","122600","122700","122900","123000","123100","123200","123300","123400","122200","122100","122000","121900","121800","121700","121500","121400","121300","121200","1","3","100","646","2036","27","25","83","541","928","263","170","112","41","27","2","10","69","3","14","4390","711","0","0","0","0","0","-123300","5","-100.00","4575","-245","0","0","0","","0","0","0","","",""
"080057","0003","0","122500","122600","122700","122900","123000","123100","123200","123300","123400","123500","122200","122100","122000","121900","121800","121700","121500","121400","121300","121200","3","100","646","2036","27","25","83","541","928","246","264","170","112","41","27","2","10","69","3","14","4635","712","0","0","0","0","0","-123300","5","-100.00","4576","245","0","0","0","","0","0","0","","",""
"080058","0000","0","122500","122600","122700","122900","123000","123100","123200","123300","123400","123500","122200","122100","122000","121900","121800","121700","121500","121400","121300","121200","3","100","646","2036","27","25","83","541","928","246","260","170","112","41","27","2","10","69","3","14","4635","708","0","0","0","0","0","-123300","5","-100.00","4582","0","9","0","0","","0","0","0","","",""
"080058","0001","0","122500","122600","122700","122900","123000","123100","123200","123300","123400","123500","122200","122100","122000","121900","121800","121700","121500","121400","121300","121200","3","100","646","2036","27","25","83","541","928","246","254","170","112","41","27","2","10","69","3","14","4635","702","0","0","0","0","0","-123300","5","-100.00","4589","0","1","0","0","","0","0","0","","",""
"080058","0002","0","122300","122500","122600","122700","122900","123000","123100","123200","123300","123400","122200","122100","122000","121900","121800","121700","121500","121400","121300","121200","60","3","100","646","2036","27","25","83","541","928","254","170","112","41","27","2","10","69","3","14","4449","702","0","0","0","0","0","-123300","5","-100.00","4604","-186","0","0","0","","0","0","0","","",""
"080058","0003","0","122300","122500","122600","122700","122900","123000","123100","123200","123300","123400","122200","122100","122000","121900","121800","121700","121500","121400","121300","121200","60","3","100","646","2036","24","25","83","541","928","251","170","112","41","27","2","10","69","3","14","4446","699","0","0","0","0","0","-123300","5","-100.00","4607","-3","-3","0","0","","0","0","0","","",""
"080058","0004","0","122300","122500","122600","122700","122900","123000","123100","123200","123300","123400","122200","122100","122000","121900","121800","121700","121500","121400","121300","121200","48","3","100","646","2036","24","25","83","541","928","251","170","112","41","27","2","10","69","3","14","4434","699","0","0","0","0","0","-123300","5","-100.00","4619","-12","0","0","0","","0","0","0","","",""
"080059","0000","0","122300","122500","122600","122700","122900","123000","123100","123200","123300","123400","122200","122100","122000","121900","121800","121700","121500","121400","121300","121200","48","3","100","646","2036","24","25","83","541","928","251","171","112","41","27","2","10","69","3","54","4434","740","0","0","0","0","0","-123300","5","-100.00","4619","0","41","0","0","","0","0","0","","",""
"080059","0001","0","122300","122500","122600","122700","122900","123000","123100","123200","123300","123400","122200","122100","122000","121900","121800","121700","121500","121400","121300","121200","48","3","100","646","36","24","25","83","541","928","221","171","132","41","27","2","10","69","3","54","2434","730","0","0","0","0","0","-123300","5","-100.00","4649","0","20","0","0","","0","0","0","","",""
"080059","0002","0","122300","122400","122500","122600","122700","122900","123000","123100","123200","123300","122200","122100","122000","121900","121800","121700","121500","121400","121300","121200","48","8","3","100","646","36","24","25","83","541","191","171","132","41","28","2","10","69","3","54","1514","701","0","0","0","0","0","-123300","5","-100.00","4679","0","1","0","0","","0","0","0","","",""
"080100","0000","0","122300","122400","122500","122600","122700","122900","123000","123100","123200","123300","122200","122100","122000","121900","121800","121700","121500","121400","121300","121200","48","8","3","100","646","36","24","25","83","541","226","171","132","41","28","2","10","69","3","54","1514","736","0","0","0","0","0","-123300","5","-100.00","4679","0","35","0","0","","0","0","0","","",""
"080100","0001","0","122300","122400","122500","122600","122700","122900","123000","123100","123200","123300","122200","122100","122000","121900","121800","121700","121500","121400","121300","121200","48","8","3","100","646","36","24","25","83","541","208","171","132","41","28","2","10","69","3","54","1514","718","0","0","0","0","0","-123300","5","-100.00","4697","0","-18","0","0","","0","0","0","","",""
"080100","0002","0","122300","122400","122500","122600","122700","122900","123000","123100","123200","123300","122200","122100","122000","121900","121800","121700","121500","121400","121300","121200","48","8","3","100","646","36","24","25","38","541","208","171","132","41","28","2","10","69","3","54","1469","718","0","0","0","0","0","-123300","5","-100.00","4697","-45","0","0","0","","0","0","0","","",""
"080100","0003","0","122300","122400","122500","122600","122700","122900","123000","123100","123200","123300","122200","122100","122000","121900","121800","121700","121500","121400","121300","121200","48","8","3","100","646","36","24","25","38","541","209","171","132","41","28","2","10","69","3","54","1469","719","0","0","0","0","0","-123300","5","-100.00","4716","0","-19","0","0","","0","0","0","","",""
"080100","0004","0","122300","122400","122500","122600","122700","122900","123000","123100","123200","123300","122200","122100","122000","121900","121800","121700","121500","121400","121300","121200","8","8","3","100","646","36","24","25","38","541","209","171","132","41","28","2","10","69","3","54","1429","719","0","0","0","0","0","-123300","5","-100.00","4756","-40","0","0","0","","0","0","0","","",""
"080101","0000","0","122400","122500","122600","122700","122900","123000","123100","123200","123300","123400","122200","122100","122000","121900","121800","121700","121500","121400","121300","121200","8","3","100","146","36","24","25","38","541","928","212","171","132","41","28","2","10","69","3","54","1849","722","0","0","0","0","0","-123300","5","-100.00","4764","0","1","0","0","","0","0","0","","",""
"080101","0001","0","122400","122500","122600","122700","122900","123000","123100","123200","123300","123400","122200","122100","122000","121900","121800","121700","121500","121400","121300","121200","8","3","100","146","36","24","25","38","541","928","214","171","132","41","28","2","10","69","3","54","1849","724","0","0","0","0","0","-123300","5","-100.00","4764","0","2","0","0","","0","0","0","","",""
"080101","0002","0","122400","122500","122600","122700","122900","123000","123100","123200","123300","123400","122200","122100","122000","121900","121800","121700","121500","121400","121300","121200","8","3","100","146","36","24","25","38","541","928","214","171","133","41","28","2","10","69","3","54","1849","725","0","0","0","0","0","-123300","5","-100.00","4764","0","1","0","0","","0","0","0","","",""
"080101","0003","0","122400","122500","122600","122700","122900","123000","123100","123200","123300","123400","122200","122100","122000","121900","121800","121700","121500","121400","121300","121200","8","3","100","146","36","24","25","38","541","928","215","171","133","41","28","2","10","69","3","54","1849","726","0","0","0","0","0","-123300","5","-100.00","4766","0","0","0","0","","0","0","0","","",""
"080102","0000","0","122400","122500","122600","122700","122900","123000","123100","123200","123300","123400","122200","122100","122000","121900","121800","121700","121500","121400","121300","121200","10","3","100","146","36","24","25","38","541","928","215","171","145","41","28","2","10","69","4","54","1851","739","0","0","0","0","0","-123300","5","-100.00","4766","0","1","0","0","","0","0","0","","",""
"080102","0001","0","122500","122600","122700","122900","123000","123100","123200","123300","123400","123500","122300","122200","122100","122000","121900","121800","121700","121500","121400","121300","3","100","146","36","24","25","38","541","928","216","6","225","201","355","41","28","2","10","69","4","2057","941","0","0","0","0","0","-123300","5","-100.00","4780","0","-48","0","0","","0","0","0","","",""
"080102","0002","0","122500","122600","122700","122900","123000","123100","123200","123300","123400","123500","122300","122200","122100","122000","121900","121800","121700","121500","121400","121300","3","100","146","36","24","25","38","541","928","216","6","225","201","355","41","28","2","10","69","7","2057","944","0","0","0","0","0","-123300","5","-100.00","4780","0","3","0","0","","0","0","0","","",""
"080102","0003","0","122500","122600","122700","122900","123000","123100","123200","123300","123400","123500","122300","122200","122100","122000","121900","121800","121700","121500","121400","121300","3","100","79","36","24","25","38","541","928","216","6","225","201","355","41","28","2","10","69","7","1990","944","0","0","0","0","0","-123300","5","-100.00","4780","-67","0","0","0","","0","0","0","","",""
"080103","0000","0","122500","122600","122700","122900","123000","123100","123200","123300","123400","123500","122300","122200","122100","122000","121900","121800","121700","121500","121400","121300","3","100","79","36","24","25","38","541","928","216","26","225","201","355","41","28","2","10","69","7","1990","964","0","0","0","0","0","-123300","5","-100.00","4780","0","20","0","0","","0","0","0","","",""
"080103","0001","0","122500","122600","122700","122900","123000","123100","123200","123300","123400","123500","122300","122200","122100","122000","121900","121800","121700","121500","121400","121300","3","100","79","36","24","25","38","541","928","216","26","275","201","355","41","28","2","10","74","7","1990","1019","0","0","0","0","0","-123300","5","-100.00","4780","0","5","0","0","","0","0","0","","",""
"080103","0002","0","122500","122600","122700","122900","123000","123100","123200","123300","123400","123500","122300","122200","122100","122000","121900","121800","121700","121500","121400","121300","2","100","79","36","24","25","38","541","928","216","13","275","201","355","41","28","2","10","74","7","1989","1006","0","0","0","0","0","-123300","5","-100.00","4794","-1","-3","0","0","","0","0","0","","",""
"080103","0003","0","122500","122600","122700","122900","123000","123100","123200","123300","123400","123500","122300","122200","122100","122000","121900","121800","121700","121500","121400","121300","2","100","79","36","24","25","38","541","928","216","13","278","201","355","41","28","2","10","74","7","1989","1009","0","0","0","0","0","-123300","5","-100.00","4794","0","3","0","0","","0","0","0","","",""
"080104","0000","0","122500","122600","122700","122900","123000","123100","123200","123300","123400","123500","122300","122200","122100","122000","121900","121800","121700","121500","121400","121300","3","100","78","36","24","25","38","541","928","216","13","278","201","355","41","28","2","10","74","7","1989","1009","0","0","0","0","0","-123300","5","-100.00","4794","0","0","0","0","","0","0","0","","",""
"080104","0001","0","122500","122600","122700","122900","123000","123100","123200","123300","123400","123500","122300","122200","122100","122000","121900","121800","121700","121500","121400","121300","3","100","78","36","24","25","38","541","928","216","12","278","201","355","41","28","2","10","74","7","1989","1008","0","0","0","0","0","-123300","5","-100.00","4795","0","-1","0","0","","0","0","0","","",""
"080104","0002","0","122500","122600","122700","122900","123000","123100","123200","123300","123400","123500","122300","122200","122100","122000","121900","121800","121700","121500","121400","121300","3","100","78","36","24","25","38","541","928","216","51","278","202","355","41","28","2","10","74","7","1989","1048","0","0","0","0","0","-123300","5","-100.00","4806","0","50","0","0","","0","0","0","","",""
"080104","0003","0","122500","122600","122700","122900","123000","123100","123200","123300","123400","123500","122300","122200","122100","122000","121900","121800","121700","121500","121400","121300","2","100","78","36","24","25","38","541","928","216","57","279","202","355","41","28","2","10","74","7","1988","1055","0","0","0","0","0","-123300","5","-100.00","4807","-1","0","0","0","","0","0","0","","",""
"080105","0000","0","122500","122600","122700","122900","123000","123100","123200","123300","123400","123500","122300","122200","122100","122000","121900","121800","121700","121500","121400","121300","2","100","78","36","24","25","38","541","928","216","46","279","202","355","41","28","2","10","74","7","1988","1044","0","0","0","0","0","-123300","5","-100.00","4818","0","-11","0","0","","0","0","0","","",""
"080105","0001","0","122500","122600","122700","122900","123000","123100","123200","123300","123400","123500","122300","122200","122100","122000","121900","121800","121700","121500","121400","121300","2","100","78","36","24","25","38","541","928","216","46","280","202","355","41","28","2","10","74","7","1988","1045","0","0","0","0","0","-123300","5","-100.00","4818","0","1","0","0","","0","0","0","","",""
"080105","0002","0","122500","122600","122700","122900","123000","123100","123200","123300","123400","123500","122300","122200","122100","122000","121900","121800","121700","121500","121400","121300","2","100","78","36","24","25","38","541","928","216","52","280","202","355","41","28","2","10","74","7","1988","1051","0","0","0","0","0","-123300","5","-100.00","4818","0","6","0","0","","0","0","0","","",""
