"time","millisec","HOUR_CLS_CODE","ASKP1","ASKP2","ASKP3","ASKP4","ASKP5","ASKP6","ASKP7","ASKP8","ASKP9","ASKP10","BIDP1","BIDP2","BIDP3","BIDP4","BIDP5","BIDP6","BIDP7","BIDP8","BIDP9","BIDP10","ASKP_RSQN1","ASKP_RSQN2","ASKP_RSQN3","ASKP_RSQN4","ASKP_RSQN5","ASKP_RSQN6","ASKP_RSQN7","ASKP_RSQN8","ASKP_RSQN9","ASKP_RSQN10","BIDP_RSQN1","BIDP_RSQN2","BIDP_RSQN3","BIDP_RSQN4","BIDP_RSQN5","BIDP_RSQN6","BIDP_RSQN7","BIDP_RSQN8","BIDP_RSQN9","BIDP_RSQN10","TOTAL_ASKP_RSQN","TOTAL_BIDP_RSQN","OVTM_TOTAL_ASKP_RSQN","OVTM_TOTAL_BIDP_RSQN","ANTC_CNPR","ANTC_CNQN","ANTC_VOL","ANTC_CNTG_VRSS","ANTC_CNTG_VRSS_SIGN","ANTC_CNTG_PRDY_CTRT","ACML_VOL","TOTAL_ASKP_RSQN_ICDC","TOTAL_BIDP_RSQN_ICDC","OVTM_TOTAL_ASKP_ICDC","OVTM_TOTAL_BIDP_ICDC","STCK_DEAL_CLS_CODE","KMID_PRC","KMID_TOTAL_RSQN","KMID_CLS_CODE","NMID_PRC","NMID_TOTAL_RSQN","NMID_CLS_CODE"
"080000","0000","0","266500","268500","0","0","0","0","0","0","0","0","251000","250500","247500","242500","240500","237500","230500","221000","220000","177500","50","50","0","0","0","0","0","0","0","0","10","5","50","70","10","100","150","200","10","1","100","606","0","0","0","0","0","-253000","5","-100.00","0","0","0","0","0","","0","0","0","","",""
"080000","0001","0","263000","266500","268500","272000","290000","0","0","0","0","0","251000","250500","250000","249500","249000","248500","247500","242500","240500","237500","23","50","50","222","382","0","0","0","0","0","15","5","5","5","5","151","50","70","10","100","727","416","0","0","0","0","0","-253000","5","-100.00","0","627","-190","0","0","","0","0","0","","",""
"080001","0000","0","263000","264500","266500","268500","269500","272000","290000","319000","328500","0","251500","251000","250500","250000","249500","249000","248500","247500","242500","240500","23","100","50","50","3","222","382","200","20","0","17","15","5","5","5","5","151","50","70","10","1050","333","0","0","0","0","0","-253000","5","-100.00","0","323","-83","0","0","","0","0","0","","",""
"080001","0001","0","259500","263000","264500","266500","268500","269500","272000","290000","319000","328500","255000","251500","251000","250500","250000","249500","249000","248500","247500","242500","259","23","100","50","50","3","222","382","200","20","50","17","15","5","5","5","5","151","50","70","1309","373","0","0","0","0","0","-253000","5","-100.00","0","259","40","0","0","","0","0","0","","",""
"080002","0000","0","259500","263000","264500","266500","268500","269500","272000","290000","319000","328500","255000","253000","251500","251000","250500","250000","249500","249000","248500","247500","259","23","100","50","50","3","222","382","200","20","100","5","17","15","5","5","5","5","151","50","1309","358","0","0","0","0","0","-253000","5","-100.00","0","0","-15","0","0","","0","0","0","","",""
"080002","0001","0","259500","260000","263000","264500","266500","268500","269500","272000","290000","300000","255000","253000","251500","251000","250500","250000","249500","249000","248500","247500","259","2","23","100","50","50","3","222","382","1","100","5","17","15","5","5","5","5","191","50","1092","398","0","0","0","0","0","-253000","5","-100.00","0","-217","40","0","0","","0","0","0","","",""
"080003","0000","0","259500","260000","263000","264500","266500","268500","269500","272000","290000","300000","255000","253000","251500","251000","250500","250000","249500","249000","248500","247500","283","2","23","100","50","50","3","222","382","1","130","5","17","16","5","5","5","5","191","50","1116","429","0","0","0","0","0","-253000","5","-100.00","0","24","31","0","0","","0","0","0","","",""
"080003","0001","0","259500","260000","263000","264500","266500","268500","269500","272000","285000","290000","258000","255000","253000","251500","251000","250500","250000","249500","249000","248500","283","2","23","100","50","50","3","222","2","382","10","130","15","17","16","5","5","5","5","191","1117","399","0","0","0","0","0","-253000","5","-100.00","0","1","-30","0","0","","0","0","0","","",""
"080003","0002","0","259500","260000","263000","264500","266500","268500","269500","272000","285000","290000","258000","255000","253000","251500","251000","250500","250000","249500","249000","248500","283","2","23","100","50","50","84","222","2","382","10","130","15","17","16","5","5","5","5","191","1198","399","0","0","0","0","0","-253000","5","-100.00","0","81","0","0","0","","0","0","0","","",""
"080004","0000","0","259500","260000","263000","264000","264500","266500","268500","269500","272000","285000","258000","255000","253000","251500","251000","250500","250000","249500","249000","248500","283","2","23","23","100","50","50","84","222","2","10","130","15","17","16","5","10","5","5","191","839","404","0","0","0","0","0","-253000","5","-100.00","0","-359","5","0","0","","0","0","0","","",""
"080004","0001","0","259000","259500","260000","263000","264000","264500","266500","268500","269500","272000","253000","251500","251000","250500","250000","249500","249000","248500","247500","247000","162","283","2","23","23","100","50","50","84","222","25","16","16","5","10","5","5","191","50","2","999","325","0","0","0","0","0","-253000","5","-100.00","323","160","-79","0","0","","0","0","0","","",""
"080005","0000","0","259000","259500","260000","263000","264000","264500","266500","268500","269500","272000","255500","253000","251500","251000","250500","250000","249500","249000","248500","248000","162","283","2","23","23","100","50","50","84","222","50","25","16","16","5","10","5","5","191","5","999","328","0","0","0","0","0","-253000","5","-100.00","323","0","0","0","0","","0","0","0","","",""
"080005","0001","0","259000","259500","260000","263000","264000","264500","266500","268500","269500","272000","255500","253000","251500","251000","250500","250000","249500","249000","248500","248000","162","283","2","23","23","100","50","50","84","222","50","25","16","16","5","10","5","35","191","5","999","358","0","0","0","0","0","-253000","5","-100.00","323","0","30","0","0","","0","0","0","","",""
"080005","0002","0","259000","259500","260000","263000","264000","264500","266500","268500","269500","272000","255500","253000","251500","251000","250500","250000","249500","249000","248500","248000","162","283","2","26","23","100","50","50","84","222","50","25","16","16","5","10","5","35","191","5","1002","358","0","0","0","0","0","-253000","5","-100.00","323","3","0","0","0","","0","0","0","","",""
"080006","0000","0","258500","259000","259500","260000","262000","263000","264000","264500","265000","266500","254000","253000","251500","251000","250500","250000","249500","249000","248500","248000","16","178","283","2","159","26","23","100","1","50","50","25","16","16","5","10","5","35","191","5","838","358","0","0","0","0","0","-253000","5","-100.00","323","-101","0","0","0","","0","0","0","","",""
"080006","0001","0","258500","259000","259500","260000","262000","263000","264000","264500","265000","266500","254000","253000","251500","251000","250500","250000","249500","249000","248500","248000","16","178","283","2","159","26","23","100","1","50","50","33","16","16","5","10","5","35","191","5","838","366","0","0","0","0","0","-253000","5","-100.00","323","0","8","0","0","","0","0","0","","",""
"080006","0002","0","258500","259000","259500","260000","262000","263000","264000","264500","265000","266500","254500","254000","253000","251500","251000","250500","250000","249500","249000","248500","16","178","283","2","159","26","23","100","1","50","7","50","33","16","16","5","10","5","35","191","838","368","0","0","0","0","0","-253000","5","-100.00","323","0","2","0","0","","0","0","0","","",""
"080006","0003","0","258500","259000","259500","260000","262000","263000","264000","264500","265000","266500","254500","254000","253000","251500","251000","250500","250000","249500","249000","248500","16","178","283","2","159","26","23","100","1","50","7","50","33","16","16","5","11","5","35","191","838","369","0","0","0","0","0","-253000","5","-100.00","323","0","1","0","0","","0","0","0","","",""
"080006","0004","0","258500","259000","259500","260000","262000","263000","264000","264500","265000","266500","254500","254000","253000","251500","251000","250500","250000","249500","249000","248500","16","178","283","2","179","26","23","100","1","50","7","50","33","16","16","5","11","5","35","191","858","369","0","0","0","0","0","-253000","5","-100.00","323","20","0","0","0","","0","0","0","","",""
"080007","0000","0","258500","259500","260000","262000","263000","264000","264500","265000","266500","268500","254500","254000","253000","251500","251000","250500","250000","249500","249000","248500","13","33","2","179","26","23","100","1","50","50","7","50","37","16","16","5","11","5","35","191","477","373","0","0","0","0","0","-253000","5","-100.00","767","0","4","0","0","","0","0","0","","",""
"080007","0001","0","258000","258500","259500","260000","262000","263000","264000","264500","265000","266500","254000","253000","251500","251000","250500","250000","249500","249000","248500","248000","11","33","9","2","179","26","23","100","1","50","50","37","16","16","5","11","5","35","191","5","434","371","0","0","0","0","0","-253000","5","-100.00","775","2","0","0","0","","0","0","0","","",""
"080007","0002","0","257500","258000","258500","259500","260000","262000","263000","264000","264500","265000","254000","253000","251500","251000","250500","250000","249500","249000","248500","248000","9","16","24","9","2","179","26","23","100","1","50","37","16","16","5","211","5","35","191","5","389","571","0","0","0","0","0","-253000","5","-100.00","775","-45","200","0","0","","0","0","0","","",""
"080007","0003","0","257500","258000","258500","259500","260000","262000","263000","264000","264500","265000","254500","254000","253000","251000","250500","250000","249500","249000","248500","248000","9","16","24","9","2","179","26","23","100","1","16","50","37","16","5","211","5","35","191","6","389","572","0","0","0","0","0","-253000","5","-100.00","775","0","1","0","0","","0","0","0","","",""
"080008","0000","0","257500","258000","258500","259500","260000","262000","263000","264000","264500","265000","254500","254000","253000","251000","250500","250000","249500","249000","248500","248000","9","16","24","9","4","179","26","23","100","1","16","50","53","16","5","211","5","35","191","6","391","588","0","0","0","0","0","-253000","5","-100.00","775","2","16","0","0","","0","0","0","","",""
"080008","0001","0","257500","258000","258500","259500","260000","262000","263000","264000","264500","265000","254500","254000","253000","251000","250500","250000","249500","249000","248500","248000","9","16","24","9","4","179","26","23","100","1","16","50","53","16","45","211","5","35","191","6","391","628","0","0","0","0","0","-253000","5","-100.00","775","0","40","0","0","","0","0","0","","",""
"080008","0002","0","257500","258000","258500","259500","260000","262000","263000","264000","264500","265000","254500","254000","253000","251000","250500","250000","249500","249000","248500","248000","9","16","24","9","4","179","26","23","100","1","16","50","53","16","45","221","5","35","191","6","391","638","0","0","0","0","0","-253000","5","-100.00","775","0","10","0","0","","0","0","0","","",""
"080008","0003","0","257500","258000","258500","259500","260000","262000","263000","264000","264500","265000","254500","254000","253000","251000","250500","250000","249500","249000","248500","248000","9","16","24","9","4","179","26","23","100","1","16","50","53","16","45","221","5","35","201","6","391","648","0","0","0","0","0","-253000","5","-100.00","775","0","10","0","0","","0","0","0","","",""
"080009","0000","0","257500","258000","258500","259500","260000","262000","263000","264000","264500","265000","254500","254000","253000","252500","251000","250500","250000","249500","249000","248500","9","16","24","9","4","179","26","23","100","1","16","50","53","20","16","45","221","5","35","201","391","662","0","0","0","0","0","-253000","5","-100.00","775","0","14","0","0","","0","0","0","","",""
"080009","0001","0","261000","261500","262000","263000","264000","264500","265000","266500","268500","269500","254500","254000","253000","252500","251000","250500","250000","249500","249000","248500","8","8","91","26","23","100","1","50","50","84","16","50","53","20","16","45","221","5","35","201","441","662","0","0","0","0","0","-253000","5","-100.00","933","50","0","0","0","","0","0","0","","",""
"080010","0000","0","259000","259500","262000","263000","264000","264500","265000","266500","268500","269500","254500","254000","253000","252500","251000","250500","250000","249500","249000","248500","8","9","91","26","23","100","1","50","50","84","16","50","53","20","16","45","221","5","40","201","442","667","0","0","0","0","0","-253000","5","-100.00","933","1","5","0","0","","0","0","0","","",""
"080010","0001","0","259000","259500","260000","262000","263000","264000","264500","265000","266500","268500","254500","254000","253000","252500","251000","250500","250000","249500","249000","248500","8","9","80","91","26","23","100","1","50","50","16","50","53","20","16","45","223","5","40","201","438","669","0","0","0","0","0","-253000","5","-100.00","933","-4","2","0","0","","0","0","0","","",""
"080011","0000","0","259000","259500","260000","262000","263000","264000","264500","265000","266500","268500","254500","254000","253000","252500","251000","250500","250000","249500","249000","248500","8","9","81","91","26","23","100","1","50","50","16","50","53","20","16","45","223","5","40","203","439","671","0","0","0","0","0","-253000","5","-100.00","933","1","2","0","0","","0","0","0","","",""
"080011","0001","0","265000","266500","268500","269500","272000","273000","276500","285000","288000","290000","264000","255000","254500","254000","253000","252500","251000","250500","250000","249500","1","50","50","85","222","400","160","2","20","382","3","25","36","50","53","20","16","45","223","5","1372","476","0","0","0","0","0","-253000","5","-100.00","1280","933","-215","0","0","","0","0","0","","",""
"080011","0002","0","265000","266500","268500","269500","272000","273000","276500","285000","288000","290000","264000","255500","255000","254500","254000","253000","252500","251000","250500","250000","1","50","50","85","222","400","160","2","20","382","3","10","25","36","50","28","20","16","45","223","1372","456","0","0","0","0","0","-253000","5","-100.00","1280","0","-20","0","0","","0","0","0","","",""
"080012","0000","0","265000","266500","268500","269500","273000","276500","285000","288000","290000","300000","264500","264000","256000","255500","255000","254500","254000","253000","252500","251000","1","50","50","85","400","160","2","20","382","1","10","3","16","10","25","20","50","28","20","16","1151","198","0","0","0","0","0","-253000","5","-100.00","1280","-221","0","0","0","","0","0","0","","",""
"080012","0001","0","265000","266500","268500","269500","273000","276500","285000","288000","290000","300000","264500","264000","256000","255500","255000","254500","254000","253000","252500","251000","1","50","50","85","400","160","2","20","382","1","10","3","16","10","25","20","50","29","20","16","1151","199","0","0","0","0","0","-253000","5","-100.00","1280","0","1","0","0","","0","0","0","","",""
"080012","0002","0","265000","266500","268500","269500","273000","276500","285000","288000","290000","300000","264500","264000","256000","255500","255000","254500","254000","253000","252500","251000","1","50","50","85","400","160","2","20","382","1","10","3","16","10","25","20","50","29","20","16","1151","199","0","0","0","0","0","-253000","5","-100.00","1280","0","0","0","0","","0","0","0","","",""
"080013","0000","0","265000","266500","268500","269500","273000","276500","285000","288000","290000","300000","264500","264000","256000","255500","255000","254500","254000","253000","252500","251000","1","50","50","85","400","160","2","20","382","1","10","3","16","10","25","50","50","29","20","16","1151","229","0","0","0","0","0","-253000","5","-100.00","1280","0","30","0","0","","0","0","0","","",""
"080013","0001","0","265000","266500","268500","269500","273000","276500","285000","288000","290000","300000","264500","264000","256000","255500","255000","254500","254000","253000","252500","251000","21","50","60","85","400","160","2","20","382","1","4","3","16","10","25","50","50","29","20","16","1181","223","0","0","0","0","0","-253000","5","-100.00","1286","20","-6","0","0","","0","0","0","","",""
"080013","0002","0","265000","266500","268500","269500","273000","274000","276500","285000","288000","290000","264500","264000","256000","255500","255000","254500","254000","253000","252500","251000","21","50","60","85","400","4","160","2","20","382","4","3","16","10","25","50","50","29","20","16","1184","223","0","0","0","0","0","-253000","5","-100.00","1286","3","0","0","0","","0","0","0","","",""
"080013","0003","0","265000","266500","268500","269500","273000","274000","276500","285000","288000","290000","264500","264000","256000","255500","255000","254500","254000","253000","252500","251000","21","50","60","85","400","4","160","2","20","382","4","3","16","10","25","50","50","39","20","16","1184","233","0","0","0","0","0","-253000","5","-100.00","1286","0","10","0","0","","0","0","0","","",""
"080014","0000","0","265000","266500","268500","269500","273000","274000","276500","285000","288000","290000","264500","264000","259000","256000","255500","255000","254500","254000","253000","252500","21","50","60","85","400","4","160","2","20","382","4","3","10","16","10","25","50","50","39","20","1184","227","0","0","0","0","0","-253000","5","-100.00","1286","0","-6","0","0","","0","0","0","","",""
"080014","0001","0","265000","266500","268500","269500","273000","274000","276500","285000","288000","290000","264500","264000","259000","256000","255500","255000","254500","254000","253000","252500","21","50","60","85","400","4","160","2","20","382","3","3","10","16","10","25","50","50","39","20","1184","226","0","0","0","0","0","-253000","5","-100.00","1287","0","-1","0","0","","0","0","0","","",""
"080014","0002","0","265000","266500","268500","269500","273000","274000","276500","285000","288000","290000","264000","259000","256000","255500","255000","254500","254000","253000","252500","251000","21","50","60","85","400","4","160","2","20","382","1","10","16","10","25","50","50","39","20","16","1184","237","0","0","0","0","0","-253000","5","-100.00","1292","0","11","0","0","","0","0","0","","",""
"080014","0003","0","265000","266500","268500","269500","273000","274000","276500","280000","285000","288000","264000","259000","256000","255500","255000","254500","254000","253000","252500","251000","21","50","60","85","400","4","160","2","2","20","1","10","16","10","125","50","50","39","20","15","804","336","0","0","0","0","0","-253000","5","-100.00","1292","0","-1","0","0","","0","0","0","","",""
"080015","0000","0","265000","266500","268500","269500","273000","274000","276500","280000","285000","288000","264000","259000","256000","255500","255000","254500","254000","253000","252500","251000","21","50","60","85","400","4","160","25","2","20","1","10","16","10","125","50","150","39","20","15","827","436","0","0","0","0","0","-253000","5","-100.00","1292","23","0","0","0","","0","0","0","","",""
"080015","0001","0","265000","266500","268500","269500","273000","274000","276500","280000","284000","285000","264000","259000","256000","255500","255000","254500","254000","253000","252500","251000","21","50","60","85","400","4","160","25","60","2","1","10","16","10","125","50","150","39","20","15","867","436","0","0","0","0","0","-253000","5","-100.00","1292","40","0","0","0","","0","0","0","","",""
"080016","0000","0","264500","265000","266500","268500","269500","273000","274000","276500","280000","284000","264000","259000","256000","255500","255000","254500","254000","253000","252500","251000","30","125","50","60","85","400","4","160","25","60","1","10","16","10","125","50","150","39","20","15","999","436","0","0","0","0","0","-253000","5","-100.00","1292","132","0","0","0","","0","0","0","","",""
"080016","0001","0","264500","265000","266500","268500","269500","273000","274000","276500","280000","284000","264000","259000","256000","255500","255000","254500","254000","253000","252500","251000","30","125","50","60","85","400","4","160","25","60","1","10","16","10","145","50","150","42","20","15","999","459","0","0","0","0","0","-253000","5","-100.00","1292","0","3","0","0","","0","0","0","","",""
"080016","0002","0","264500","265000","266500","268500","269500","273000","274000","276500","280000","284000","264000","259000","256000","255500","255000","254500","254000","253000","252500","251000","2221","125","50","60","85","400","4","160","25","60","1","10","16","10","145","50","150","42","20","15","3190","459","0","0","0","0","0","-253000","5","-100.00","1292","2191","0","0","0","","0","0","0","","",""
"080016","0003","0","261500","262000","264500","265000","266500","268500","269500","273000","274000","276500","259000","256000","255500","255000","254500","254000","253000","252500","251000","250500","7","28","2231","147","50","60","85","400","4","160","10","16","10","145","50","150","42","20","15","78","3172","536","0","0","0","0","0","-253000","5","-100.00","1293","-18","77","0","0","","0","0","0","","",""
"080017","0000","0","261500","262000","264500","265000","266500","268500","269500","273000","274000","276500","259000","256000","255500","255000","254500","254000","253000","252500","251000","250500","7","28","2263","147","50","60","185","400","4","160","10","16","10","145","50","150","42","20","15","78","3304","536","0","0","0","0","0","-253000","5","-100.00","1293","132","0","0","0","","0","0","0","","",""
"080017","0001","0","261500","262000","264000","264500","265000","266500","268500","269500","273000","274000","259000","256000","255500","255000","254500","254000","253000","252500","251000","250500","7","28","2","2263","147","50","60","185","400","4","10","16","10","145","50","150","42","20","15","78","3146","536","0","0","0","0","0","-253000","5","-100.00","1293","-158","0","0","0","","0","0","0","","",""
"080017","0002","0","261500","262000","264000","264500","265000","266500","268500","269500","273000","274000","259000","256000","255500","255000","254500","254000","253000","252500","251000","250500","7","28","102","2264","147","50","60","185","400","4","10","16","10","145","50","150","154","20","15","78","3247","648","0","0","0","0","0","-253000","5","-100.00","1293","101","112","0","0","","0","0","0","","",""
"080018","0000","0","261500","262000","264000","264500","265000","266500","268500","269500","273000","274000","259000","256000","255500","255000","254500","254000","253000","252500","251000","250500","7","28","122","2264","147","50","60","185","400","4","10","16","10","145","50","180","154","20","15","78","3267","678","0","0","0","0","0","-253000","5","-100.00","1293","0","30","0","0","","0","0","0","","",""
"080018","0001","0","261500","262000","264000","264500","265000","266500","268500","269500","273000","274000","259000","256000","255500","255000","254500","254000","253000","252500","251000","250500","7","28","183","2266","147","50","60","185","400","4","10","16","10","145","50","180","154","20","15","78","3330","678","0","0","0","0","0","-253000","5","-100.00","1293","2","0","0","0","","0","0","0","","",""
"080018","0002","0","261500","262000","264000","264500","265000","266500","268500","269500","273000","274000","259000","256000","255500","255000","254500","254000","253000","252500","251000","250500","7","28","203","2266","147","50","60","185","400","4","10","16","10","145","50","180","154","20","15","78","3350","678","0","0","0","0","0","-253000","5","-100.00","1294","0","0","0","0","","0","0","0","","",""
"080019","0000","0","261500","262000","264000","264500","265000","266500","268500","269500","273000","274000","259000","256000","255500","255000","254500","254000","253000","252500","251000","250500","7","28","203","2266","147","50","60","185","400","4","10","16","10","195","50","180","154","20","15","78","3350","728","0","0","0","0","0","-253000","5","-100.00","1294","0","50","0","0","","0","0","0","","",""
"080019","0001","0","261500","262000","264000","264500","265000","266500","268500","269500","273000","274000","259000","256000","255500","255000","254500","254000","253000","252500","251000","250500","7","28","204","2266","147","50","60","185","400","4","10","16","10","195","50","180","154","20","15","78","3351","728","0","0","0","0","0","-253000","5","-100.00","1294","1","0","0","0","","0","0","0","","",""
"080019","0002","0","261000","261500","262000","264000","264500","265000","266500","268500","269500","273000","259000","256000","255500","255000","254500","254000","253000","252500","251000","250500","7","238","21","267","2266","147","50","60","185","400","10","16","10","195","50","180","154","20","15","78","3641","728","0","0","0","0","0","-253000","5","-100.00","1294","42","0","0","0","","0","0","0","","",""
"080019","0003","0","261000","261500","262000","264000","264500","265000","266500","268500","269500","270000","259000","256000","255500","255000","254500","254000","253000","252500","251000","250500","7","318","21","268","2276","147","50","60","185","2","10","16","10","195","50","180","154","20","15","78","3334","728","0","0","0","0","0","-253000","5","-100.00","1294","11","0","0","0","","0","0","0","","",""
"080020","0000","0","261000","261500","262000","264000","264500","265000","266500","268500","269500","270000","259000","256000","255500","255000","254500","254000","253000","252500","251000","250500","7","318","21","268","2276","147","50","60","185","2","10","16","10","195","50","180","227","20","15","78","3334","801","0","0","0","0","0","-253000","5","-100.00","1298","0","73","0","0","","0","0","0","","",""
"080020","0001","0","261000","261500","262000","264000","264500","265000","266500","268500","269500","270000","259000","256000","255500","255000","254500","254000","253000","252500","251000","250500","7","318","21","268","2276","147","50","60","185","2","10","16","10","195","50","130","227","20","15","78","3334","751","0","0","0","0","0","-253000","5","-100.00","1298","0","-50","0","0","","0","0","0","","",""
"080020","0002","0","261000","261500","262000","264000","264500","265000","266500","268500","269500","270000","259000","256000","255500","255000","254500","254000","253000","252500","251000","250500","7","318","21","268","2278","147","50","60","185","2","10","16","10","195","50","130","227","20","15","78","3336","751","0","0","0","0","0","-253000","5","-100.00","1298","2","0","0","0","","0","0","0","","",""
"080021","0000","0","261000","261500","262000","264000","264500","265000","266500","268500","269500","270000","259000","256000","255500","255000","254500","254000","253000","252500","251000","250500","7","318","21","298","2278","147","50","60","185","2","10","16","10","195","50","130","227","20","15","78","3366","751","0","0","0","0","0","-253000","5","-100.00","1298","20","0","0","0","","0","0","0","","",""
"080021","0001","0","261000","261500","262000","264000","264500","265000","266500","268500","269500","270000","259000","256000","255500","255000","254500","254000","253000","252500","251000","250500","7","318","21","317","2278","147","50","60","185","2","10","16","10","195","50","130","227","20","15","78","3385","751","0","0","0","0","0","-253000","5","-100.00","1298","19","0","0","0","","0","0","0","","",""
"080021","0002","0","261000","261500","262000","264000","264500","265000","266500","268500","269500","270000","259000","256000","255500","255000","254500","254000","253000","252500","251000","250500","7","318","21","318","2278","147","50","60","185","2","10","16","10","195","50","130","227","20","15","78","3386","751","0","0","0","0","0","-253000","5","-100.00","1298","1","0","0","0","","0","0","0","","",""
"080022","0000","0","261000","261500","262000","263000","264000","264500","265000","266500","268500","269500","259000","256000","255500","255000","254500","254000","253000","252500","251000","250500","7","336","21","20","318","2278","147","50","60","185","10","16","10","195","50","130","227","20","15","78","3422","751","0","0","0","0","0","-253000","5","-100.00","1298","18","0","0","0","","0","0","0","","",""
"080022","0001","0","261000","261500","262000","263000","264000","264500","265000","266500","268500","269500","259000","256000","255500","255000","254500","254000","253000","252500","251000","250500","7","336","21","20","338","2278","147","50","60","185","10","16","10","195","50","130","227","20","5","78","3442","741","0","0","0","0","0","-253000","5","-100.00","1298","20","0","0","0","","0","0","0","","",""
"080022","0002","0","261000","261500","262000","263000","263500","264000","264500","265000","266500","268500","259000","256000","255500","255000","254500","254000","253000","252500","251000","250500","7","336","21","20","2","373","2278","147","50","60","10","16","29","195","50","130","227","20","5","78","3294","760","0","0","0","0","0","-253000","5","-100.00","1298","-173","0","0","0","","0","0","0","","",""
"080022","0003","0","261000","261500","262000","263000","263500","264000","264500","265000","266500","268000","259000","256000","255500","255000","254500","254000","253000","252500","251000","250500","7","336","21","20","2","373","2278","229","50","2","10","16","29","195","50","130","227","20","5","78","3318","760","0","0","0","0","0","-253000","5","-100.00","1298","82","0","0","0","","0","0","0","","",""
"080022","0004","0","260500","261000","261500","262000","263000","263500","264000","264500","265000","266500","259000","256000","255500","255000","254500","254000","253000","252500","251000","250500","7","12","329","21","20","2","378","2278","229","50","10","16","29","195","50","130","227","20","5","78","3326","760","0","0","0","0","0","-253000","5","-100.00","1298","5","0","0","0","","0","0","0","","",""
"080022","0005","0","260500","261000","261500","262000","263000","263500","264000","264500","265000","266500","259000","256000","255500","255000","254500","254000","253000","252500","251000","250500","7","12","329","21","20","3","378","2326","229","50","10","16","29","195","50","130","227","20","5","78","3375","760","0","0","0","0","0","-253000","5","-100.00","1298","49","0","0","0","","0","0","0","","",""
"080023","0000","0","260500","261000","261500","262000","263000","263500","264000","264500","265000","266500","259000","256000","255500","255000","254500","254000","253000","252500","251000","250500","7","12","329","21","20","3","378","2326","229","50","10","16","29","195","50","130","227","20","10","78","3375","765","0","0","0","0","0","-253000","5","-100.00","1298","0","5","0","0","","0","0","0","","",""
"080023","0001","0","260500","261000","261500","262000","263000","263500","264000","264500","265000","266500","259000","256000","255500","255000","254500","254000","253000","252500","251000","250500","7","12","329","21","20","3","378","2326","229","50","10","16","29","195","50","130","892","20","10","78","3375","1430","0","0","0","0","0","-253000","5","-100.00","1298","0","665","0","0","","0","0","0","","",""
"080023","0002","0","260500","261000","261500","262000","263000","263500","264000","264500","265000","266000","259000","256000","255500","255000","254500","254000","253000","252500","251000","250500","7","13","329","21","20","3","380","2326","229","2","10","16","29","195","50","130","892","20","10","78","3330","1430","0","0","0","0","0","-253000","5","-100.00","1298","-48","0","0","0","","0","0","0","","",""
"080024","0000","0","260500","261000","261500","262000","263000","263500","264000","264500","265000","266000","259000","256000","255500","255000","254500","254000","253000","252500","251000","250500","7","15","329","21","160","3","381","2326","229","2","10","16","29","195","50","130","892","20","10","78","3473","1430","0","0","0","0","0","-253000","5","-100.00","1298","140","0","0","0","","0","0","0","","",""
"080024","0001","0","260500","261000","261500","262000","263000","263500","264000","264500","265000","266000","259000","256000","255500","255000","254500","254000","253000","252500","251000","250500","7","16","329","21","160","3","386","2326","229","2","10","16","29","195","50","130","892","20","10","78","3479","1430","0","0","0","0","0","-253000","5","-100.00","1298","1","0","0","0","","0","0","0","","",""
"080024","0002","0","260500","261000","261500","262000","263000","263500","264000","264500","265000","266000","259000","256000","255500","255000","254500","254000","253000","252500","251000","250500","7","16","406","21","160","3","386","2329","229","2","10","16","29","195","150","130","892","20","10","78","3559","1530","0","0","0","0","0","-253000","5","-100.00","1298","77","0","0","0","","0","0","0","","",""
"080024","0003","0","260500","261000","261500","262000","263000","263500","264000","264500","265000","266000","259000","256000","255500","255000","254500","254000","253000","252500","251000","250500","7","37","406","51","160","3","386","2329","229","2","10","16","29","195","150","130","892","20","10","78","3610","1530","0","0","0","0","0","-253000","5","-100.00","1298","20","0","0","0","","0","0","0","","",""
"080024","0004","0","261000","261500","262000","263000","263500","264000","264500","265000","266000","266500","259000","256000","255500","255000","254500","254000","253000","252500","251000","250500","11","416","51","160","3","385","2329","229","2","50","10","16","29","195","150","130","897","20","10","78","3636","1535","0","0","0","0","0","-253000","5","-100.00","1398","17","5","0","0","","0","0","0","","",""
"080025","0000","0","261000","261500","262000","262500","263000","263500","264000","264500","265000","266000","259000","256000","255500","255000","254500","254000","253000","252500","251000","250500","11","416","51","1","160","3","390","2329","229","2","10","16","30","195","150","140","897","20","10","78","3592","1546","0","0","0","0","0","-253000","5","-100.00","1398","0","11","0","0","","0","0","0","","",""
"080025","0001","0","261000","261500","262000","262500","263000","263500","264000","264500","265000","266000","259000","256000","255500","255000","254500","254000","253000","252500","251000","250500","18","416","51","1","160","3","390","2329","229","2","10","16","30","195","150","140","897","20","10","78","3599","1546","0","0","0","0","0","-253000","5","-100.00","1398","7","0","0","0","","0","0","0","","",""
"080025","0002","0","260500","261000","261500","262000","262500","263000","263500","264000","264500","265000","259000","256000","255500","255000","254500","254000","253000","252500","251000","250500","8","18","416","51","1","160","3","390","2329","229","10","16","30","195","150","140","897","20","10","78","3605","1546","0","0","0","0","0","-253000","5","-100.00","1398","6","0","0","0","","0","0","0","","",""
"080025","0003","0","260500","261000","261500","262000","262500","263000","263500","264000","264500","265000","259000","256000","255500","255000","254500","254000","253000","252500","251000","250500","8","18","416","51","1","160","3","430","2329","229","10","16","30","195","150","140","897","20","10","78","3645","1546","0","0","0","0","0","-253000","5","-100.00","1398","40","0","0","0","","0","0","0","","",""
"080025","0004","0","260500","261000","261500","262000","262500","263000","263500","264000","264500","265000","259500","259000","256000","255500","255000","254500","254000","253000","252500","251000","8","249","185","51","1","160","3","430","2329","229","10","10","16","30","195","150","140","897","20","10","3645","1478","0","0","0","0","0","-253000","5","-100.00","1398","0","-68","0","0","","0","0","0","","",""
"080026","0000","0","260500","261000","261500","262000","262500","263000","263500","264000","264500","265000","259500","259000","255500","255000","254500","254000","253000","252500","251000","250500","7","251","185","51","1","160","3","430","2329","229","8","10","30","195","150","140","897","20","10","78","3646","1538","0","0","0","0","0","-253000","5","-100.00","1401","-1","-2","0","0","","0","0","0","","",""
"080026","0001","0","260000","260500","261000","261500","262000","262500","263000","263500","264000","264500","259500","259000","255500","255000","254500","254000","253000","252500","251000","250500","2","7","241","185","53","1","160","3","430","2329","6","10","30","195","150","140","897","20","10","78","3411","1536","0","0","0","0","0","-253000","5","-100.00","1403","1","0","0","0","","0","0","0","","",""
"080026","0002","0","260000","260500","261000","261500","262000","262500","263000","263500","264000","264500","259500","259000","256500","255500","255000","254500","254000","253000","252500","251000","2","7","241","185","53","1","160","3","431","2329","6","10","10","30","195","150","140","897","20","10","3412","1468","0","0","0","0","0","-253000","5","-100.00","1403","1","-68","0","0","","0","0","0","","",""
"080026","0003","0","260000","260500","261000","261500","262000","262500","263000","263500","264000","264500","259500","259000","256500","255500","255000","254500","254000","253000","252500","251000","2","7","241","185","53","1","160","53","431","2329","6","10","10","30","195","150","140","897","20","10","3462","1468","0","0","0","0","0","-253000","5","-100.00","1403","50","0","0","0","","0","0","0","","",""
"080026","0004","0","260000","260500","261000","261500","262000","262500","263000","263500","264000","264500","259000","256500","255500","255000","254500","254000","253000","252500","251000","250500","8","7","241","185","54","1","160","53","432","2329","8","10","30","195","150","140","897","20","10","78","3470","1538","0","0","0","0","0","-253000","5","-100.00","1411","7","70","0","0","","0","0","0","","",""
"080027","0000","0","260000","260500","261000","261500","262000","262500","263000","263500","264000","264500","259000","256500","255500","255000","254500","254000","253000","252500","251000","250500","8","7","241","187","54","1","160","53","332","2330","8","10","30","195","150","140","897","20","10","78","3373","1538","0","0","0","0","0","-253000","5","-100.00","1411","1","0","0","0","","0","0","0","","",""
"080027","0001","0","260000","260500","261000","261500","262000","262500","263000","263500","264000","264500","259000","256500","255500","255000","254500","254000","253000","252500","251000","250500","8","7","261","187","54","1","160","53","332","2330","8","10","30","195","150","140","897","20","10","78","3393","1538","0","0","0","0","0","-253000","5","-100.00","1411","20","0","0","0","","0","0","0","","",""
"080027","0002","0","260000","260500","261000","261500","262000","262500","263000","263500","264000","264500","259000","256500","256000","255500","255000","254500","254000","253000","252500","251000","8","7","261","187","54","1","160","53","332","2330","8","10","20","30","195","130","140","897","20","10","3393","1460","0","0","0","0","0","-253000","5","-100.00","1411","0","-78","0","0","","0","0","0","","",""
"080027","0003","0","260000","260500","261000","261500","262000","262500","263000","263500","264000","264500","259000","256500","256000","255500","255000","254500","254000","253000","252500","251000","8","7","261","187","54","1","160","53","333","2330","8","10","20","30","195","130","140","897","20","10","3394","1460","0","0","0","0","0","-253000","5","-100.00","1411","1","0","0","0","","0","0","0","","",""
"080027","0004","0","260000","260500","261000","261500","262000","262500","263000","263500","264000","264500","259000","256500","256000","255500","255000","254500","254000","253000","252500","251000","8","7","261","187","54","1","160","53","333","2337","8","10","20","30","195","130","140","897","20","10","3401","1460","0","0","0","0","0","-253000","5","-100.00","1411","7","0","0","0","","0","0","0","","",""
"080028","0000","0","259500","260000","261000","261500","262000","262500","263000","263500","264000","264500","259000","256500","256000","255500","255000","254500","254000","253000","252500","251000","6","88","261","187","54","1","160","53","333","2337","8","10","20","30","195","130","140","897","20","10","3480","1460","0","0","0","0","0","-253000","5","-100.00","1411","79","0","0","0","","0","0","0","","",""
"080028","0001","0","259500","260000","261000","261500","262000","262500","263000","263500","264000","264500","259000","256500","256000","255500","255000","254500","254000","253000","252500","251000","6","88","271","187","54","1","160","53","383","2337","8","10","20","30","195","130","140","897","20","10","3540","1460","0","0","0","0","0","-253000","5","-100.00","1411","50","0","0","0","","0","0","0","","",""
"080028","0002","0","259500","260000","261000","261500","262000","262500","263000","263500","264000","264500","259000","256500","256000","255500","255000","254500","254000","253000","252500","251000","6","88","472","187","54","1","160","53","392","2337","11","10","20","30","195","130","140","897","20","10","3750","1463","0","0","0","0","0","-253000","5","-100.00","1412","0","-1","0","0","","0","0","0","","",""
"080028","0003","0","259500","260000","261000","261500","262000","262500","263000","263500","264000","264500","259000","256500","256000","255500","255000","254500","254000","253000","252500","251000","6","108","479","187","68","1","140","53","392","2337","11","10","20","30","195","130","140","897","20","10","3771","1463","0","0","0","0","0","-253000","5","-100.00","1412","0","0","0","0","","0","0","0","","",""
"080029","0000","0","259500","260000","261000","261500","262000","262500","263000","263500","264000","264500","259000","256500","256000","255500","255000","254500","254000","253000","252500","251000","3","102","489","187","68","1","140","53","392","2337","9","10","20","30","195","130","140","897","20","10","3772","1461","0","0","0","0","0","-253000","5","-100.00","1444","-3","0","0","0","","0","0","0","","",""
"080029","0001","0","259500","260000","261000","261500","262000","262500","263000","263500","264000","264500","259000","257000","256500","256000","255500","255000","254500","254000","253000","252500","6","102","489","187","68","1","140","53","402","2337","9","10","10","20","30","195","130","140","897","20","3785","1461","0","0","0","0","0","-253000","5","-100.00","1444","3","0","0","0","","0","0","0","","",""
"080029","0002","0","259000","259500","260000","261000","261500","262000","262500","263000","263500","264000","257000","256500","256000","255500","255000","254500","254000","253000","252500","251000","1","6","102","489","187","68","1","140","53","402","10","10","20","30","195","130","140","897","20","10","1449","1462","0","0","0","0","0","-253000","5","-100.00","1453","-2336","1","0","0","","0","0","0","","",""
"080029","0003","0","259000","259500","260000","261000","261500","262000","262500","263000","263500","264000","257000","256500","256000","255500","255000","254500","254000","253000","252500","251000","1","6","102","489","187","88","1","140","56","402","10","10","20","30","195","130","140","897","20","10","1472","1462","0","0","0","0","0","-253000","5","-100.00","1453","3","0","0","0","","0","0","0","","",""
"080030","0000","0","259000","259500","260000","261000","261500","262000","262500","263000","263500","264000","257000","256500","256000","255500","255000","254500","254000","253000","252500","251000","1","6","102","527","169","88","1","140","56","402","10","10","20","30","195","130","140","897","20","10","1492","1462","0","0","0","0","0","-253000","5","-100.00","1453","0","0","0","0","","0","0","0","","",""
"080030","0001","0","259000","259500","260000","261000","261500","262000","262500","263000","263500","264000","257000","256500","256000","255500","255000","254500","254000","253500","253000","252500","1","6","102","527","169","88","51","140","56","402","10","10","20","30","195","130","140","10","897","20","1542","1462","0","0","0","0","0","-253000","5","-100.00","1453","50","0","0","0","","0","0","0","","",""
"080030","0002","0","259000","259500","260000","261000","261500","262000","262500","263000","263500","264000","257000","256500","256000","255500","255000","254500","254000","253500","253000","252500","1","6","102","527","169","88","51","140","66","402","10","10","20","30","195","130","140","10","897","20","1552","1462","0","0","0","0","0","-253000","5","-100.00","1453","10","0","0","0","","0","0","0","","",""
"080030","0003","0","260000","261000","261500","262000","262500","263000","263500","264000","264500","265000","257000","256500","256000","255500","255000","254500","254000","253500","253000","252500","102","527","169","88","51","140","66","402","2337","229","10","10","20","30","195","130","140","10","897","20","4111","1462","0","0","0","0","0","-253000","5","-100.00","1453","2559","0","0","0","","0","0","0","","",""
"080030","0004","0","260000","261000","261500","262000","262500","263000","263500","264000","264500","265000","259000","257000","256500","256000","255500","255000","254500","254000","253500","253000","102","527","169","88","51","140","66","402","2337","229","1","10","10","50","30","195","130","140","10","897","4111","1473","0","0","0","0","0","-253000","5","-100.00","1453","0","30","0","0","","0","0","0","","",""
"080031","0000","0","260000","260500","261000","261500","262000","262500","263000","263500","264000","264500","259000","257000","256500","256000","255500","255000","254500","254000","253500","253000","102","20","527","169","88","51","140","66","402","2340","1","10","10","50","30","195","130","140","10","897","3905","1473","0","0","0","0","0","-253000","5","-100.00","1453","3","0","0","0","","0","0","0","","",""
"080031","0001","0","260000","260500","261000","261500","262000","262500","263000","263500","264000","264500","259000","257000","256500","256000","255500","255000","254500","254000","253500","253000","102","20","527","169","89","51","140","66","402","2340","1","10","10","50","30","195","130","140","10","898","3906","1474","0","0","0","0","0","-253000","5","-100.00","1453","1","0","0","0","","0","0","0","","",""
"080031","0002","0","259000","260000","260500","261000","261500","262000","262500","263000","263500","264000","257000","256500","256000","255500","255000","254500","254000","253500","253000","252500","1","102","20","527","169","89","51","140","66","402","10","10","50","30","195","130","140","10","898","20","1567","1493","0","0","0","0","0","-253000","5","-100.00","1454","-2339","19","0","0","","0","0","0","","",""
"080031","0003","0","259500","260000","260500","261000","261500","262000","262500","263000","263500","264000","259000","257000","256500","256000","255500","255000","254500","254000","253500","253000","1","102","20","527","170","89","51","140","66","402","39","10","10","50","30","195","130","140","10","898","1568","1512","0","0","0","0","0","-253000","5","-100.00","1514","-2304","-9","0","0","","0","0","0","","",""
"080031","0004","0","259500","260000","260500","261000","261500","262000","262500","263000","263500","264000","259000","257000","256500","256000","255500","255000","254500","254000","253500","253000","1","102","20","528","170","89","51","140","66","402","39","10","10","50","30","195","130","140","10","898","1569","1512","0","0","0","0","0","-253000","5","-100.00","1514","1","0","0","0","","0","0","0","","",""
"080032","0000","0","259500","260000","260500","261000","261500","262000","262500","263000","263500","264000","259000","257000","256500","256000","255500","255000","254500","254000","253500","253000","1","102","20","528","170","89","51","140","66","402","39","10","10","50","30","195","130","140","14","898","1569","1516","0","0","0","0","0","-253000","5","-100.00","1514","0","4","0","0","","0","0","0","","",""
"080032","0001","0","259500","260000","260500","261000","261500","262000","262500","263000","263500","264000","259000","257000","256500","256000","255500","255000","254500","254000","253500","253000","1","102","20","528","170","89","51","140","66","402","39","10","10","50","120","195","130","140","14","898","1569","1606","0","0","0","0","0","-253000","5","-100.00","1514","0","100","0","0","","0","0","0","","",""
"080032","0002","0","259500","260000","260500","261000","261500","262000","262500","263000","263500","264000","259000","257000","256500","256000","255500","255000","254500","254000","253500","253000","1","102","20","530","170","89","51","145","66","402","39","10","10","50","120","195","130","140","14","898","1576","1606","0","0","0","0","0","-253000","5","-100.00","1514","1","0","0","0","","0","0","0","","",""
"080032","0003","0","259500","260000","260500","261000","261500","262000","262500","263000","263500","264000","259000","257000","256500","256000","255500","255000","254500","254000","253500","253000","27","102","20","530","170","94","51","145","66","402","39","10","10","50","120","195","130","140","14","898","1607","1606","0","0","0","0","0","-253000","5","-100.00","1514","31","0","0","0","","0","0","0","","",""
"080033","0000","0","259500","260000","260500","261000","261500","262000","262500","263000","263500","264000","259000","257000","256500","256000","255500","255000","254500","254000","253500","253000","21","102","20","530","170","94","51","145","66","402","3","10","10","50","120","195","130","140","14","898","1601","1570","0","0","0","0","0","-253000","5","-100.00","1550","-6","-36","0","0","","0","0","0","","",""
"080033","0001","0","259500","260000","260500","261000","261500","262000","262500","263000","263500","264000","259000","257000","256500","256000","255500","255000","254500","254000","253500","253000","91","102","20","545","170","94","51","145","66","402","3","10","10","50","120","195","130","140","14","898","1686","1570","0","0","0","0","0","-253000","5","-100.00","1550","15","0","0","0","","0","0","0","","",""
"080033","0002","0","259500","260000","260500","261000","261500","262000","262500","263000","263500","264000","259000","257000","256500","256000","255500","255000","254500","254000","253500","253000","91","102","20","546","170","94","51","145","67","402","2","10","10","50","120","195","130","140","14","898","1688","1569","0","0","0","0","0","-253000","5","-100.00","1551","1","0","0","0","","0","0","0","","",""
"080033","0003","0","259500","260000","260500","261000","261500","262000","262500","263000","263500","264000","259000","257000","256500","256000","255500","255000","254500","254000","253500","253000","91","102","20","546","170","94","51","145","67","403","2","10","10","50","120","195","130","140","14","898","1689","1569","0","0","0","0","0","-253000","5","-100.00","1551","1","0","0","0","","0","0","0","","",""
"080033","0004","0","259500","260000","260500","261000","261500","262000","262500","263000","263500","264000","259000","257000","256500","256000","255500","255000","254500","254000","253500","253000","91","102","20","539","170","94","51","152","67","405","2","10","10","50","120","195","130","140","14","898","1691","1569","0","0","0","0","0","-253000","5","-100.00","1551","7","0","0","0","","0","0","0","","",""
"080034","0000","0","259000","259500","260000","260500","261000","261500","262000","262500","263000","263500","257000","256500","256000","255500","255000","254500","254000","253500","253000","252500","7","91","102","20","541","170","94","51","152","67","10","10","50","120","195","130","140","14","898","20","1295","1587","0","0","0","0","0","-253000","5","-100.00","1554","-398","18","0","0","","0","0","0","","",""
"080034","0001","0","259000","259500","260000","260500","261000","261500","262000","262500","263000","263500","257000","256500","256000","255500","255000","254500","254000","253500","253000","252500","207","91","102","20","341","170","94","51","152","67","10","10","50","120","195","130","140","14","898","20","1295","1587","0","0","0","0","0","-253000","5","-100.00","1554","0","0","0","0","","0","0","0","","",""
"080034","0002","0","259000","259500","260000","260500","261000","261500","262000","262500","263000","263500","257000","256500","256000","255500","255000","254500","254000","253500","253000","252500","207","91","102","20","341","170","94","51","152","67","10","10","50","120","195","130","140","14","898","20","1295","1587","0","0","0","0","0","-253000","5","-100.00","1554","0","0","0","0","","0","0","0","","",""
"080034","0003","0","259000","259500","260000","260500","261000","261500","262000","262500","263000","263500","257000","256500","256000","255500","255000","254500","254000","253500","253000","252500","256","111","102","20","341","170","94","51","152","67","10","10","50","120","195","130","140","18","894","20","1364","1587","0","0","0","0","0","-253000","5","-100.00","1555","0","0","0","0","","0","0","0","","",""
"080035","0000","0","259000","259500","260000","260500","261000","261500","262000","262500","263000","263500","257000","256500","256000","255500","255000","254500","254000","253500","253000","252500","268","111","102","20","341","170","94","51","152","67","10","10","50","120","195","130","140","18","894","20","1376","1587","0","0","0","0","0","-253000","5","-100.00","1555","7","0","0","0","","0","0","0","","",""
"080035","0001","0","259000","259500","260000","260500","261000","261500","262000","262500","263000","263500","257000","256500","256000","255500","255000","254500","254000","253500","253000","252500","252","111","122","20","341","170","94","51","152","67","10","10","50","120","195","130","140","18","894","20","1380","1587","0","0","0","0","0","-253000","5","-100.00","1571","20","0","0","0","","0","0","0","","",""
"080035","0002","0","259000","259500","260000","260500","261000","261500","262000","262500","263000","263500","257000","256500","256000","255500","255000","254500","254000","253500","253000","252500","242","112","122","20","341","170","94","51","152","67","10","10","51","120","195","130","140","18","894","20","1371","1588","0","0","0","0","0","-253000","5","-100.00","1581","1","0","0","0","","0","0","0","","",""
"080035","0003","0","259000","259500","260000","260500","261000","261500","262000","262500","263000","263500","257000","256500","256000","255500","255000","254500","254000","253500","253000","252500","244","112","222","20","341","170","94","51","152","67","10","10","51","120","195","130","140","18","894","20","1473","1588","0","0","0","0","0","-253000","5","-100.00","1581","100","0","0","0","","0","0","0","","",""
"080035","0004","0","259000","259500","260000","260500","261000","261500","262000","262500","263000","263500","256500","256000","255500","255000","254500","254000","253500","253000","252500","251000","244","137","222","20","341","170","94","51","152","67","10","51","120","195","130","140","18","894","20","10","1498","1588","0","0","0","0","0","-253000","5","-100.00","1681","0","0","0","0","","0","0","0","","",""
"080036","0000","0","259000","259500","260000","260500","261000","261500","262000","262500","263000","263500","256500","256000","255500","255000","254500","254000","253500","253000","252500","251000","245","137","222","20","341","170","94","51","152","67","10","51","120","211","130","140","18","878","20","10","1499","1588","0","0","0","0","0","-253000","5","-100.00","1681","0","0","0","0","","0","0","0","","",""
"080036","0001","0","259000","259500","260000","260500","261000","261500","262000","262500","263000","263500","256500","256000","255500","255000","254500","254000","253500","253000","252500","251000","245","138","222","20","344","1170","94","51","152","67","10","51","120","211","130","140","18","878","20","10","2503","1588","0","0","0","0","0","-253000","5","-100.00","1681","1","0","0","0","","0","0","0","","",""
"080036","0002","0","259000","259500","260000","260500","261000","261500","262000","262500","263000","263500","257000","256500","256000","255500","255000","254500","254000","253500","253000","252500","243","138","222","20","344","1170","94","51","152","67","12","10","51","120","211","130","140","18","878","20","2501","1590","0","0","0","0","0","-253000","5","-100.00","1689","0","2","0","0","","0","0","0","","",""
"080036","0003","0","259000","259500","260000","260500","261000","261500","262000","262500","263000","263500","257000","256500","256000","255500","255000","254500","254000","253500","253000","252500","193","138","222","20","344","1170","94","51","152","67","61","10","51","120","211","130","140","18","878","20","2451","1639","0","0","0","0","0","-253000","5","-100.00","1740","-50","0","0","0","","0","0","0","","",""
"080036","0004","0","259000","259500","260000","260500","261000","261500","262000","262500","263000","263500","257000","256500","256000","255500","255000","254500","254000","253500","253000","252500","292","369","222","20","113","1170","94","51","152","67","61","10","51","120","211","130","140","18","878","20","2550","1639","0","0","0","0","0","-253000","5","-100.00","1740","99","0","0","0","","0","0","0","","",""
"080037","0000","0","259000","259500","260000","260500","261000","261500","262000","262500","263000","263500","257000","256500","256000","255500","255000","254500","254000","253500","253000","252500","292","369","223","20","113","1170","94","51","152","67","61","10","51","120","211","130","140","18","878","20","2551","1639","0","0","0","0","0","-253000","5","-100.00","1740","1","0","0","0","","0","0","0","","",""
"080037","0001","0","259000","259500","260000","260500","261000","261500","262000","262500","263000","263500","257000","256500","256000","255500","255000","254500","254000","253500","253000","252500","306","369","223","20","113","1170","94","51","152","67","62","10","51","120","211","130","140","18","878","20","2565","1640","0","0","0","0","0","-253000","5","-100.00","1740","1","0","0","0","","0","0","0","","",""
"080037","0002","0","259000","259500","260000","260500","261000","261500","262000","262500","263000","263500","257000","256500","256000","255500","255000","254500","254000","253500","253000","252500","306","369","223","20","113","1170","94","51","152","67","62","10","51","120","211","130","140","18","928","20","2565","1690","0","0","0","0","0","-253000","5","-100.00","1740","0","50","0","0","","0","0","0","","",""
"080038","0000","0","259000","259500","260000","260500","261000","261500","262000","262500","263000","263500","258500","257000","256500","256000","255500","255000","254500","254000","253500","253000","306","369","223","20","113","1170","94","51","152","68","1","77","10","51","120","211","130","140","18","928","2566","1686","0","0","0","0","0","-253000","5","-100.00","1740","0","-4","0","0","","0","0","0","","",""
"080038","0001","0","259000","259500","260000","260500","261000","261500","262000","262500","263000","263500","258500","257000","256500","256000","255500","255000","254500","254000","253500","253000","296","369","223","20","113","1170","94","51","152","68","1","89","14","51","120","211","130","140","18","928","2556","1702","0","0","0","0","0","-253000","5","-100.00","1750","0","12","0","0","","0","0","0","","",""
"080038","0002","0","259000","259500","260000","260500","261000","261500","262000","262500","263000","263500","258500","257000","256500","256000","255500","255000","254500","254000","253500","253000","296","369","223","20","113","1170","95","51","152","68","1","89","14","51","120","211","130","140","18","928","2557","1702","0","0","0","0","0","-253000","5","-100.00","1750","1","0","0","0","","0","0","0","","",""
"080038","0003","0","259000","259500","260000","260500","261000","261500","262000","262500","263000","263500","258500","257000","256500","256000","255500","255000","254500","254000","253500","253000","296","369","223","20","113","1170","95","51","155","68","1","89","14","51","120","211","130","140","19","928","2560","1703","0","0","0","0","0","-253000","5","-100.00","1750","3","0","0","0","","0","0","0","","",""
"080038","0004","0","259000","259500","260000","260500","261000","261500","262000","262500","263000","263500","258500","257000","256500","256000","255500","255000","254500","254000","253500","253000","298","369","223","20","113","1170","95","51","155","68","1","78","14","51","121","211","130","140","19","928","2562","1693","0","0","0","0","0","-253000","5","-100.00","1750","0","1","0","0","","0","0","0","","",""
"080039","0000","0","259000","259500","260000","260500","261000","261500","262000","262500","263000","263500","258500","257000","256500","256000","255500","255000","254500","254000","253500","253000","298","369","223","20","113","1170","95","51","156","68","1","78","14","51","121","211","130","140","19","928","2563","1693","0","0","0","0","0","-253000","5","-100.00","1750","1","0","0","0","","0","0","0","","",""
"080039","0001","0","258500","259000","259500","260000","260500","261000","261500","262000","262500","263000","257000","256500","256000","255500","255000","254500","254000","253500","253000","252500","4","291","369","226","20","113","1170","95","51","156","78","14","51","121","211","130","140","19","928","20","2495","1712","0","0","0","0","0","-253000","5","-100.00","1753","-69","19","0","0","","0","0","0","","",""
"080039","0002","0","258500","259000","259500","260000","260500","261000","261500","262000","262500","263000","257000","256500","256000","255500","255000","254500","254000","253500","253000","252500","4","291","369","226","20","113","1170","95","51","158","78","14","51","121","211","130","140","19","928","20","2497","1712","0","0","0","0","0","-253000","5","-100.00","1753","2","0","0","0","","0","0","0","","",""
"080039","0003","0","258500","259000","259500","260000","260500","261000","261500","262000","262500","263000","257000","256500","256000","255500","255000","254500","254000","253500","253000","252500","4","291","369","226","20","113","1170","95","51","158","78","14","51","121","211","140","140","19","928","20","2497","1722","0","0","0","0","0","-253000","5","-100.00","1753","0","10","0","0","","0","0","0","","",""
"080039","0004","0","258500","259000","259500","260000","260500","261000","261500","262000","262500","263000","257000","256500","256000","255500","255000","254500","254000","253500","253000","252500","4","292","369","226","20","113","1170","95","51","158","78","14","51","121","211","140","140","19","928","20","2498","1722","0","0","0","0","0","-253000","5","-100.00","1753","1","0","0","0","","0","0","0","","",""
"080040","0000","0","258500","259000","259500","260000","260500","261000","261500","262000","262500","263000","257000","256500","256000","255500","255000","254500","254000","253500","253000","252500","4","299","369","226","20","113","1170","95","51","158","78","14","51","121","211","140","140","19","928","20","2505","1722","0","0","0","0","0","-253000","5","-100.00","1753","7","0","0","0","","0","0","0","","",""
"080040","0001","0","258500","259000","259500","260000","260500","261000","261500","262000","262500","263000","257000","256500","256000","255500","255000","254500","254000","253500","253000","252500","4","304","369","226","20","113","1170","95","51","158","88","14","51","121","211","140","140","19","928","20","2510","1732","0","0","0","0","0","-253000","5","-100.00","1753","5","0","0","0","","0","0","0","","",""
"080040","0002","0","258500","259000","259500","260000","260500","261000","261500","262000","262500","263000","257000","256500","256000","255500","255000","254500","254000","253500","253000","252500","4","304","369","226","20","113","1170","95","51","158","107","14","51","121","211","140","140","19","928","20","2510","1751","0","0","0","0","0","-253000","5","-100.00","1753","0","19","0","0","","0","0","0","","",""
"080041","0000","0","258500","259000","259500","260000","260500","261000","261500","262000","262500","263000","257000","256500","256000","255500","255000","254500","254000","253500","253000","252500","4","304","369","226","20","113","1170","95","51","163","107","14","51","121","211","140","140","20","928","20","2515","1752","0","0","0","0","0","-253000","5","-100.00","1753","5","1","0","0","","0","0","0","","",""
"080041","0001","0","258000","258500","259000","259500","260000","260500","261000","261500","262000","262500","257000","256500","256000","255500","255000","254500","254000","253500","253000","252500","50","4","304","369","226","20","113","1170","95","51","107","14","51","121","112","140","140","20","928","20","2402","1653","0","0","0","0","0","-253000","5","-100.00","1753","0","1","0","0","","0","0","0","","",""
"080041","0002","0","258000","258500","259000","259500","260000","260500","261000","261500","262000","262500","257000","256500","256000","255500","255000","254500","254000","253500","253000","252500","45","4","399","369","226","20","113","1170","95","51","107","14","51","121","112","140","140","20","928","20","2492","1653","0","0","0","0","0","-253000","5","-100.00","1758","95","0","0","0","","0","0","0","","",""
"080042","0000","0","258000","258500","259000","259500","260000","260500","261000","261500","262000","262500","257000","256500","256000","255500","255000","254500","254000","253500","253000","252500","45","4","405","369","226","20","113","1170","95","51","107","14","51","121","112","140","140","20","928","20","2498","1653","0","0","0","0","0","-253000","5","-100.00","1758","6","0","0","0","","0","0","0","","",""
"080042","0001","0","258000","258500","259000","259500","260000","260500","261000","261500","262000","262500","257000","256500","256000","255500","255000","254500","254000","253500","253000","252500","44","5","406","369","226","20","113","1170","95","51","107","14","51","121","112","140","140","20","928","20","2499","1653","0","0","0","0","0","-253000","5","-100.00","1759","2","0","0","0","","0","0","0","","",""
"080042","0002","0","258000","258500","259000","259500","260000","260500","261000","261500","262000","262500","257000","256500","256000","255500","255000","254500","254000","253500","253000","252500","45","5","406","369","246","20","113","1170","95","51","107","14","51","121","112","140","140","20","928","20","2520","1653","0","0","0","0","0","-253000","5","-100.00","1759","20","0","0","0","","0","0","0","","",""
"080043","0000","0","258000","258500","259000","259500","260000","260500","261000","261500","262000","262500","257000","256500","256000","255500","255000","254500","254000","253500","253000","252500","35","48","406","344","246","20","113","1170","95","51","107","14","51","121","112","140","140","20","928","20","2528","1653","0","0","0","0","0","-253000","5","-100.00","1769","0","0","0","0","","0","0","0","","",""
"080043","0001","0","258000","258500","259000","259500","260000","260500","261000","261500","262000","262500","257000","256500","256000","255500","255000","254500","254000","253500","253000","252500","35","48","407","344","256","20","113","1170","95","51","107","14","51","121","112","140","140","20","928","20","2539","1653","0","0","0","0","0","-253000","5","-100.00","1769","10","0","0","0","","0","0","0","","",""
"080043","0002","0","258000","258500","259000","259500","260000","260500","261000","261500","262000","262500","257000","256500","256000","255500","255000","254500","254000","253500","253000","252500","35","48","407","344","256","20","183","1170","95","51","107","14","51","121","112","140","140","20","928","20","2609","1653","0","0","0","0","0","-253000","5","-100.00","1769","70","0","0","0","","0","0","0","","",""
"080044","0000","0","258000","258500","259000","259500","260000","260500","261000","261500","262000","262500","257000","256500","256000","255500","255000","254500","254000","253500","253000","252500","35","48","407","344","256","20","183","1170","95","66","107","14","51","121","112","140","140","20","929","20","2624","1654","0","0","0","0","0","-253000","5","-100.00","1769","15","1","0","0","","0","0","0","","",""
"080044","0001","0","258000","258500","259000","259500","260000","260500","261000","261500","262000","262500","257000","256500","256000","255500","255000","254500","254000","253500","253000","252500","35","48","408","344","256","20","183","1170","95","66","107","14","51","121","112","140","140","20","929","20","2625","1654","0","0","0","0","0","-253000","5","-100.00","1769","1","0","0","0","","0","0","0","","",""
"080044","0002","0","258000","258500","259000","259500","260000","260500","261000","261500","262000","262500","257000","256500","256000","255500","255000","254500","254000","253500","253000","252500","35","128","408","344","256","20","183","1170","95","66","107","14","51","121","112","140","140","20","929","20","2705","1654","0","0","0","0","0","-253000","5","-100.00","1769","80","0","0","0","","0","0","0","","",""
"080044","0003","0","258000","258500","259000","259500","260000","260500","261000","261500","262000","262500","257000","256500","256000","255500","255000","254500","254000","253500","253000","252500","25","128","408","344","256","20","183","1170","95","66","107","14","51","121","112","140","140","20","929","20","2695","1654","0","0","0","0","0","-253000","5","-100.00","1779","-10","0","0","0","","0","0","0","","",""
"080045","0000","0","258000","258500","259000","259500","260000","260500","261000","261500","262000","262500","257000","256500","256000","255500","255000","254500","254000","253500","253000","252500","27","128","406","344","256","20","183","1170","95","66","107","14","51","121","112","141","140","20","929","20","2695","1655","0","0","0","0","0","-253000","5","-100.00","1779","0","1","0","0","","0","0","0","","",""
"080045","0001","0","258000","258500","259000","259500","260000","260500","261000","261500","262000","262500","257000","256500","256000","255500","255000","254500","254000","253500","253000","252500","27","128","405","113","256","20","184","1170","95","66","107","24","51","121","112","141","140","20","929","20","2464","1665","0","0","0","0","0","-253000","5","-100.00","1779","-1","0","0","0","","0","0","0","","",""
"080045","0002","0","258000","258500","259000","259500","260000","260500","261000","261500","262000","262500","257000","256500","256000","255500","255000","254500","254000","253500","253000","252500","27","128","405","113","256","20","188","1170","95","66","107","24","51","121","112","141","140","20","929","20","2468","1665","0","0","0","0","0","-253000","5","-100.00","1779","4","0","0","0","","0","0","0","","",""
"080045","0003","0","258000","258500","259000","259500","260000","260500","261000","261500","262000","262500","257000","256500","256000","255500","255000","254500","254000","253500","253000","252500","28","128","405","113","256","20","191","1170","95","66","107","24","51","121","112","141","140","20","929","20","2472","1665","0","0","0","0","0","-253000","5","-100.00","1779","1","0","0","0","","0","0","0","","",""
"080045","0004","0","258000","258500","259000","259500","260000","260500","261000","261500","262000","262500","257000","256500","256000","255500","255000","254500","254000","253500","253000","252500","28","128","405","113","256","20","191","1170","96","66","107","24","51","121","112","141","140","20","929","20","2473","1665","0","0","0","0","0","-253000","5","-100.00","1779","1","0","0","0","","0","0","0","","",""
"080046","0000","0","258000","258500","259000","259500","260000","260500","261000","261500","262000","262500","257000","256500","256000","255500","255000","254500","254000","253500","253000","252500","48","128","405","93","257","20","191","1170","96","66","107","24","51","121","112","141","140","20","929","20","2474","1665","0","0","0","0","0","-253000","5","-100.00","1779","1","0","0","0","","0","0","0","","",""
"080046","0001","0","258000","258500","259000","259500","260000","260500","261000","261500","262000","262500","257000","256500","256000","255500","255000","254500","254000","253500","253000","252500","49","128","405","93","257","20","190","1170","96","66","107","24","51","121","112","141","140","20","929","20","2474","1665","0","0","0","0","0","-253000","5","-100.00","1779","0","0","0","0","","0","0","0","","",""
"080046","0002","0","258000","258500","259000","259500","260000","260500","261000","261500","262000","262500","257000","256500","256000","255500","255000","254500","254000","253500","253000","252500","49","128","425","93","257","20","190","1170","96","66","107","24","51","121","112","141","140","20","929","20","2494","1665","0","0","0","0","0","-253000","5","-100.00","1779","20","0","0","0","","0","0","0","","",""
"080047","0000","0","258000","258500","259000","259500","260000","260500","261000","261500","262000","262500","257000","256500","256000","255500","255000","254500","254000","253500","253000","252500","54","128","425","93","257","20","190","1170","96","66","107","24","51","121","112","141","140","20","929","20","2499","1665","0","0","0","0","0","-253000","5","-100.00","1779","5","0","0","0","","0","0","0","","",""
"080047","0001","0","258000","258500","259000","259500","260000","260500","261000","261500","262000","262500","257000","256500","256000","255500","255000","254500","254000","253500","253000","252500","59","128","425","93","257","20","190","1170","96","66","107","24","51","121","112","141","140","21","929","20","2504","1666","0","0","0","0","0","-253000","5","-100.00","1779","0","1","0","0","","0","0","0","","",""
"080047","0002","0","258000","258500","259000","259500","260000","260500","261000","261500","262000","262500","257000","256500","256000","255500","255000","254500","254000","253500","253000","252500","59","128","430","93","257","20","190","1170","96","66","107","24","51","121","112","141","140","21","929","20","2509","1666","0","0","0","0","0","-253000","5","-100.00","1779","5","0","0","0","","0","0","0","","",""
"080048","0000","0","258000","258500","259000","259500","260000","260500","261000","261500","262000","262500","257000","256500","256000","255500","255000","254500","254000","253500","253000","252500","59","128","430","93","257","20","190","1170","96","66","108","24","51","121","112","141","140","21","929","20","2509","1667","0","0","0","0","0","-253000","5","-100.00","1779","0","1","0","0","","0","0","0","","",""
"080048","0001","0","258000","258500","259000","259500","260000","260500","261000","261500","262000","262500","257000","256500","256000","255500","255000","254500","254000","253500","253000","252500","59","128","430","93","257","20","190","1170","96","66","108","24","51","121","112","141","141","21","929","20","2509","1668","0","0","0","0","0","-253000","5","-100.00","1779","0","1","0","0","","0","0","0","","",""
"080048","0002","0","258000","258500","259000","259500","260000","260500","261000","261500","262000","262500","257000","256500","256000","255500","255000","254500","254000","253500","253000","252500","58","128","430","93","257","20","190","1170","82","66","108","24","51","121","112","141","141","21","929","20","2494","1668","0","0","0","0","0","-253000","5","-100.00","1780","-14","0","0","0","","0","0","0","","",""
"080048","0003","0","258000","258500","259000","259500","260000","260500","261000","261500","262000","262500","257000","256500","256000","255500","255000","254500","254000","253500","253000","252500","58","128","380","93","257","20","190","1170","82","66","122","24","51","121","112","141","141","21","929","20","2444","1682","0","0","0","0","0","-253000","5","-100.00","1780","0","4","0","0","","0","0","0","","",""
"080048","0004","0","258000","258500","259000","259500","260000","260500","261000","261500","262000","262500","257000","256500","256000","255500","255000","254500","254000","253500","253000","252500","58","110","380","93","257","20","190","1170","83","66","122","24","51","121","112","141","141","21","929","20","2427","1682","0","0","0","0","0","-253000","5","-100.00","1780","-18","0","0","0","","0","0","0","","",""
"080049","0000","0","258000","258500","259000","259500","260000","260500","261000","261500","262000","262500","257000","256500","256000","255500","255000","254500","254000","253500","253000","252500","58","110","380","93","257","20","190","1170","83","66","122","24","51","121","112","141","141","22","929","20","2427","1683","0","0","0","0","0","-253000","5","-100.00","1780","0","1","0","0","","0","0","0","","",""
"080049","0001","0","258000","258500","259000","259500","260000","260500","261000","261500","262000","262500","257000","256500","256000","255500","255000","254500","254000","253500","253000","252500","58","110","380","93","257","20","190","1173","83","66","122","24","51","121","112","141","141","22","929","20","2430","1683","0","0","0","0","0","-253000","5","-100.00","1780","3","0","0","0","","0","0","0","","",""
"080049","0002","0","258000","258500","259000","259500","260000","260500","261000","261500","262000","262500","257000","256500","256000","255500","255000","254500","254000","253500","253000","252500","116","115","380","93","257","20","190","1173","83","66","110","24","63","121","112","141","141","22","929","20","2493","1683","0","0","0","0","0","-253000","5","-100.00","1793","53","0","0","0","","0","0","0","","",""
"080049","0003","0","258000","258500","259000","259500","260000","260500","261000","261500","262000","262500","257000","256500","256000","255500","255000","254500","254000","253500","253000","252500","114","115","390","93","257","20","190","1173","83","66","110","24","63","121","112","141","141","22","929","20","2501","1683","0","0","0","0","0","-253000","5","-100.00","1795","-2","0","0","0","","0","0","0","","",""
"080050","0000","0","258000","258500","259000","259500","260000","260500","261000","261500","262000","262500","257000","256500","256000","255500","255000","254500","254000","253500","253000","252500","105","115","390","103","257","20","190","1173","83","66","110","24","63","121","112","141","141","22","929","20","2502","1683","0","0","0","0","0","-253000","5","-100.00","1804","-9","0","0","0","","0","0","0","","",""
"080050","0001","0","258000","258500","259000","259500","260000","260500","261000","261500","262000","262500","257000","256500","256000","255500","255000","254500","254000","253500","253000","252500","105","115","389","103","257","20","193","1173","83","66","110","24","63","121","112","141","141","82","929","20","2504","1743","0","0","0","0","0","-253000","5","-100.00","1804","-1","0","0","0","","0","0","0","","",""
"080050","0002","0","258000","258500","259000","259500","260000","260500","261000","261500","262000","262500","257000","256500","256000","255500","255000","254500","254000","253500","253000","252500","106","115","389","103","257","20","193","1173","83","66","110","24","63","121","112","141","141","82","929","20","2505","1743","0","0","0","0","0","-253000","5","-100.00","1804","1","0","0","0","","0","0","0","","",""
"080051","0000","0","258000","258500","259000","259500","260000","260500","261000","261500","262000","262500","257000","256500","256000","255500","255000","254500","254000","253500","253000","252500","107","115","389","103","257","20","193","1173","83","66","110","24","63","121","112","141","141","82","929","20","2506","1743","0","0","0","0","0","-253000","5","-100.00","1804","1","0","0","0","","0","0","0","","",""
"080051","0001","0","258000","258500","259000","259500","260000","260500","261000","261500","262000","262500","257000","256500","256000","255500","255000","254500","254000","253500","253000","252500","107","118","389","103","257","20","195","1173","83","66","110","24","63","121","112","141","141","82","929","20","2511","1743","0","0","0","0","0","-253000","5","-100.00","1804","5","0","0","0","","0","0","0","","",""
"080051","0002","0","258000","258500","259000","259500","260000","260500","261000","261500","262000","262500","257000","256500","256000","255500","255000","254500","254000","253500","253000","252500","109","118","389","103","257","20","195","1173","83","66","110","24","63","121","112","141","141","82","929","20","2513","1743","0","0","0","0","0","-253000","5","-100.00","1804","2","0","0","0","","0","0","0","","",""
"080052","0000","0","258000","258500","259000","259500","260000","260500","261000","261500","262000","262500","257000","256500","256000","255500","255000","254500","254000","253500","253000","252500","109","118","389","107","237","20","195","1173","83","66","110","24","63","121","112","141","141","82","929","20","2497","1743","0","0","0","0","0","-253000","5","-100.00","1804","4","0","0","0","","0","0","0","","",""
"080052","0001","0","258000","258500","259000","259500","260000","260500","261000","261500","262000","262500","257000","256500","256000","255500","255000","254500","254000","253500","253000","252500","101","118","389","107","237","20","195","1173","83","66","110","24","63","121","112","141","141","132","921","20","2489","1785","0","0","0","0","0","-253000","5","-100.00","1812","0","50","0","0","","0","0","0","","",""
"080052","0002","0","258500","259000","259500","260000","260500","261000","261500","262000","262500","263000","257000","256500","256000","255500","255000","254500","254000","253500","253000","252500","69","389","107","237","20","195","1173","83","66","206","112","24","63","121","112","141","141","132","921","20","2545","1787","0","0","0","0","0","-253000","5","-100.00","1963","56","2","0","0","","0","0","0","","",""
"080052","0003","0","258000","258500","259000","259500","260000","260500","261000","261500","262000","262500","257000","256500","256000","255500","255000","254500","254000","253500","253000","252500","1","69","391","107","237","20","195","1173","83","66","93","24","63","140","112","141","141","132","921","20","2342","1787","0","0","0","0","0","-253000","5","-100.00","1963","-205","0","0","0","","0","0","0","","",""
"080053","0000","0","258500","259000","259500","260000","260500","261000","261500","262000","262500","263000","258000","257500","257000","256500","256000","255500","255000","254500","254000","253500","69","391","107","237","20","195","1173","83","66","206","2","10","93","24","63","140","112","141","141","132","2547","858","0","0","0","0","0","-253000","5","-100.00","1964","205","-919","0","0","","0","0","0","","",""
"080053","0001","0","258500","259000","259500","260000","260500","261000","261500","262000","262500","263000","258000","257500","257000","256500","256000","255500","255000","254500","254000","253500","69","391","107","239","20","195","1173","83","66","206","20","10","93","24","63","140","112","141","141","132","2549","876","0","0","0","0","0","-253000","5","-100.00","1964","0","8","0","0","","0","0","0","","",""
"080053","0002","0","258500","259000","259500","260000","260500","261000","261500","262000","262500","263000","258000","257500","257000","256500","256000","255500","255000","254500","254000","253500","69","391","107","239","20","216","1173","62","66","206","20","10","93","24","63","140","112","141","141","133","2549","877","0","0","0","0","0","-253000","5","-100.00","1964","0","1","0","0","","0","0","0","","",""
"080053","0003","0","258500","259000","259500","260000","260500","261000","261500","262000","262500","263000","258000","257500","257000","256500","256000","255500","255000","254500","254000","253500","69","391","107","239","20","216","1173","62","66","206","24","10","93","24","63","140","112","141","141","133","2549","881","0","0","0","0","0","-253000","5","-100.00","1964","0","4","0","0","","0","0","0","","",""
"080054","0000","0","258500","259000","259500","260000","260500","261000","261500","262000","262500","263000","258000","257500","257000","256500","256000","255500","255000","254500","254000","253500","73","391","107","239","20","216","1173","62","66","206","34","10","93","24","63","140","112","141","141","133","2553","891","0","0","0","0","0","-253000","5","-100.00","1964","0","10","0","0","","0","0","0","","",""
"080054","0001","0","258500","259000","259500","260000","260500","261000","261500","262000","262500","263000","258000","257500","257000","256500","256000","255500","255000","254500","254000","253500","73","391","107","239","20","216","173","1062","66","206","34","10","93","24","63","140","112","141","141","133","2553","891","0","0","0","0","0","-253000","5","-100.00","1964","0","0","0","0","","0","0","0","","",""
"080054","0002","0","258500","259000","259500","260000","260500","261000","261500","262000","262500","263000","258000","257500","257000","256500","256000","255500","255000","254500","254000","253500","73","391","107","239","20","216","173","1062","66","206","32","10","93","24","63","140","112","141","141","133","2553","889","0","0","0","0","0","-253000","5","-100.00","1966","0","-2","0","0","","0","0","0","","",""
"080055","0000","0","258500","259000","259500","260000","260500","261000","261500","262000","262500","263000","258000","257500","257000","256500","256000","255500","255000","254500","254000","253500","73","391","107","239","20","216","173","1062","66","235","32","10","93","24","63","140","112","141","141","133","2582","889","0","0","0","0","0","-253000","5","-100.00","1966","29","0","0","0","","0","0","0","","",""
"080055","0001","0","258500","259000","259500","260000","260500","261000","261500","262000","262500","263000","258000","257500","257000","256500","256000","255500","255000","254500","254000","253500","73","391","107","239","20","216","173","1062","66","235","33","29","93","24","63","121","112","141","141","133","2582","890","0","0","0","0","0","-253000","5","-100.00","1966","0","1","0","0","","0","0","0","","",""
"080055","0002","0","258500","259000","259500","260000","260500","261000","261500","262000","262500","263000","258000","257500","257000","256500","256000","255500","255000","254500","254000","253500","73","391","107","239","20","216","173","1062","66","235","33","29","93","24","63","121","112","141","141","143","2582","900","0","0","0","0","0","-253000","5","-100.00","1966","0","10","0","0","","0","0","0","","",""
"080055","0003","0","258500","259000","259500","260000","260500","261000","261500","262000","262500","263000","258000","257500","257000","256500","256000","255500","255000","254500","254000","253500","73","391","107","239","20","216","173","1062","66","235","23","29","93","24","63","121","112","141","141","143","2582","890","0","0","0","0","0","-253000","5","-100.00","1976","0","-10","0","0","","0","0","0","","",""
"080056","0000","0","258500","259000","259500","260000","260500","261000","261500","262000","262500","263000","258000","257500","257000","256500","256000","255500","255000","254500","254000","253500","73","391","107","259","20","216","173","1062","66","235","22","29","93","24","63","121","112","141","141","143","2602","889","0","0","0","0","0","-253000","5","-100.00","1977","20","0","0","0","","0","0","0","","",""
"080056","0001","0","258500","259000","259500","260000","260500","261000","261500","262000","262500","263000","258000","257500","257000","256500","256000","255500","255000","254500","254000","253500","73","391","107","259","20","217","173","1062","66","235","22","29","93","24","63","121","112","141","141","143","2603","889","0","0","0","0","0","-253000","5","-100.00","1977","1","0","0","0","","0","0","0","","",""
"080057","0000","0","258500","259000","259500","260000","260500","261000","261500","262000","262500","263000","258000","257500","257000","256500","256000","255500","255000","254500","254000","253500","74","391","106","259","20","217","173","1062","66","236","22","29","93","24","63","121","112","141","141","143","2604","889","0","0","0","0","0","-253000","5","-100.00","1977","1","0","0","0","","0","0","0","","",""
"080057","0001","0","258500","259000","259500","260000","260500","261000","261500","262000","262500","263000","258000","257500","257000","256500","256000","255500","255000","254500","254000","253500","74","391","106","259","20","217","173","1062","66","236","23","29","93","24","63","121","112","141","141","143","2604","890","0","0","0","0","0","-253000","5","-100.00","1977","0","1","0","0","","0","0","0","","",""
"080057","0002","0","258500","259000","259500","260000","260500","261000","261500","262000","262500","263000","258000","257500","257000","256500","256000","255500","255000","254500","254000","253500","96","391","106","259","20","217","173","1062","66","236","23","29","93","24","63","121","112","141","141","143","2626","890","0","0","0","0","0","-253000","5","-100.00","1977","22","0","0","0","","0","0","0","","",""
"080057","0003","0","258500","259000","259500","260000","260500","261000","261500","262000","262500","263000","258000","257500","257000","256500","256000","255500","255000","254500","254000","253500","96","396","106","259","20","217","173","1062","66","236","23","29","93","24","63","121","112","141","141","143","2631","890","0","0","0","0","0","-253000","5","-100.00","1977","5","0","0","0","","0","0","0","","",""
"080058","0000","0","258500","259000","259500","260000","260500","261000","261500","262000","262500","263000","258000","257500","257000","256500","256000","255500","255000","254500","254000","253500","96","401","106","259","20","217","173","1062","66","236","23","29","93","24","63","121","112","141","141","143","2636","890","0","0","0","0","0","-253000","5","-100.00","1977","5","0","0","0","","0","0","0","","",""
"080059","0000","0","258500","259000","259500","260000","260500","261000","261500","262000","262500","263000","258000","257500","257000","256500","256000","255500","255000","254500","254000","253500","85","401","106","259","20","219","173","1062","66","236","20","29","93","24","63","121","112","141","141","143","2627","887","0","0","0","0","0","-253000","5","-100.00","1992","1","0","0","0","","0","0","0","","",""
"080059","0001","0","258500","259000","259500","260000","260500","261000","261500","262000","262500","263000","258000","257500","257000","256500","256000","255500","255000","254500","254000","253500","85","401","106","259","20","219","173","1062","66","236","18","29","93","24","63","121","112","141","141","143","2627","885","0","0","0","0","0","-253000","5","-100.00","1994","0","-2","0","0","","0","0","0","","",""
"080059","0002","0","258500","259000","259500","260000","260500","261000","261500","262000","262500","263000","258000","257500","257000","256500","256000","255500","255000","254500","254000","253500","85","401","106","259","20","221","173","1062","66","236","18","29","93","24","63","121","122","141","141","143","2629","895","0","0","0","0","0","-253000","5","-100.00","1994","2","0","0","0","","0","0","0","","",""
"080059","0003","0","258500","259000","259500","260000","260500","261000","261500","262000","262500","263000","258000","257500","257000","256500","256000","255500","255000","254500","254000","253500","95","401","106","259","20","221","173","1062","66","236","18","29","93","24","63","121","122","141","141","143","2639","895","0","0","0","0","0","-253000","5","-100.00","1994","10","0","0","0","","0","0","0","","",""
"080100","0000","0","258500","259000","259500","260000","260500","261000","261500","262000","262500","263000","258000","257500","257000","256500","256000","255500","255000","254500","254000","253500","95","401","106","259","20","221","173","1062","66","236","17","29","93","24","63","121","122","141","141","143","2639","894","0","0","0","0","0","-253000","5","-100.00","1994","0","-1","0","0","","0","0","0","","",""
"080100","0001","0","258500","259000","259500","260000","260500","261000","261500","262000","262500","263000","258000","257500","257000","256500","256000","255500","255000","254500","254000","253500","95","401","106","259","20","221","173","1062","66","236","5","29","93","24","63","121","122","141","141","143","2639","882","0","0","0","0","0","-253000","5","-100.00","2006","0","-12","0","0","","0","0","0","","",""
"080101","0000","0","258500","259000","259500","260000","260500","261000","261500","262000","262500","263000","258000","257500","257000","256500","256000","255500","255000","254500","254000","253500","95","406","106","260","45","221","173","1067","66","236","6","29","93","24","63","121","122","141","141","143","2675","883","0","0","0","0","0","-253000","5","-100.00","2006","35","0","0","0","","0","0","0","","",""
"080101","0001","0","258000","258500","259000","259500","260000","260500","261000","261500","262000","262500","257500","257000","256500","256000","255500","255000","254500","254000","253500","253000","9","95","406","106","260","45","221","173","1067","66","29","93","24","63","121","122","141","141","143","922","2448","1799","0","0","0","0","0","-253000","5","-100.00","2012","-227","916","0","0","","0","0","0","","",""
"080101","0002","0","258000","258500","259000","259500","260000","260500","261000","261500","262000","262500","257500","257000","256500","256000","255500","255000","254500","254000","253500","253000","59","100","406","106","260","45","200","194","1067","66","29","93","24","63","121","122","141","141","143","922","2503","1799","0","0","0","0","0","-253000","5","-100.00","2012","5","0","0","0","","0","0","0","","",""
"080101","0003","0","258000","258500","259000","259500","260000","260500","261000","261500","262000","262500","257500","257000","256500","256000","255500","255000","254500","254000","253500","253000","64","101","411","106","260","45","200","194","1067","66","29","93","24","63","121","122","141","141","143","922","2514","1799","0","0","0","0","0","-253000","5","-100.00","2012","6","0","0","0","","0","0","0","","",""
"080101","0004","0","258000","258500","259000","259500","260000","260500","261000","261500","262000","262500","257500","257000","256500","256000","255500","255000","254500","254000","253500","253000","64","101","411","106","260","45","200","194","1067","66","29","93","24","63","121","122","141","141","143","922","2514","1799","0","0","0","0","0","-253000","5","-100.00","2012","0","0","0","0","","0","0","0","","",""
"080102","0000","0","258000","258500","259000","259500","260000","260500","261000","261500","262000","262500","257500","257000","256500","256000","255500","255000","254500","254000","253500","253000","54","102","412","106","260","45","200","194","1067","66","29","93","24","63","121","122","141","141","143","922","2506","1799","0","0","0","0","0","-253000","5","-100.00","2022","1","0","0","0","","0","0","0","","",""
"080102","0001","0","258000","258500","259000","259500","260000","260500","261000","261500","262000","262500","257500","257000","256500","256000","255500","255000","254500","254000","253500","253000","4","102","412","106","260","45","200","194","1067","66","29","93","24","63","121","122","141","141","143","872","2456","1749","0","0","0","0","0","-253000","5","-100.00","2072","-50","-50","0","0","","0","0","0","","",""
"080102","0002","0","258000","258500","259000","259500","260000","260500","261000","261500","262000","262500","257500","257000","256500","256000","255500","255000","254500","254000","253500","253000","4","102","412","106","260","45","200","209","1067","66","29","93","24","63","121","122","141","141","143","872","2471","1749","0","0","0","0","0","-253000","5","-100.00","2072","10","0","0","0","","0","0","0","","",""
"080102","0003","0","258000","258500","259000","259500","260000","260500","261000","261500","262000","262500","257500","257000","256500","256000","255500","255000","254500","254000","253500","253000","4","102","412","106","260","45","200","209","1067","66","29","93","24","63","121","122","141","141","143","872","2471","1749","0","0","0","0","0","-253000","5","-100.00","2072","0","0","0","0","","0","0","0","","",""
"080103","0000","0","258000","258500","259000","259500","260000","260500","261000","261500","262000","262500","257500","257000","256500","256000","255500","255000","254500","254000","253500","253000","4","102","399","105","260","45","200","209","1067","66","29","93","24","63","121","122","141","141","143","872","2457","1749","0","0","0","0","0","-253000","5","-100.00","2072","-1","0","0","0","","0","0","0","","",""
"080103","0001","0","258000","258500","259000","259500","260000","260500","261000","261500","262000","262500","257500","257000","256500","256000","255500","255000","254500","254000","253500","253000","4","105","399","105","260","45","200","209","1067","66","29","93","24","63","121","122","141","141","143","872","2460","1749","0","0","0","0","0","-253000","5","-100.00","2072","3","0","0","0","","0","0","0","","",""
"080103","0002","0","258500","259000","259500","260000","260500","261000","261500","262000","262500","263000","257500","257000","256500","256000","255500","255000","254500","254000","253500","253000","105","399","105","260","45","200","209","1067","66","231","29","93","24","63","121","122","141","141","143","872","2687","1749","0","0","0","0","0","-253000","5","-100.00","2076","227","0","0","0","","0","0","0","","",""
"080103","0003","0","258500","259000","259500","260000","260500","261000","261500","262000","262500","263000","257500","257000","256500","256000","255500","255000","254500","254000","253500","253000","110","394","105","260","45","201","209","1067","66","231","29","93","24","63","121","122","141","141","143","872","2688","1749","0","0","0","0","0","-253000","5","-100.00","2076","1","0","0","0","","0","0","0","","",""
"080104","0000","0","258500","259000","259500","260000","260500","261000","261500","262000","262500","263000","258000","257500","257000","256500","256000","255500","255000","254500","254000","253500","110","394","105","376","75","201","209","1068","66","231","3","29","90","24","63","120","122","141","141","143","2835","876","0","0","0","0","0","-253000","5","-100.00","2076","20","-1","0","0","","0","0","0","","",""
"080104","0001","0","258500","259000","259500","260000","260500","261000","261500","262000","262500","263000","258000","257500","257000","256500","256000","255500","255000","254500","254000","253500","110","414","105","356","75","201","209","1068","66","231","6","29","90","24","63","120","122","141","141","143","2835","879","0","0","0","0","0","-253000","5","-100.00","2076","0","0","0","0","","0","0","0","","",""
"080105","0000","0","258000","258500","259000","259500","260000","260500","261000","261500","262000","262500","257500","257000","256500","256000","255500","255000","254500","254000","253500","253000","4","122","414","105","356","75","201","209","1068","66","29","90","24","63","120","122","141","141","143","872","2620","1745","0","0","0","0","0","-253000","5","-100.00","2082","-215","866","0","0","","0","0","0","","",""
"080105","0001","0","258000","258500","259000","259500","260000","260500","261000","261500","262000","262500","257500","257000","256500","256000","255500","255000","254500","254000","253500","253000","4","122","414","105","356","75","201","209","1068","67","29","90","24","63","120","122","191","141","143","872","2621","1795","0","0","0","0","0","-253000","5","-100.00","2082","1","0","0","0","","0","0","0","","",""
"080105","0002","0","258000","258500","259000","259500","260000","260500","261000","261500","262000","262500","257000","256500","256000","255500","255000","254500","254000","253500","253000","252500","16","121","414","105","356","75","201","209","1068","67","69","24","63","120","122","191","141","143","872","21","2632","1766","0","0","0","0","0","-253000","5","-100.00","2132","11","-29","0","0","","0","0","0","","",""
"080106","0000","0","258000","258500","259000","259500","260000","260500","261000","261500","262000","262500","257000","256500","256000","255500","255000","254500","254000","253500","253000","252500","16","121","407","105","356","75","202","209","1068","68","69","24","63","120","122","191","141","143","872","21","2627","1766","0","0","0","0","0","-253000","5","-100.00","2132","1","0","0","0","","0","0","0","","",""
