"time","millisec","HOUR_CLS_CODE","ASKP1","ASKP2","ASKP3","ASKP4","ASKP5","ASKP6","ASKP7","ASKP8","ASKP9","ASKP10","BIDP1","BIDP2","BIDP3","BIDP4","BIDP5","BIDP6","BIDP7","BIDP8","BIDP9","BIDP10","ASKP_RSQN1","ASKP_RSQN2","ASKP_RSQN3","ASKP_RSQN4","ASKP_RSQN5","ASKP_RSQN6","ASKP_RSQN7","ASKP_RSQN8","ASKP_RSQN9","ASKP_RSQN10","BIDP_RSQN1","BIDP_RSQN2","BIDP_RSQN3","BIDP_RSQN4","BIDP_RSQN5","BIDP_RSQN6","BIDP_RSQN7","BIDP_RSQN8","BIDP_RSQN9","BIDP_RSQN10","TOTAL_ASKP_RSQN","TOTAL_BIDP_RSQN","OVTM_TOTAL_ASKP_RSQN","OVTM_TOTAL_BIDP_RSQN","ANTC_CNPR","ANTC_CNQN","ANTC_VOL","ANTC_CNTG_VRSS","ANTC_CNTG_VRSS_SIGN","ANTC_CNTG_PRDY_CTRT","ACML_VOL","TOTAL_ASKP_RSQN_ICDC","TOTAL_BIDP_RSQN_ICDC","OVTM_TOTAL_ASKP_ICDC","OVTM_TOTAL_BIDP_ICDC","STCK_DEAL_CLS_CODE","KMID_PRC","KMID_TOTAL_RSQN","KMID_CLS_CODE","NMID_PRC","NMID_TOTAL_RSQN","NMID_CLS_CODE"
"080000","0000","0","158500","159000","159700","164400","165200","166600","168400","181700","0","0","158000","156000","0","0","0","0","0","0","0","0","400","143","862","837","1000","1000","5","57","0","0","1","3","0","0","0","0","0","0","0","0","4304","4","0","0","0","0","0","-158000","5","-100.00","0","0","0","0","0","","0","0","0","","",""
"080000","0001","0","158400","158500","158800","159000","159600","159700","159800","164400","165200","166600","158300","158200","158000","156000","155200","0","0","0","0","0","20","300","150","143","2","910","3","837","1000","1000","10","3","1","10","40","0","0","0","0","0","4365","64","0","0","0","0","0","-158000","5","-100.00","100","61","60","0","0","","0","0","0","","",""
"080001","0000","0","158400","158500","158800","159000","159500","159600","159700","159800","160000","161200","158300","158200","158000","156000","155200","154700","0","0","0","0","12","300","150","143","51","2","910","3","50","7","10","3","1","17","40","130","0","0","0","0","1628","201","0","0","0","0","0","-158000","5","-100.00","108","-2737","137","0","0","","0","0","0","","",""
"080002","0000","0","158500","158800","159000","159500","159600","159700","159800","159900","160000","160500","158400","158300","158200","158000","157200","156000","155200","154700","154500","143500","300","150","143","51","2","910","3","30","120","36","279","10","3","1","1","17","40","130","5","10","1745","496","0","0","0","0","0","-158000","5","-100.00","129","117","295","0","0","","0","0","0","","",""
"080002","0001","0","158500","158800","159000","159500","159600","159700","159800","159900","160000","160200","158400","158300","158200","158000","157200","156000","155600","155200","155100","154700","290","150","143","51","2","910","3","30","370","3","275","10","3","11","1","31","4","40","55","130","1952","560","0","0","0","0","0","-158000","5","-100.00","143","207","64","0","0","","0","0","0","","",""
"080003","0000","0","158500","158700","158800","159000","159500","159600","159700","159800","159900","160000","158400","158300","158200","158000","157200","156000","155600","155200","155100","154700","110","1000","150","143","51","2","910","3","30","370","259","10","3","11","1","61","4","40","55","130","2769","574","0","0","0","0","0","-158000","5","-100.00","339","817","14","0","0","","0","0","0","","",""
"080003","0001","0","158500","158700","158800","159000","159500","159600","159700","159800","159900","160000","158400","158300","158200","158000","157200","156000","155600","155200","155100","154700","110","1000","150","143","51","2","910","3","30","370","259","10","3","31","1","61","4","40","55","130","2769","594","0","0","0","0","0","-158000","5","-100.00","339","0","20","0","0","","0","0","0","","",""
"080004","0000","0","158500","158700","158800","159000","159500","159600","159700","159800","159900","160000","158400","158300","158200","158000","157200","156700","156000","155600","155200","155100","110","1000","150","143","51","2","910","4","30","385","259","10","3","31","1","100","61","4","40","55","2785","564","0","0","0","0","0","-158000","5","-100.00","339","16","-30","0","0","","0","0","0","","",""
"080005","0000","0","158500","158700","158800","159000","159500","159600","159700","159800","159900","160000","158400","158300","158200","158000","157200","156700","156000","155600","155200","155100","110","1000","150","143","91","2","910","4","30","385","259","10","3","31","1","100","61","4","40","55","2825","564","0","0","0","0","0","-158000","5","-100.00","339","40","0","0","0","","0","0","0","","",""
"080005","0001","0","158500","158700","158800","159000","159500","159600","159700","159800","159900","160000","158400","158300","158200","158000","157200","156700","156000","155600","155200","155100","110","1000","150","143","91","2","910","4","30","385","259","10","3","30","1","100","61","4","50","55","2825","573","0","0","0","0","0","-158000","5","-100.00","339","0","9","0","0","","0","0","0","","",""
"080005","0002","0","158700","158800","159000","159500","159600","159700","159800","159900","160000","160200","158500","158400","158300","158200","158000","157200","156700","156000","155600","155200","1000","150","143","91","2","910","4","30","385","3","390","359","10","3","30","1","100","61","4","50","2718","1008","0","0","0","0","0","-158000","5","-100.00","449","-107","435","0","0","","0","0","0","","",""
"080005","0003","0","158700","158800","159000","159500","159600","159700","159800","159900","160000","160200","158500","158400","158300","158200","158000","157200","156700","156000","155600","155200","1000","150","143","91","602","910","4","30","385","3","390","359","10","3","30","1","100","61","4","50","3318","1008","0","0","0","0","0","-158000","5","-100.00","449","600","0","0","0","","0","0","0","","",""
"080006","0000","0","158700","158800","159000","159100","159500","159600","159700","159800","159900","160000","158500","158400","158300","158200","158000","157200","156700","156000","155600","155200","1000","150","143","2","91","602","910","4","30","385","283","359","10","3","30","1","100","61","4","50","3317","901","0","0","0","0","0","-158000","5","-100.00","556","-1","-107","0","0","","0","0","0","","",""
"080006","0001","0","158700","158800","159000","159100","159500","159600","159700","159800","159900","160000","158500","158400","158300","158200","158000","157200","156700","156000","155600","155200","1000","150","143","2","91","602","910","4","30","385","283","359","10","3","30","59","100","61","4","50","3317","959","0","0","0","0","0","-158000","5","-100.00","556","0","58","0","0","","0","0","0","","",""
"080007","0000","0","158700","158800","159000","159100","159500","159600","159700","159800","159900","160000","158500","158400","158300","158200","158000","157200","156700","156000","155600","155200","1000","150","143","2","441","602","910","4","30","385","348","359","10","3","30","59","100","61","4","50","3667","1024","0","0","0","0","0","-158000","5","-100.00","556","350","65","0","0","","0","0","0","","",""
"080007","0001","0","158700","158800","159000","159100","159500","159600","159700","159800","159900","160000","158500","158400","158200","158000","157200","156700","156000","155600","155200","155100","999","150","143","2","441","602","910","4","30","385","358","359","3","30","59","100","61","4","50","55","3666","1079","0","0","0","0","0","-158000","5","-100.00","557","-1","55","0","0","","0","0","0","","",""
"080008","0000","0","158700","158800","159000","159100","159500","159600","159700","159800","159900","160000","158500","158400","158200","158000","157200","156700","156000","155600","155200","155100","999","150","143","2","441","602","910","4","30","385","358","359","3","40","59","100","61","4","50","55","3666","1089","0","0","0","0","0","-158000","5","-100.00","557","0","10","0","0","","0","0","0","","",""
"080008","0001","0","158700","158800","159000","159100","159400","159500","159600","159700","159800","159900","158500","158400","158200","158000","157200","156700","156000","155600","155200","155100","999","150","143","2","2","441","602","910","4","30","358","359","3","40","59","100","61","4","50","55","3283","1089","0","0","0","0","0","-158000","5","-100.00","557","-383","0","0","0","","0","0","0","","",""
"080009","0000","0","158700","158800","159000","159100","159400","159500","159600","159700","159800","159900","158500","158400","158200","158000","157200","156700","156000","155600","155200","155100","716","150","143","2","2","441","602","910","4","30","456","359","3","40","59","100","61","4","50","55","3000","1187","0","0","0","0","0","-158000","5","-100.00","840","-283","98","0","0","","0","0","0","","",""
"080009","0001","0","158700","158800","159000","159100","159400","159500","159600","159700","159800","159900","158500","158400","158200","158000","157200","156700","156100","156000","155600","155200","716","150","143","2","2","441","602","910","4","30","135","359","3","40","59","100","52","71","4","50","3000","873","0","0","0","0","0","-158000","5","-100.00","1161","0","-314","0","0","","0","0","0","","",""
"080009","0002","0","158700","158800","159000","159100","159400","159500","159600","159700","159800","159900","158500","158400","158200","158000","157200","156700","156100","156000","155600","155200","116","150","143","2","2","441","602","910","4","30","135","359","3","40","59","100","52","71","4","50","2400","873","0","0","0","0","0","-158000","5","-100.00","1761","-600","0","0","0","","0","0","0","","",""
"080009","0003","0","158700","158800","159000","159100","159400","159500","159600","159700","159800","159900","158500","158400","158200","158000","157200","156700","156000","155600","155200","155100","116","150","143","2","2","441","602","910","4","30","135","359","3","40","59","100","71","4","50","65","2400","886","0","0","0","0","0","-158000","5","-100.00","1761","0","13","0","0","","0","0","0","","",""
"080010","0000","0","158700","158800","159000","159100","159400","159500","159600","159700","159800","159900","158500","158400","158200","158000","157200","156700","156000","155600","155200","155100","116","150","143","2","2","441","602","910","4","30","155","359","3","40","59","100","71","4","50","65","2400","906","0","0","0","0","0","-158000","5","-100.00","1761","0","20","0","0","","0","0","0","","",""
"080010","0001","0","158700","158800","159000","159100","159400","159500","159600","159700","159800","159900","158500","158400","158200","158000","157200","156700","156000","155600","155200","155100","116","150","143","2","7","441","602","910","4","30","155","359","3","40","59","100","71","4","50","65","2405","906","0","0","0","0","0","-158000","5","-100.00","1761","5","0","0","0","","0","0","0","","",""
"080010","0002","0","158700","158800","159000","159100","159400","159500","159600","159700","159800","159900","158500","158400","158200","158000","157200","156700","156000","155600","155200","155100","116","150","143","2","7","441","602","910","6","30","155","359","3","40","59","100","71","4","50","65","2407","906","0","0","0","0","0","-158000","5","-100.00","1761","2","0","0","0","","0","0","0","","",""
"080011","0000","0","158700","158800","159000","159100","159400","159500","159600","159700","159800","159900","158500","158400","158200","158000","157200","156700","156000","155600","155200","155100","116","150","143","2","7","441","602","910","41","30","165","360","3","40","59","100","71","4","50","65","2442","917","0","0","0","0","0","-158000","5","-100.00","1761","35","11","0","0","","0","0","0","","",""
"080011","0001","0","158700","158800","159000","159100","159400","159500","159600","159700","159800","159900","158500","158400","158200","158000","157200","156700","156000","155600","155200","155100","117","150","143","2","7","441","602","910","41","30","165","365","3","40","59","100","71","4","50","65","2443","922","0","0","0","0","0","-158000","5","-100.00","1761","1","5","0","0","","0","0","0","","",""
"080012","0000","0","158700","158800","159000","159100","159400","159500","159600","159700","159800","159900","158500","158400","158200","158000","157200","156700","156000","155600","155200","155100","72","150","143","2","7","441","602","910","41","30","165","365","3","40","59","100","71","4","50","65","2398","922","0","0","0","0","0","-158000","5","-100.00","1811","-45","0","0","0","","0","0","0","","",""
"080012","0001","0","158700","158800","159000","159100","159400","159500","159600","159700","159800","159900","158500","158400","158200","158000","157200","156700","156000","155600","155200","155100","72","150","143","2","7","441","602","910","41","30","165","365","3","98","59","100","71","4","50","65","2398","980","0","0","0","0","0","-158000","5","-100.00","1811","0","58","0","0","","0","0","0","","",""
"080013","0000","0","158700","158800","159000","159100","159400","159500","159600","159700","159800","159900","158500","158400","158200","158000","157200","156700","156000","155600","155200","155100","72","150","143","2","7","441","602","910","41","30","165","365","4","98","59","100","71","4","50","65","2398","981","0","0","0","0","0","-158000","5","-100.00","1811","0","1","0","0","","0","0","0","","",""
"080013","0001","0","158700","158800","158900","159000","159100","159400","159500","159600","159700","159800","158500","158400","158200","158000","157200","156700","156000","155600","155200","155100","114","150","4","143","2","38","441","602","910","41","165","365","4","98","59","100","71","4","50","65","2445","981","0","0","0","0","0","-158000","5","-100.00","1811","47","0","0","0","","0","0","0","","",""
"080014","0000","0","158700","158800","158900","159000","159100","159400","159500","159600","159700","159800","158500","158400","158200","158000","157200","156700","156000","155600","155200","155100","68","150","4","143","2","39","441","602","910","41","165","365","4","98","59","100","71","4","50","65","2400","981","0","0","0","0","0","-158000","5","-100.00","1857","-45","0","0","0","","0","0","0","","",""
"080014","0001","0","158700","158800","158900","159000","159100","159400","159500","159600","159700","159800","158500","158400","158200","158000","157200","156700","156000","155600","155200","155100","68","150","4","193","2","39","441","602","910","41","64","365","4","98","59","100","71","4","50","65","2450","880","0","0","0","0","0","-158000","5","-100.00","1958","50","-101","0","0","","0","0","0","","",""
"080014","0002","0","158700","158800","158900","159000","159100","159400","159500","159600","159700","159800","158500","158400","158200","158000","157200","156700","156000","155600","155200","155100","68","150","4","193","22","39","441","602","910","41","65","365","4","98","59","100","71","4","50","65","2470","881","0","0","0","0","0","-158000","5","-100.00","1958","20","1","0","0","","0","0","0","","",""
"080014","0003","0","158700","158800","158900","159000","159100","159400","159500","159600","159700","159800","158500","158400","158200","158000","157200","156700","156000","155600","155200","155100","108","150","4","193","22","39","441","602","910","41","65","365","4","98","59","100","71","4","50","65","2510","881","0","0","0","0","0","-158000","5","-100.00","1958","40","0","0","0","","0","0","0","","",""
"080015","0000","0","158600","158700","158800","158900","159000","159100","159400","159500","159600","159700","158500","158400","158200","158000","157200","156700","156000","155600","155200","155100","8","108","150","4","193","22","39","441","602","910","65","365","4","118","59","100","71","4","50","65","2477","901","0","0","0","0","0","-158000","5","-100.00","1958","-33","20","0","0","","0","0","0","","",""
"080015","0001","0","158600","158700","158800","158900","159000","159100","159400","159500","159600","159700","158500","158400","158200","158000","157200","156700","156000","155600","155200","155100","8","108","150","4","193","22","39","441","602","910","67","365","4","118","59","100","71","4","50","65","2477","903","0","0","0","0","0","-158000","5","-100.00","1958","0","2","0","0","","0","0","0","","",""
"080015","0002","0","158700","158800","158900","159000","159100","159400","159500","159600","159700","159800","158600","158500","158400","158200","158000","157200","156700","156000","155600","155200","108","150","4","193","22","39","441","602","910","197","23","67","365","4","118","59","100","71","4","50","2666","861","0","0","0","0","0","-158000","5","-100.00","1966","189","-42","0","0","","0","0","0","","",""
"080016","0000","0","158700","158800","158900","159000","159100","159400","159500","159600","159700","159800","158600","158500","158400","158200","158000","157200","156700","156000","155600","155200","108","150","4","193","22","39","441","602","910","197","23","67","368","4","118","59","100","71","4","50","2666","864","0","0","0","0","0","-158000","5","-100.00","1966","0","3","0","0","","0","0","0","","",""
"080016","0001","0","158700","158800","158900","159000","159100","159400","159500","159600","159700","159800","158600","158500","158400","158200","158000","157200","156700","156000","155600","155200","108","150","4","193","22","39","441","602","910","197","23","67","368","4","119","59","100","71","4","50","2666","865","0","0","0","0","0","-158000","5","-100.00","1966","0","1","0","0","","0","0","0","","",""
"080017","0000","0","158700","158800","158900","159000","159100","159400","159500","159600","159700","159800","158400","158200","158000","157200","156700","156000","155600","155200","155100","155000","108","150","4","193","22","39","441","602","910","197","328","4","119","59","100","71","4","50","85","113","2666","933","0","0","0","0","0","-158000","5","-100.00","2096","0","68","0","0","","0","0","0","","",""
"080017","0001","0","158500","158700","158800","158900","159000","159100","159400","159500","159600","159700","158400","158200","158000","157200","156700","156000","155600","155200","155100","155000","11","108","150","4","193","22","39","441","602","910","328","4","119","59","100","71","4","50","85","113","2480","933","0","0","0","0","0","-158000","5","-100.00","2096","-186","0","0","0","","0","0","0","","",""
"080018","0000","0","158500","158700","158800","158900","159000","159100","159400","159500","159600","159700","158400","158200","158000","157200","156700","156000","155600","155200","155100","155000","11","108","150","4","193","22","39","441","602","910","328","4","139","59","100","71","4","50","85","113","2480","953","0","0","0","0","0","-158000","5","-100.00","2096","0","20","0","0","","0","0","0","","",""
"080018","0001","0","158500","158700","158800","158900","159000","159100","159400","159500","159600","159700","158400","158200","158000","157200","156700","156000","155600","155200","155100","155000","11","108","150","4","193","22","39","441","604","910","328","4","139","59","100","71","4","50","85","113","2482","953","0","0","0","0","0","-158000","5","-100.00","2096","2","0","0","0","","0","0","0","","",""
"080019","0000","0","158500","158700","158800","158900","159000","159100","159400","159500","159600","159700","158400","158200","158000","157200","156700","156000","155600","155200","155100","155000","11","108","150","4","193","22","39","441","604","910","341","4","139","59","100","71","4","50","85","113","2482","966","0","0","0","0","0","-158000","5","-100.00","2096","0","13","0","0","","0","0","0","","",""
"080019","0001","0","158700","158800","158900","159000","159100","159400","159500","159600","159700","159800","158500","158400","158200","158000","157200","156700","156000","155600","155200","155100","108","150","5","193","22","39","441","604","910","242","20","341","4","139","59","100","71","4","50","85","2714","873","0","0","0","0","0","-158000","5","-100.00","2107","232","-93","0","0","","0","0","0","","",""
"080020","0000","0","158700","158800","158900","159000","159100","159400","159500","159600","159700","159800","158500","158400","158200","158000","157200","156700","156000","155600","155400","155200","108","150","5","193","22","39","441","604","910","242","20","341","4","139","59","100","71","4","40","50","2714","828","0","0","0","0","0","-158000","5","-100.00","2107","0","-45","0","0","","0","0","0","","",""
"080020","0001","0","158500","158700","158800","158900","159000","159100","159400","159500","159600","159700","158400","158200","158000","157200","156700","156000","155600","155400","155200","155100","3","108","150","5","193","22","39","441","604","910","100","4","119","59","100","71","4","40","50","85","2475","632","0","0","0","0","0","-158000","5","-100.00","2389","-239","-196","0","0","","0","0","0","","",""
"080020","0002","0","158500","158700","158800","158900","159000","159100","159400","159500","159600","159700","158400","158200","158000","157200","156700","156000","155600","155400","155200","155100","3","109","150","5","193","22","39","441","604","910","100","4","119","59","100","71","4","40","50","85","2476","632","0","0","0","0","0","-158000","5","-100.00","2389","1","0","0","0","","0","0","0","","",""
"080021","0000","0","158500","158700","158800","158900","159000","159100","159400","159500","159600","159700","158400","158200","158000","157200","156700","156000","155600","155400","155200","155100","3","109","150","5","193","22","39","441","604","910","100","4","119","79","100","71","4","40","50","85","2476","652","0","0","0","0","0","-158000","5","-100.00","2389","0","20","0","0","","0","0","0","","",""
"080021","0001","0","158500","158700","158800","158900","159000","159100","159400","159500","159600","159700","158400","158200","158000","157200","156700","156000","155600","155400","155200","155100","3","109","150","5","293","22","39","441","604","910","100","4","119","84","100","71","4","40","50","85","2576","657","0","0","0","0","0","-158000","5","-100.00","2389","100","5","0","0","","0","0","0","","",""
"080022","0000","0","158500","158700","158800","158900","159000","159100","159400","159500","159600","159700","158400","158200","158000","157200","156700","156000","155600","155400","155200","155100","3","109","150","5","293","22","39","441","604","910","100","7","169","84","100","71","4","40","50","85","2576","710","0","0","0","0","0","-158000","5","-100.00","2389","0","53","0","0","","0","0","0","","",""
"080022","0001","0","158700","158800","158900","159000","159100","159400","159500","159600","159700","159800","158500","158400","158200","158000","157200","156700","156000","155600","155400","155200","109","150","5","293","22","39","441","604","910","242","2","100","7","169","84","100","75","4","40","50","2815","631","0","0","0","0","0","-158000","5","-100.00","2392","239","-79","0","0","","0","0","0","","",""
"080022","0002","0","158700","158800","158900","159000","159100","159400","159500","159600","159700","159800","158500","158400","158200","158000","157200","156700","156000","155600","155400","155200","109","150","5","293","22","39","441","604","910","242","3","100","7","169","84","100","75","4","40","50","2815","632","0","0","0","0","0","-158000","5","-100.00","2392","0","1","0","0","","0","0","0","","",""
"080022","0003","0","158500","158700","158800","158900","159000","159100","159400","159500","159600","159700","158400","158200","158000","157200","156700","156000","155600","155400","155200","155100","12","103","170","5","293","22","39","441","604","910","100","8","179","84","100","75","4","40","50","85","2599","725","0","0","0","0","0","-158000","5","-100.00","2401","-216","93","0","0","","0","0","0","","",""
"080023","0000","0","158500","158700","158800","158900","159000","159100","159400","159500","159600","159700","158400","158200","158000","157200","156700","156000","155600","155400","155200","155100","1","103","170","5","293","22","39","441","604","1020","100","8","179","84","100","75","4","40","50","85","2698","725","0","0","0","0","0","-158000","5","-100.00","2412","99","0","0","0","","0","0","0","","",""
"080024","0000","0","158500","158700","158800","158900","159000","159100","159400","159500","159600","159700","158400","158200","158000","157200","156700","156000","155600","155400","155200","155100","1","103","170","5","293","22","39","441","604","1020","101","9","179","84","100","75","4","40","50","85","2698","727","0","0","0","0","0","-158000","5","-100.00","2412","0","2","0","0","","0","0","0","","",""
"080024","0001","0","158500","158700","158800","158900","159000","159100","159400","159500","159600","159700","158400","158200","158000","157200","156700","156000","155600","155400","155200","155100","1","103","170","5","294","22","39","441","632","1020","101","9","179","84","100","75","4","40","50","85","2727","727","0","0","0","0","0","-158000","5","-100.00","2412","29","0","0","0","","0","0","0","","",""
"080025","0000","0","158400","158500","158600","158700","158800","158900","159000","159100","159400","159500","158200","158000","157200","156700","156000","155600","155400","155200","155100","155000","3","1","26","103","170","5","294","22","39","441","9","179","84","100","75","4","40","50","85","113","1104","739","0","0","0","0","0","-158000","5","-100.00","2513","-1623","12","0","0","","0","0","0","","",""
"080025","0001","0","158600","158700","158800","158900","159000","159100","159400","159500","159600","159700","158500","158200","158000","157200","156700","156000","155600","155400","155200","155100","26","103","170","5","294","22","39","441","632","1020","53","9","179","84","100","75","4","40","50","85","2752","679","0","0","0","0","0","-158000","5","-100.00","2535","1648","-60","0","0","","0","0","0","","",""
"080025","0002","0","158600","158700","158800","158900","159000","159100","159400","159500","159600","159700","158500","158200","158000","157200","156700","156000","155600","155400","155200","155100","26","103","170","5","294","22","39","441","632","1020","53","9","179","84","100","75","4","40","50","135","2752","729","0","0","0","0","0","-158000","5","-100.00","2535","0","50","0","0","","0","0","0","","",""
"080026","0000","0","158600","158700","158800","158900","159000","159100","159400","159500","159600","159700","158500","158200","158000","157200","156700","156000","155600","155500","155400","155200","26","103","170","5","294","22","39","441","632","1020","54","9","179","84","100","75","4","20","40","50","2752","615","0","0","0","0","0","-158000","5","-100.00","2535","0","-114","0","0","","0","0","0","","",""
"080026","0001","0","158600","158700","158800","158900","159000","159100","159400","159500","159600","159700","158500","158200","158000","157200","156700","156000","155600","155500","155400","155200","26","61","170","5","294","22","39","441","632","1020","54","9","179","84","100","75","4","20","40","50","2710","615","0","0","0","0","0","-158000","5","-100.00","2535","-42","0","0","0","","0","0","0","","",""
"080026","0002","0","158600","158700","158800","158900","159000","159100","159400","159500","159600","159700","158500","158200","158000","157200","156700","156000","155600","155500","155400","155200","26","61","170","5","294","22","39","441","632","1020","59","9","179","84","100","75","4","20","40","50","2710","620","0","0","0","0","0","-158000","5","-100.00","2535","0","5","0","0","","0","0","0","","",""
"080027","0000","0","158600","158700","158800","158900","159000","159100","159400","159500","159600","159700","158500","158400","158200","158000","157200","156700","156000","155600","155500","155400","26","61","170","5","294","22","39","441","632","1020","59","1","9","179","84","100","75","4","20","40","2710","571","0","0","0","0","0","-158000","5","-100.00","2535","0","-49","0","0","","0","0","0","","",""
"080027","0001","0","158600","158700","158800","158900","159000","159100","159400","159500","159600","159700","158500","158400","158200","158000","157200","156700","156000","155600","155500","155400","66","21","170","5","294","22","39","441","632","1020","59","1","9","179","84","100","75","4","20","40","2710","571","0","0","0","0","0","-158000","5","-100.00","2535","0","0","0","0","","0","0","0","","",""
"080028","0000","0","158400","158500","158600","158700","158800","158900","159000","159100","159400","159500","158200","158000","157200","156700","156000","155600","155500","155400","155200","155100","3","76","66","21","170","5","294","22","39","441","9","189","84","100","75","4","20","40","50","135","1137","706","0","0","0","0","0","-158000","5","-100.00","2595","-1573","135","0","0","","0","0","0","","",""
"080028","0001","0","158400","158500","158600","158700","158800","158900","159000","159100","159400","159500","158300","158200","158000","157200","156700","156000","155600","155500","155400","155200","3","118","66","21","170","5","294","22","39","441","1","9","219","84","100","75","4","20","40","50","1179","602","0","0","0","0","0","-158000","5","-100.00","2595","42","-104","0","0","","0","0","0","","",""
"080028","0002","0","158400","158500","158600","158700","158800","158900","159000","159100","159400","159500","158300","158200","158000","157200","156700","156000","155600","155500","155400","155200","5","116","66","21","170","5","294","22","39","441","1","9","219","84","100","75","4","20","40","50","1179","602","0","0","0","0","0","-158000","5","-100.00","2600","0","0","0","0","","0","0","0","","",""
"080028","0003","0","158500","158600","158700","158800","158900","159000","159100","159400","159500","159600","158300","158200","158000","157200","156700","156000","155600","155500","155400","155200","115","66","21","170","5","294","22","39","441","632","1","9","219","84","100","75","4","20","40","50","1805","602","0","0","0","0","0","-158000","5","-100.00","2606","626","0","0","0","","0","0","0","","",""
"080029","0000","0","158500","158600","158700","158800","158900","159000","159100","159400","159500","159600","158300","158200","158000","157200","156700","156000","155600","155500","155400","155200","115","66","21","170","5","394","22","39","441","632","8","9","219","84","100","75","4","20","40","50","1905","609","0","0","0","0","0","-158000","5","-100.00","2606","100","7","0","0","","0","0","0","","",""
"080029","0001","0","158500","158600","158700","158800","158900","159000","159100","159400","159500","159600","158300","158200","158000","157200","156700","156000","155600","155500","155400","155200","95","166","21","170","5","394","22","39","441","632","8","9","219","84","100","75","4","20","40","50","1985","609","0","0","0","0","0","-158000","5","-100.00","2626","80","0","0","0","","0","0","0","","",""
"080029","0002","0","158500","158600","158700","158800","158900","159000","159100","159400","159500","159600","158300","158200","158000","157200","156700","156000","155600","155500","155400","155200","90","166","21","170","5","394","22","39","441","632","8","9","219","84","100","75","4","20","40","50","1980","609","0","0","0","0","0","-158000","5","-100.00","2631","-5","0","0","0","","0","0","0","","",""
"080030","0000","0","158500","158600","158700","158800","158900","159000","159100","159400","159500","159600","158300","158200","158000","157200","156700","156000","155600","155500","155400","155200","90","166","21","170","333","394","22","39","441","632","8","10","219","84","100","75","4","20","40","50","2308","610","0","0","0","0","0","-158000","5","-100.00","2631","328","1","0","0","","0","0","0","","",""
"080030","0001","0","158500","158600","158700","158800","158900","159000","159100","159400","159500","159600","158400","158300","158200","158000","157200","156700","156000","155600","155500","155400","84","167","21","170","333","394","22","39","441","632","1","8","10","219","84","100","75","4","20","40","2303","561","0","0","0","0","0","-158000","5","-100.00","2637","-5","-49","0","0","","0","0","0","","",""
"080030","0002","0","158500","158600","158700","158800","158900","159000","159100","159400","159500","159600","158400","158300","158200","158000","157200","156700","156000","155600","155500","155400","84","167","21","170","333","394","22","39","441","632","1","8","34","219","84","100","75","4","20","40","2303","585","0","0","0","0","0","-158000","5","-100.00","2637","0","24","0","0","","0","0","0","","",""
"080031","0000","0","158500","158600","158700","158800","158900","159000","159100","159400","159500","159600","158400","158300","158200","158000","157900","157200","156700","156000","155600","155500","84","167","21","170","333","394","22","39","441","632","1","8","34","219","10","84","100","75","4","20","2303","555","0","0","0","0","0","-158000","5","-100.00","2637","0","-30","0","0","","0","0","0","","",""
"080031","0001","0","158500","158600","158700","158800","158900","159000","159100","159400","159500","159600","158400","158300","158200","158000","157900","157200","156700","156000","155600","155500","84","167","26","170","333","394","22","39","441","632","11","8","34","219","10","84","100","75","4","20","2308","565","0","0","0","0","0","-158000","5","-100.00","2637","5","10","0","0","","0","0","0","","",""
"080031","0002","0","158500","158600","158700","158800","158900","159000","159100","159400","159500","159600","158400","158300","158200","158000","157900","157200","156700","156000","155600","155500","84","167","26","170","334","394","72","39","441","632","11","8","179","219","10","84","100","75","4","20","2359","710","0","0","0","0","0","-158000","5","-100.00","2637","51","145","0","0","","0","0","0","","",""
"080032","0000","0","158500","158600","158700","158800","158900","159000","159100","159400","159500","159600","158400","158300","158200","158000","157900","157200","156700","156000","155600","155500","84","167","26","170","334","394","72","139","441","632","11","8","179","219","10","84","100","75","4","20","2459","710","0","0","0","0","0","-158000","5","-100.00","2637","100","0","0","0","","0","0","0","","",""
"080032","0001","0","158500","158600","158700","158800","158900","159000","159100","159400","159500","159600","158400","158300","158200","158000","157900","157200","156700","156000","155600","155500","84","167","33","170","342","395","72","139","441","632","11","108","179","219","10","84","100","75","4","20","2475","810","0","0","0","0","0","-158000","5","-100.00","2637","16","100","0","0","","0","0","0","","",""
"080034","0000","0","158500","158600","158700","158800","158900","159000","159100","159400","159500","159600","158400","158300","158200","158000","157900","157200","156700","156000","155600","155500","124","127","33","170","342","395","72","139","441","632","11","108","179","219","10","84","100","75","4","20","2475","810","0","0","0","0","0","-158000","5","-100.00","2637","0","0","0","0","","0","0","0","","",""
"080034","0001","0","158500","158600","158700","158800","158900","159000","159100","159400","159500","159600","158400","158300","158200","158000","157900","157200","156700","156000","155600","155500","128","127","33","170","342","395","72","139","441","632","11","108","179","219","10","84","100","75","4","20","2479","810","0","0","0","0","0","-158000","5","-100.00","2637","4","0","0","0","","0","0","0","","",""
"080034","0002","0","158500","158600","158700","158800","158900","159000","159100","159400","159500","159600","158400","158300","158200","158000","157900","157200","156700","156000","155600","155500","123","127","33","170","342","395","72","139","441","632","11","108","179","219","10","84","100","75","4","20","2474","810","0","0","0","0","0","-158000","5","-100.00","2642","-5","0","0","0","","0","0","0","","",""
"080035","0000","0","158500","158600","158700","158800","158900","159000","159100","159400","159500","159600","158400","158300","158200","158000","157900","157200","156700","156000","155600","155500","153","127","33","170","342","395","72","139","441","632","11","108","179","219","10","84","100","75","4","20","2504","810","0","0","0","0","0","-158000","5","-100.00","2642","30","0","0","0","","0","0","0","","",""
"080035","0001","0","158500","158600","158700","158800","158900","159000","159100","159400","159500","159600","158400","158300","158200","158000","157900","157200","156700","156000","155600","155500","153","127","33","170","342","395","72","139","441","632","12","108","179","219","10","84","100","75","4","20","2504","811","0","0","0","0","0","-158000","5","-100.00","2642","0","1","0","0","","0","0","0","","",""
"080035","0002","0","158500","158600","158700","158800","158900","159000","159100","159400","159500","159600","158400","158300","158200","158000","157900","157200","156700","156000","155600","155500","153","127","33","170","342","395","72","139","441","632","12","108","179","219","110","84","100","75","4","20","2504","911","0","0","0","0","0","-158000","5","-100.00","2642","0","100","0","0","","0","0","0","","",""
"080035","0003","0","158500","158600","158700","158800","158900","159000","159100","159400","159500","159600","158400","158300","158200","158000","157900","157200","156700","156000","155600","155500","153","127","33","170","342","395","72","139","441","632","12","108","179","219","110","84","100","76","4","20","2504","912","0","0","0","0","0","-158000","5","-100.00","2642","0","1","0","0","","0","0","0","","",""
"080036","0000","0","158500","158600","158700","158800","158900","159000","159100","159400","159500","159600","158400","158300","158200","158000","157900","157200","156700","156000","155600","155500","143","127","33","170","342","395","72","139","441","632","12","108","179","219","110","84","100","76","4","20","2494","912","0","0","0","0","0","-158000","5","-100.00","2652","-10","0","0","0","","0","0","0","","",""
"080036","0001","0","158500","158600","158700","158800","158900","159000","159100","159400","159500","159600","158400","158300","158200","158000","157900","157200","156700","156000","155600","155500","143","127","33","170","342","395","72","139","441","632","12","109","179","219","110","84","100","76","4","20","2494","913","0","0","0","0","0","-158000","5","-100.00","2652","0","1","0","0","","0","0","0","","",""
"080036","0002","0","158500","158600","158700","158800","158900","159000","159100","159400","159500","159600","158400","158300","158200","158000","157900","157200","156700","156000","155600","155500","143","127","33","175","342","395","72","139","441","632","12","109","179","219","110","84","100","76","4","20","2499","913","0","0","0","0","0","-158000","5","-100.00","2652","5","0","0","0","","0","0","0","","",""
"080036","0003","0","158500","158600","158700","158800","158900","159000","159100","159400","159500","159600","158400","158300","158200","158000","157900","157200","156700","156000","155600","155500","123","127","33","175","342","395","72","139","441","632","12","109","179","219","110","84","100","76","4","20","2479","913","0","0","0","0","0","-158000","5","-100.00","2672","-20","0","0","0","","0","0","0","","",""
"080036","0004","0","158500","158600","158700","158800","158900","159000","159100","159400","159500","159600","158400","158300","158200","158000","157900","157200","156700","156000","155600","155500","31","127","33","175","342","395","72","139","441","632","12","109","179","219","110","84","100","76","4","20","2387","913","0","0","0","0","0","-158000","5","-100.00","2764","-92","0","0","0","","0","0","0","","",""
"080037","0000","0","158500","158600","158700","158800","158900","159000","159100","159400","159500","159600","158400","158300","158200","158000","157900","157200","156700","156000","155600","155500","31","127","34","175","342","395","72","139","441","632","12","109","179","219","110","84","100","76","4","20","2388","913","0","0","0","0","0","-158000","5","-100.00","2764","1","0","0","0","","0","0","0","","",""
"080037","0001","0","158600","158700","158800","158900","159000","159100","159400","159500","159600","159700","158500","158400","158300","158200","158000","157900","157200","156700","156000","155600","127","34","175","342","395","72","139","441","632","1020","19","12","109","179","219","110","84","100","76","4","3377","912","0","0","0","0","0","-158000","5","-100.00","2795","989","-1","0","0","","0","0","0","","",""
"080038","0000","0","158600","158700","158800","158900","159000","159100","159400","159500","159600","159700","158500","158400","158300","158200","158000","157900","157200","156700","156000","155600","127","44","175","342","395","72","139","441","632","1020","19","12","109","179","219","110","84","100","76","4","3387","912","0","0","0","0","0","-158000","5","-100.00","2795","10","0","0","0","","0","0","0","","",""
"080038","0001","0","158600","158700","158800","158900","159000","159100","159400","159500","159600","159700","158500","158400","158300","158200","158000","157900","157200","156700","156000","155600","127","44","175","342","395","72","139","441","632","1020","19","12","109","179","219","110","84","100","76","4","3387","912","0","0","0","0","0","-158000","5","-100.00","2795","0","0","0","0","","0","0","0","","",""
"080038","0002","0","158400","158600","158700","158800","158900","159000","159100","159400","159500","159600","158300","158200","158000","157900","157200","156700","156000","155600","155500","155400","31","127","44","175","342","395","72","139","441","632","109","179","219","110","84","100","76","4","20","40","2398","941","0","0","0","0","0","-158000","5","-100.00","2826","-989","29","0","0","","0","0","0","","",""
"080038","0003","0","158400","158600","158700","158800","158900","159000","159100","159400","159500","159600","158300","158200","158000","157900","157200","156700","156000","155600","155500","155400","31","127","44","185","342","395","72","139","441","632","109","179","219","110","84","100","76","4","20","40","2408","941","0","0","0","0","0","-158000","5","-100.00","2826","10","0","0","0","","0","0","0","","",""
"080039","0000","0","158600","158700","158800","158900","159000","159100","159400","159500","159600","159700","158300","158200","158000","157900","157500","157200","156700","156000","155600","155500","127","44","185","342","395","99","139","441","632","1020","109","179","219","110","1","84","100","76","4","20","3424","902","0","0","0","0","0","-158000","5","-100.00","2857","1016","-39","0","0","","0","0","0","","",""
"080039","0001","0","158600","158700","158800","158900","159000","159100","159300","159400","159500","159600","158300","158200","158000","157900","157500","157200","156700","156000","155600","155500","128","44","185","342","395","99","1","139","441","632","109","179","219","110","1","84","100","76","4","20","2406","902","0","0","0","0","0","-158000","5","-100.00","2857","-1018","0","0","0","","0","0","0","","",""
"080039","0002","0","158600","158700","158800","158900","159000","159100","159300","159400","159500","159600","158300","158200","158000","157900","157500","157200","156700","156000","155600","155500","128","44","185","352","395","99","1","139","441","632","109","179","219","110","1","84","100","76","4","20","2416","902","0","0","0","0","0","-158000","5","-100.00","2857","10","0","0","0","","0","0","0","","",""
"080040","0000","0","158600","158700","158800","158900","159000","159100","159300","159400","159500","159600","158500","158300","158200","158000","157900","157500","157200","156700","156000","155600","128","44","185","352","395","99","1","139","441","632","5","109","179","219","110","1","84","100","76","4","2416","887","0","0","0","0","0","-158000","5","-100.00","2857","0","-15","0","0","","0","0","0","","",""
"080041","0000","0","158600","158700","158800","158900","159000","159100","159300","159400","159500","159600","158500","158300","158200","158000","157900","157500","157200","156700","156000","155600","128","44","185","352","395","99","1","139","441","632","55","109","179","219","110","1","84","100","96","4","2416","957","0","0","0","0","0","-158000","5","-100.00","2857","0","70","0","0","","0","0","0","","",""
"080043","0000","0","158700","158800","158900","159000","159100","159300","159400","159500","159600","159700","158600","158500","158400","158300","158200","158000","157900","157500","157200","156700","44","185","352","395","99","1","139","441","632","1040","372","55","3","109","179","219","110","1","84","100","3328","1232","0","0","0","0","0","-158000","5","-100.00","2985","912","275","0","0","","0","0","0","","",""
"080043","0001","0","158700","158800","158900","159000","159100","159300","159400","159500","159600","159700","158600","158500","158400","158300","158200","158000","157900","157500","157200","156700","44","185","357","395","99","1","139","441","632","1040","372","55","3","109","179","219","110","1","84","100","3333","1232","0","0","0","0","0","-158000","5","-100.00","2985","5","0","0","0","","0","0","0","","",""
"080044","0000","0","158700","158800","158900","159000","159100","159300","159400","159500","159600","159700","158600","158500","158400","158300","158200","158000","157900","157500","157200","156700","44","185","357","395","99","1","139","441","632","1040","372","86","3","109","179","220","110","1","84","100","3333","1264","0","0","0","0","0","-158000","5","-100.00","2985","0","32","0","0","","0","0","0","","",""
"080044","0001","0","158700","158800","158900","159000","159100","159300","159400","159500","159600","159700","158600","158500","158400","158300","158200","158000","157900","157500","157200","156700","44","185","357","395","99","1","139","441","632","1040","372","92","3","109","179","220","110","1","84","100","3333","1270","0","0","0","0","0","-158000","5","-100.00","2985","0","6","0","0","","0","0","0","","",""
"080044","0002","0","158700","158800","158900","159000","159100","159300","159400","159500","159600","159700","158600","158500","158400","158300","158200","158000","157900","157500","157200","156700","44","185","357","395","99","1","139","441","632","1040","372","92","3","109","179","220","110","1","85","100","3333","1271","0","0","0","0","0","-158000","5","-100.00","2985","0","1","0","0","","0","0","0","","",""
"080044","0003","0","158700","158800","158900","159000","159100","159300","159400","159500","159600","159700","158600","158500","158400","158300","158200","158000","157900","157500","157200","156700","44","185","358","325","99","1","139","441","632","1040","372","92","3","109","179","220","110","1","85","100","3264","1271","0","0","0","0","0","-158000","5","-100.00","2985","-69","0","0","0","","0","0","0","","",""
"080045","0000","0","158700","158800","158900","159000","159100","159300","159400","159500","159600","159700","158600","158500","158400","158300","158200","158000","157900","157500","157200","156700","44","185","358","325","99","7","139","441","632","1040","372","92","3","109","179","220","110","1","85","100","3270","1271","0","0","0","0","0","-158000","5","-100.00","2985","6","0","0","0","","0","0","0","","",""
"080045","0001","0","158700","158800","158900","159000","159100","159300","159400","159500","159600","159700","158600","158500","158400","158300","158200","158000","157900","157500","157200","156700","44","185","358","325","99","7","139","441","632","1040","372","92","4","109","179","220","110","1","85","100","3270","1272","0","0","0","0","0","-158000","5","-100.00","2985","0","1","0","0","","0","0","0","","",""
"080045","0002","0","158700","158800","158900","159000","159100","159300","159400","159500","159600","159700","158600","158500","158400","158300","158200","158000","157900","157500","157200","156700","44","185","358","325","99","7","139","442","632","1040","340","92","4","109","179","220","110","1","85","100","3271","1240","0","0","0","0","0","-158000","5","-100.00","3017","1","-32","0","0","","0","0","0","","",""
"080046","0000","0","158700","158800","158900","159000","159100","159300","159400","159500","159600","159700","158600","158500","158400","158300","158200","158000","157900","157800","157500","157200","44","185","358","325","99","7","139","442","632","1040","340","92","4","109","179","220","10","100","1","85","3271","1140","0","0","0","0","0","-158000","5","-100.00","3017","0","-100","0","0","","0","0","0","","",""
"080046","0001","0","158700","158800","158900","159000","159100","159300","159400","159500","159600","159700","158600","158500","158400","158300","158200","158000","157900","157800","157500","157200","44","185","358","325","99","7","139","442","632","1040","340","92","8","109","179","220","10","100","1","85","3271","1144","0","0","0","0","0","-158000","5","-100.00","3017","0","4","0","0","","0","0","0","","",""
"080047","0000","0","158700","158800","158900","159000","159100","159300","159400","159500","159600","159700","158600","158500","158400","158300","158200","158000","157900","157800","157500","157200","44","185","358","325","99","7","139","442","632","1040","340","92","8","109","179","220","10","100","1","85","3271","1144","0","0","0","0","0","-158000","5","-100.00","3017","0","0","0","0","","0","0","0","","",""
"080047","0001","0","158700","158800","158900","159000","159100","159300","159400","159500","159600","159700","158600","158500","158400","158300","158200","158000","157900","157800","157500","157200","44","185","358","325","99","7","139","442","632","1040","340","92","20","109","179","220","10","100","1","85","3271","1156","0","0","0","0","0","-158000","5","-100.00","3017","0","12","0","0","","0","0","0","","",""
"080048","0000","0","158700","158800","158900","159000","159100","159300","159400","159500","159600","159700","158600","158500","158400","158300","158200","158000","157900","157800","157500","157200","44","185","358","325","99","7","139","442","632","1050","340","92","20","109","179","220","10","100","1","85","3281","1156","0","0","0","0","0","-158000","5","-100.00","3017","10","0","0","0","","0","0","0","","",""
"080048","0001","0","158700","158800","158900","159000","159100","159300","159400","159500","159600","159700","158600","158500","158400","158300","158200","158000","157900","157800","157600","157500","44","185","358","325","99","7","139","442","632","1050","340","92","20","109","179","220","10","100","222","1","3281","1293","0","0","0","0","0","-158000","5","-100.00","3017","0","137","0","0","","0","0","0","","",""
"080048","0002","0","158700","158800","158900","159000","159100","159300","159400","159500","159600","159700","158600","158500","158400","158300","158200","158000","157900","157800","157600","157500","44","185","358","253","99","7","139","442","632","1050","330","92","20","109","179","220","10","100","222","1","3209","1283","0","0","0","0","0","-158000","5","-100.00","3027","-72","-10","0","0","","0","0","0","","",""
"080049","0000","0","158700","158800","158900","159000","159100","159300","159400","159500","159600","159700","158600","158500","158400","158300","158200","158000","157900","157800","157600","157500","44","185","358","253","99","7","139","442","632","1050","340","92","20","109","179","220","10","100","222","1","3209","1293","0","0","0","0","0","-158000","5","-100.00","3027","0","10","0","0","","0","0","0","","",""
"080049","0001","0","158700","158800","158900","159000","159100","159300","159400","159500","159600","159700","158600","158500","158400","158300","158200","158000","157900","157800","157600","157500","34","185","358","253","99","7","139","442","632","1050","340","102","20","109","179","220","10","100","222","1","3199","1303","0","0","0","0","0","-158000","5","-100.00","3037","-10","10","0","0","","0","0","0","","",""
"080049","0002","0","158700","158800","158900","159000","159100","159300","159400","159500","159600","159700","158600","158500","158400","158300","158200","158000","157900","157800","157600","157500","83","185","358","253","99","7","139","442","632","1050","339","142","20","109","179","220","10","100","222","1","3248","1342","0","0","0","0","0","-158000","5","-100.00","3038","49","39","0","0","","0","0","0","","",""
"080050","0000","0","158700","158800","158900","159000","159100","159300","159400","159500","159600","159700","158600","158500","158400","158300","158200","158000","157900","157800","157600","157500","83","185","358","253","99","7","139","442","632","1050","326","142","19","109","179","220","10","100","222","1","3248","1328","0","0","0","0","0","-158000","5","-100.00","3051","0","-14","0","0","","0","0","0","","",""
"080050","0001","0","158700","158800","158900","159000","159100","159300","159400","159500","159600","159700","158600","158500","158400","158300","158200","158000","157900","157800","157600","157500","123","185","358","253","99","7","139","442","632","1050","326","142","19","109","179","220","10","100","222","1","3288","1328","0","0","0","0","0","-158000","5","-100.00","3051","40","0","0","0","","0","0","0","","",""
"080051","0000","0","158700","158800","158900","159000","159100","159300","159400","159500","159600","159700","158600","158500","158400","158300","158200","158000","157900","157800","157600","157500","123","185","358","253","99","7","139","442","632","1050","326","142","19","109","179","240","10","100","222","1","3288","1348","0","0","0","0","0","-158000","5","-100.00","3051","0","20","0","0","","0","0","0","","",""
"080051","0001","0","158700","158800","158900","159000","159100","159300","159400","159500","159600","159700","158600","158500","158400","158300","158200","158000","157900","157800","157600","157500","123","185","358","253","99","7","139","442","632","1051","326","142","19","109","179","240","10","100","222","1","3289","1348","0","0","0","0","0","-158000","5","-100.00","3051","1","0","0","0","","0","0","0","","",""
"080051","0002","0","158700","158800","158900","159000","159100","159300","159400","159500","159600","159700","158600","158500","158400","158300","158200","158000","157900","157800","157600","157500","123","185","358","253","99","7","139","442","632","1251","326","142","19","109","179","240","10","100","222","1","3489","1348","0","0","0","0","0","-158000","5","-100.00","3051","200","0","0","0","","0","0","0","","",""
"080052","0000","0","158700","158800","158900","159000","159100","159300","159400","159500","159600","159700","158600","158500","158400","158300","158200","158000","157900","157800","157600","157500","123","185","358","253","99","7","139","442","632","1251","296","142","19","109","179","240","10","100","222","1","3489","1318","0","0","0","0","0","-158000","5","-100.00","3081","0","-30","0","0","","0","0","0","","",""
"080052","0001","0","158700","158800","158900","159000","159100","159300","159400","159500","159600","159700","158600","158500","158400","158300","158200","158000","157900","157800","157600","157500","124","185","358","253","99","7","139","442","632","1251","296","142","19","109","179","240","10","100","222","1","3490","1318","0","0","0","0","0","-158000","5","-100.00","3081","1","0","0","0","","0","0","0","","",""
"080052","0002","0","158700","158800","158900","159000","159100","159300","159400","159500","159600","159700","158600","158500","158400","158300","158200","158000","157900","157800","157600","157500","123","185","358","253","99","7","139","442","632","1251","296","142","19","109","179","240","10","100","222","1","3489","1318","0","0","0","0","0","-158000","5","-100.00","3082","-1","0","0","0","","0","0","0","","",""
"080053","0000","0","158700","158800","158900","159000","159100","159300","159400","159500","159600","159700","158600","158500","158400","158300","158200","158000","157900","157800","157600","157500","118","185","358","253","99","7","139","442","632","1251","291","142","19","109","179","240","10","100","222","1","3484","1313","0","0","0","0","0","-158000","5","-100.00","3087","-5","-5","0","0","","0","0","0","","",""
"080053","0001","0","158700","158800","158900","159000","159100","159300","159400","159500","159600","159700","158600","158500","158400","158300","158200","158000","157900","157800","157600","157500","118","225","358","253","99","7","139","442","632","1251","291","142","19","109","179","240","10","100","222","1","3524","1313","0","0","0","0","0","-158000","5","-100.00","3087","40","0","0","0","","0","0","0","","",""
"080053","0002","0","158700","158800","158900","159000","159100","159300","159400","159500","159600","159700","158600","158500","158400","158300","158200","158000","157900","157800","157600","157500","118","225","358","253","99","7","139","442","632","1251","295","142","19","109","179","240","10","100","222","1","3524","1317","0","0","0","0","0","-158000","5","-100.00","3087","0","4","0","0","","0","0","0","","",""
"080054","0000","0","158700","158800","158900","159000","159100","159300","159400","159500","159600","159700","158600","158500","158400","158300","158200","158000","157900","157800","157600","157500","118","225","358","253","99","7","139","442","632","1251","285","142","19","109","179","240","10","100","222","1","3524","1307","0","0","0","0","0","-158000","5","-100.00","3097","0","-10","0","0","","0","0","0","","",""
"080054","0001","0","158700","158800","158900","159000","159100","159300","159400","159500","159600","159700","158600","158500","158400","158300","158200","158000","157900","157800","157600","157500","119","225","358","253","99","7","139","442","632","1251","285","142","19","109","179","240","10","100","222","101","3525","1407","0","0","0","0","0","-158000","5","-100.00","3097","1","100","0","0","","0","0","0","","",""
"080054","0002","0","158700","158800","158900","159000","159100","159300","159400","159500","159600","159700","158600","158500","158400","158300","158200","158000","157900","157800","157600","157500","119","225","358","253","99","7","139","442","632","1251","235","142","19","109","179","241","10","100","222","101","3525","1358","0","0","0","0","0","-158000","5","-100.00","3147","0","-49","0","0","","0","0","0","","",""
"080055","0000","0","158700","158800","158900","159000","159100","159300","159400","159500","159600","159700","158600","158500","158400","158300","158200","158000","157900","157800","157600","157500","119","225","358","253","99","7","139","442","632","1251","111","142","19","109","179","241","10","100","222","101","3525","1234","0","0","0","0","0","-158000","5","-100.00","3271","0","-124","0","0","","0","0","0","","",""
"080055","0001","0","158700","158800","158900","159000","159100","159300","159400","159500","159600","159700","158600","158500","158400","158300","158200","158000","157900","157800","157600","157500","119","225","358","253","99","7","139","442","632","1251","116","137","19","109","179","241","10","100","222","101","3525","1234","0","0","0","0","0","-158000","5","-100.00","3271","0","0","0","0","","0","0","0","","",""
"080055","0002","0","158700","158800","158900","159000","159100","159300","159400","159500","159600","159700","158600","158500","158400","158300","158200","158000","157900","157800","157600","157500","119","225","358","253","99","7","139","442","632","1251","116","137","97","109","179","241","10","100","222","101","3525","1312","0","0","0","0","0","-158000","5","-100.00","3271","0","78","0","0","","0","0","0","","",""
"080055","0003","0","158700","158800","158900","159000","159100","159300","159400","159500","159600","159700","158600","158500","158400","158300","158200","158000","157900","157800","157600","157500","119","225","358","254","99","7","139","442","632","1251","116","137","97","109","179","241","10","100","222","101","3526","1312","0","0","0","0","0","-158000","5","-100.00","3271","1","0","0","0","","0","0","0","","",""
"080056","0000","0","158700","158800","158900","159000","159100","159300","159400","159500","159600","159700","158600","158500","158400","158300","158200","158000","157900","157800","157600","157500","119","225","358","254","99","7","139","442","632","1251","117","137","97","109","179","241","10","100","222","101","3526","1313","0","0","0","0","0","-158000","5","-100.00","3271","0","1","0","0","","0","0","0","","",""
"080056","0001","0","158700","158800","158900","159000","159100","159300","159400","159500","159600","159700","158600","158500","158400","158300","158200","158000","157900","157800","157600","157500","124","225","358","254","99","7","139","442","632","1251","117","137","97","109","179","241","10","100","222","101","3531","1313","0","0","0","0","0","-158000","5","-100.00","3271","5","0","0","0","","0","0","0","","",""
"080056","0002","0","158700","158800","158900","159000","159100","159300","159400","159500","159600","159700","158600","158500","158400","158300","158200","158000","157900","157800","157600","157500","159","225","358","254","99","7","139","442","632","1251","117","137","97","109","179","241","10","100","222","101","3566","1313","0","0","0","0","0","-158000","5","-100.00","3271","35","0","0","0","","0","0","0","","",""
"080057","0000","0","158700","158800","158900","159000","159100","159300","159400","159500","159600","159700","158600","158500","158400","158300","158200","158000","157900","157800","157600","157500","159","225","358","254","99","7","139","442","632","1251","113","131","107","109","179","241","10","100","222","101","3566","1313","0","0","0","0","0","-158000","5","-100.00","3281","0","0","0","0","","0","0","0","","",""
"080057","0001","0","158700","158800","158900","159000","159100","159300","159400","159500","159600","159700","158600","158500","158400","158300","158200","158000","157900","157800","157600","157500","159","225","358","254","99","7","139","442","632","1251","119","131","107","109","179","241","10","100","222","101","3566","1319","0","0","0","0","0","-158000","5","-100.00","3281","0","6","0","0","","0","0","0","","",""
"080057","0002","0","158700","158800","158900","159000","159100","159300","159400","159500","159600","159700","158600","158500","158400","158300","158200","158000","157900","157800","157600","157500","159","225","358","254","99","7","139","442","632","1251","116","131","107","109","179","241","10","100","222","101","3566","1316","0","0","0","0","0","-158000","5","-100.00","3284","0","-3","0","0","","0","0","0","","",""
"080057","0003","0","158700","158800","158900","159000","159100","159300","159400","159500","159600","159700","158600","158500","158400","158300","158200","158000","157900","157800","157600","157500","159","225","358","254","99","7","139","442","632","1251","116","131","107","109","179","241","10","100","222","101","3566","1316","0","0","0","0","0","-158000","5","-100.00","3284","0","0","0","0","","0","0","0","","",""
"080058","0000","0","158700","158800","158900","159000","159100","159300","159400","159500","159600","159700","158600","158500","158400","158300","158200","158000","157900","157800","157600","157500","61","225","358","254","99","7","139","442","632","1251","127","131","107","9","179","241","10","100","222","101","3468","1227","0","0","0","0","0","-158000","5","-100.00","3384","-98","-89","0","0","","0","0","0","","",""
"080058","0001","0","158700","158800","158900","159000","159100","159300","159400","159500","159600","159700","158600","158500","158400","158300","158200","158000","157900","157800","157600","157500","61","225","358","254","99","7","139","442","632","1251","127","131","107","9","179","241","10","100","222","101","3468","1227","0","0","0","0","0","-158000","5","-100.00","3384","0","0","0","0","","0","0","0","","",""
"080059","0000","0","158700","158800","158900","159000","159100","159300","159400","159500","159600","159700","158600","158500","158400","158300","158200","158000","157900","157600","157500","157400","61","225","358","254","99","7","139","442","632","1251","272","131","107","9","34","241","10","222","201","50","3468","1277","0","0","0","0","0","-158000","5","-100.00","3384","0","50","0","0","","0","0","0","","",""
"080100","0000","0","158700","158800","158900","159000","159100","159300","159400","159500","159600","159700","158600","158500","158400","158300","158200","158000","157900","157600","157500","157400","61","225","358","254","99","7","139","442","632","1251","282","131","107","9","34","241","10","222","201","50","3468","1287","0","0","0","0","0","-158000","5","-100.00","3384","0","10","0","0","","0","0","0","","",""
"080100","0001","0","158700","158800","158900","159000","159100","159300","159400","159500","159600","159700","158600","158500","158400","158300","158200","158000","157900","157600","157500","157400","61","225","358","254","99","7","139","442","632","1251","292","131","107","9","34","241","10","222","201","50","3468","1297","0","0","0","0","0","-158000","5","-100.00","3384","0","10","0","0","","0","0","0","","",""
"080101","0000","0","158700","158800","158900","159000","159100","159300","159400","159500","159600","159700","158600","158500","158400","158300","158200","158000","157900","157600","157500","157400","61","225","358","254","99","7","139","539","632","1251","292","131","107","9","34","241","10","222","201","50","3565","1297","0","0","0","0","0","-158000","5","-100.00","3384","97","0","0","0","","0","0","0","","",""
"080101","0001","0","158700","158800","158900","159000","159100","159300","159400","159500","159600","159700","158600","158500","158400","158300","158200","158000","157900","157600","157500","157400","61","225","358","254","99","7","139","539","632","1251","292","132","107","9","34","241","10","222","201","50","3565","1298","0","0","0","0","0","-158000","5","-100.00","3384","0","1","0","0","","0","0","0","","",""
"080101","0002","0","158800","158900","159000","159100","159300","159400","159500","159600","159700","159800","158700","158600","158500","158400","158300","158200","158000","157900","157600","157500","225","358","254","99","7","139","539","632","1251","372","306","292","132","107","9","34","241","10","222","201","3876","1554","0","0","0","0","0","-158000","5","-100.00","3445","311","256","0","0","","0","0","0","","",""
"080102","0000","0","158800","158900","159000","159100","159300","159400","159500","159600","159700","159800","158700","158600","158500","158400","158300","158200","158000","157900","157600","157500","225","358","254","99","7","139","539","632","1251","372","306","307","132","107","9","34","241","10","222","201","3876","1569","0","0","0","0","0","-158000","5","-100.00","3445","0","15","0","0","","0","0","0","","",""
"080102","0001","0","158800","158900","159000","159100","159300","159400","159500","159600","159700","159800","158700","158600","158500","158400","158300","158200","158000","157900","157600","157500","225","408","254","99","7","139","539","632","1251","372","301","307","132","107","9","34","241","10","222","201","3926","1564","0","0","0","0","0","-158000","5","-100.00","3450","50","-5","0","0","","0","0","0","","",""
"080103","0000","0","158800","158900","159000","159100","159300","159400","159500","159600","159700","159800","158700","158600","158500","158400","158300","158200","158000","157900","157600","157500","225","408","259","99","7","139","539","632","1251","372","403","307","132","107","9","34","241","10","222","201","3931","1666","0","0","0","0","0","-158000","5","-100.00","3450","5","102","0","0","","0","0","0","","",""
"080103","0001","0","158800","158900","159000","159100","159300","159400","159500","159600","159700","159800","158700","158600","158500","158400","158300","158200","158000","157900","157600","157500","225","408","259","99","22","139","539","632","1251","372","403","307","132","107","9","34","241","10","222","201","3946","1666","0","0","0","0","0","-158000","5","-100.00","3450","15","0","0","0","","0","0","0","","",""
"080103","0002","0","158800","158900","159000","159100","159300","159400","159500","159600","159700","159800","158700","158600","158500","158400","158300","158200","158000","157900","157600","157500","194","408","259","99","22","139","539","632","1251","372","403","307","132","107","9","34","241","10","222","201","3915","1666","0","0","0","0","0","-158000","5","-100.00","3481","-31","0","0","0","","0","0","0","","",""
"080104","0000","0","158800","158900","159000","159100","159300","159400","159500","159600","159700","159800","158700","158600","158500","158400","158300","158200","158000","157900","157600","157500","172","408","259","99","22","139","539","632","1251","372","403","303","132","107","9","34","241","10","222","201","3893","1662","0","0","0","0","0","-158000","5","-100.00","3503","-22","-4","0","0","","0","0","0","","",""
"080104","0001","0","158800","158900","159000","159100","159300","159400","159500","159600","159700","159800","158700","158600","158500","158400","158300","158200","158000","157900","157600","157500","172","408","259","99","22","139","539","632","1251","372","403","303","132","107","9","34","241","10","222","201","3893","1662","0","0","0","0","0","-158000","5","-100.00","3503","0","0","0","0","","0","0","0","","",""
"080104","0002","0","158800","158900","159000","159100","159300","159400","159500","159600","159700","159800","158700","158600","158500","158400","158300","158200","158000","157900","157600","157500","172","408","259","99","22","139","541","632","1251","372","403","303","132","107","9","34","241","10","222","201","3895","1662","0","0","0","0","0","-158000","5","-100.00","3503","2","0","0","0","","0","0","0","","",""
"080105","0000","0","158800","158900","159000","159100","159300","159400","159500","159600","159700","159800","158700","158600","158500","158400","158300","158200","158000","157900","157600","157500","172","408","259","99","22","139","541","632","1251","372","393","303","132","107","9","34","241","10","222","201","3895","1652","0","0","0","0","0","-158000","5","-100.00","3533","0","-10","0","0","","0","0","0","","",""
"080339","0000","0","158500","158600","158700","158800","158900","159000","159100","159200","159300","159400","158400","158300","158200","158100","158000","157900","157800","157700","157600","157500","359","457","1067","386","537","1070","105","54","792","264","136","106","102","20","429","16","4","3","272","207","5091","1295","0","0","0","0","0","-158000","5","-100.00","7867","10","0","0","0","","0","0","0","","",""
"080339","0001","0","158500","158600","158700","158800","158900","159000","159100","159200","159300","159400","158400","158300","158200","158100","158000","157900","157800","157700","157600","157500","359","465","1067","386","537","1070","105","54","792","264","136","106","102","20","429","16","4","3","272","207","5099","1295","0","0","0","0","0","-158000","5","-100.00","7867","8","0","0","0","","0","0","0","","",""
"080339","0002","0","158500","158600","158700","158800","158900","159000","159100","159200","159300","159400","158400","158300","158200","158100","158000","157900","157800","157700","157600","157500","349","465","1067","386","537","1070","105","54","792","264","136","106","102","20","429","16","4","3","272","207","5089","1295","0","0","0","0","0","-158000","5","-100.00","7877","-10","0","0","0","","0","0","0","","",""
"080339","0003","0","158500","158600","158700","158800","158900","159000","159100","159200","159300","159400","158400","158300","158200","158100","158000","157900","157800","157700","157600","157500","349","465","1067","386","537","1080","105","54","792","264","136","106","102","20","429","16","4","3","272","207","5099","1295","0","0","0","0","0","-158000","5","-100.00","7877","10","0","0","0","","0","0","0","","",""
"080340","0000","0","158500","158600","158700","158800","158900","159000","159100","159200","159300","159400","158400","158300","158200","158100","158000","157900","157800","157700","157600","157500","364","465","1067","386","537","1080","105","54","792","264","136","106","102","20","429","16","4","3","272","207","5114","1295","0","0","0","0","0","-158000","5","-100.00","7877","15","0","0","0","","0","0","0","","",""
"080340","0001","0","158500","158600","158700","158800","158900","159000","159100","159200","159300","159400","158400","158300","158200","158100","158000","157900","157800","157700","157600","157500","365","465","1082","386","537","1080","105","54","792","264","136","106","102","20","429","16","4","3","272","207","5130","1295","0","0","0","0","0","-158000","5","-100.00","7877","16","0","0","0","","0","0","0","","",""
"080340","0002","0","158500","158600","158700","158800","158900","159000","159100","159200","159300","159400","158400","158300","158200","158100","158000","157900","157800","157700","157600","157500","364","465","1082","386","537","1080","105","54","792","264","136","106","102","20","429","16","4","3","272","207","5129","1295","0","0","0","0","0","-158000","5","-100.00","7878","-1","0","0","0","","0","0","0","","",""
"080340","0003","0","158500","158600","158700","158800","158900","159000","159100","159200","159300","159400","158400","158300","158200","158100","158000","157900","157800","157700","157600","157500","366","465","1082","386","537","1080","105","54","792","264","136","107","102","20","429","16","4","3","272","207","5131","1296","0","0","0","0","0","-158000","5","-100.00","7878","2","1","0","0","","0","0","0","","",""
"080341","0000","0","158500","158600","158700","158800","158900","159000","159100","159200","159300","159400","158400","158300","158200","158100","158000","157900","157800","157700","157600","157500","366","465","1057","386","537","1080","105","54","792","264","136","107","102","20","429","16","4","3","272","207","5106","1296","0","0","0","0","0","-158000","5","-100.00","7878","-25","0","0","0","","0","0","0","","",""
"080341","0001","0","158500","158600","158700","158800","158900","159000","159100","159200","159300","159400","158400","158300","158200","158100","158000","157900","157800","157700","157600","157500","366","465","1057","386","567","1080","105","54","792","264","136","107","102","20","429","16","4","3","272","207","5136","1296","0","0","0","0","0","-158000","5","-100.00","7878","30","0","0","0","","0","0","0","","",""
"080341","0002","0","158500","158600","158700","158800","158900","159000","159100","159200","159300","159400","158400","158300","158200","158100","158000","157900","157800","157700","157600","157500","303","465","1057","386","567","1080","105","54","797","264","136","107","102","20","429","16","4","3","272","207","5078","1296","0","0","0","0","0","-158000","5","-100.00","7941","-58","0","0","0","","0","0","0","","",""
"080341","0003","0","158500","158600","158700","158800","158900","159000","159100","159200","159300","159400","158400","158300","158200","158100","158000","157900","157800","157700","157600","157500","304","465","1057","386","567","1080","105","54","797","264","136","107","102","20","429","16","4","3","272","207","5079","1296","0","0","0","0","0","-158000","5","-100.00","7941","1","0","0","0","","0","0","0","","",""
"080342","0000","0","158500","158600","158700","158800","158900","159000","159100","159200","159300","159400","158400","158300","158200","158100","158000","157900","157800","157700","157600","157500","304","481","1057","386","567","1080","105","54","797","264","136","107","102","20","429","16","4","3","272","207","5095","1296","0","0","0","0","0","-158000","5","-100.00","7941","16","0","0","0","","0","0","0","","",""
"080342","0001","0","158500","158600","158700","158800","158900","159000","159100","159200","159300","159400","158400","158300","158200","158100","158000","157900","157800","157700","157600","157500","304","481","1057","386","572","1080","105","54","797","264","136","107","102","20","429","16","4","3","272","207","5100","1296","0","0","0","0","0","-158000","5","-100.00","7941","5","0","0","0","","0","0","0","","",""
"080343","0000","0","158500","158600","158700","158800","158900","159000","159100","159200","159300","159400","158400","158300","158200","158100","158000","157900","157800","157700","157600","157500","304","481","1057","421","572","1080","105","54","797","264","136","107","102","20","429","16","4","3","272","207","5135","1296","0","0","0","0","0","-158000","5","-100.00","7941","35","0","0","0","","0","0","0","","",""
"080344","0000","0","158500","158600","158700","158800","158900","159000","159100","159200","159300","159400","158400","158300","158200","158100","158000","157900","157800","157700","157600","157500","304","481","1057","421","572","1080","105","54","797","264","136","107","104","20","429","16","4","3","272","207","5135","1298","0","0","0","0","0","-158000","5","-100.00","7941","0","2","0","0","","0","0","0","","",""
"080344","0001","0","158500","158600","158700","158800","158900","159000","159100","159200","159300","159400","158400","158300","158200","158100","158000","157900","157800","157700","157600","157500","326","481","1057","421","550","1080","105","54","797","264","136","107","104","20","429","16","4","3","272","207","5135","1298","0","0","0","0","0","-158000","5","-100.00","7941","0","0","0","0","","0","0","0","","",""
"080344","0002","0","158500","158600","158700","158800","158900","159000","159100","159200","159300","159400","158400","158300","158200","158100","158000","157900","157800","157700","157600","157500","326","481","1057","421","550","1085","105","54","797","264","136","107","104","20","429","16","4","3","272","207","5140","1298","0","0","0","0","0","-158000","5","-100.00","7941","5","0","0","0","","0","0","0","","",""
"080345","0000","0","158500","158600","158700","158800","158900","159000","159100","159200","159300","159400","158400","158300","158200","158100","158000","157900","157800","157700","157600","157500","327","1481","1057","421","550","1085","105","54","797","264","136","107","104","20","429","16","4","3","272","207","6141","1298","0","0","0","0","0","-158000","5","-100.00","7941","1001","0","0","0","","0","0","0","","",""
"080345","0001","0","158500","158600","158700","158800","158900","159000","159100","159200","159300","159400","158400","158300","158200","158100","158000","157900","157800","157700","157600","157500","327","1481","1058","421","550","1085","105","54","797","264","136","107","104","20","429","16","4","3","272","207","6142","1298","0","0","0","0","0","-158000","5","-100.00","7941","1","0","0","0","","0","0","0","","",""
"080346","0000","0","158500","158600","158700","158800","158900","159000","159100","159200","159300","159400","158400","158300","158200","158100","158000","157900","157800","157700","157600","157500","327","1481","1058","431","550","1085","105","54","797","264","136","107","104","20","429","16","4","3","272","207","6152","1298","0","0","0","0","0","-158000","5","-100.00","7941","10","0","0","0","","0","0","0","","",""
"080347","0000","0","158500","158600","158700","158800","158900","159000","159100","159200","159300","159400","158400","158300","158200","158100","158000","157900","157800","157700","157600","157500","327","1481","1058","431","550","1085","105","54","797","264","134","107","104","20","429","16","4","3","272","207","6152","1296","0","0","0","0","0","-158000","5","-100.00","7943","0","-2","0","0","","0","0","0","","",""
"080347","0001","0","158500","158600","158700","158800","158900","159000","159100","159200","159300","159400","158400","158300","158200","158100","158000","157900","157800","157700","157600","157500","327","1481","1058","431","550","1185","105","54","797","264","134","107","104","20","429","16","4","3","272","207","6252","1296","0","0","0","0","0","-158000","5","-100.00","7943","100","0","0","0","","0","0","0","","",""
"080348","0000","0","158500","158600","158700","158800","158900","159000","159100","159200","159300","159400","158400","158300","158200","158100","158000","157900","157800","157700","157600","157500","377","1431","1058","431","550","1185","105","54","797","264","135","107","104","20","429","16","4","3","272","207","6252","1297","0","0","0","0","0","-158000","5","-100.00","7943","0","1","0","0","","0","0","0","","",""
"080348","0001","0","158500","158600","158700","158800","158900","159000","159100","159200","159300","159400","158400","158300","158200","158100","158000","157900","157800","157700","157600","157500","377","1431","1058","431","550","1185","105","54","797","264","106","107","104","20","429","16","4","3","272","207","6252","1268","0","0","0","0","0","-158000","5","-100.00","7972","0","-29","0","0","","0","0","0","","",""
"080349","0000","0","158500","158600","158700","158800","158900","159000","159100","159200","159300","159400","158400","158300","158200","158100","158000","157900","157800","157700","157600","157500","382","1431","1058","431","550","1185","105","54","797","264","106","107","104","20","429","16","4","3","272","207","6257","1268","0","0","0","0","0","-158000","5","-100.00","7972","5","0","0","0","","0","0","0","","",""
"080350","0000","0","158500","158600","158700","158800","158900","159000","159100","159200","159300","159400","158400","158300","158200","158100","158000","157900","157800","157700","157600","157500","398","1431","1058","431","550","1185","105","54","797","264","106","107","104","20","429","16","4","3","272","207","6273","1268","0","0","0","0","0","-158000","5","-100.00","7972","16","0","0","0","","0","0","0","","",""
"080350","0001","0","158500","158600","158700","158800","158900","159000","159100","159200","159300","159400","158400","158300","158200","158100","158000","157900","157800","157700","157600","157500","398","1431","1058","431","550","1185","105","54","797","264","106","107","104","20","431","16","4","3","272","207","6273","1270","0","0","0","0","0","-158000","5","-100.00","7972","0","2","0","0","","0","0","0","","",""
"080350","0002","0","158500","158600","158700","158800","158900","159000","159100","159200","159300","159400","158400","158300","158200","158100","158000","157900","157800","157700","157600","157500","398","1431","1058","431","550","1185","105","54","797","264","111","107","104","20","431","16","4","3","272","207","6273","1275","0","0","0","0","0","-158000","5","-100.00","7972","0","5","0","0","","0","0","0","","",""
"080351","0000","0","158500","158600","158700","158800","158900","159000","159100","159200","159300","159400","158400","158300","158200","158100","158000","157900","157800","157700","157600","157500","398","1431","1058","531","550","1186","105","54","797","264","111","107","104","20","435","16","4","3","272","207","6374","1279","0","0","0","0","0","-158000","5","-100.00","7972","100","0","0","0","","0","0","0","","",""
"080351","0001","0","158500","158600","158700","158800","158900","159000","159100","159200","159300","159400","158400","158300","158200","158100","158000","157900","157800","157700","157600","157500","435","1431","1058","531","550","1186","105","54","797","264","11","107","104","20","435","16","4","3","272","207","6411","1179","0","0","0","0","0","-158000","5","-100.00","8072","37","-100","0","0","","0","0","0","","",""
"080351","0002","0","158500","158600","158700","158800","158900","159000","159100","159200","159300","159400","158400","158300","158200","158100","158000","157900","157800","157700","157600","157500","435","1431","1058","531","530","1186","105","54","797","264","11","107","104","20","435","16","4","3","272","207","6391","1179","0","0","0","0","0","-158000","5","-100.00","8072","-20","0","0","0","","0","0","0","","",""
"080352","0000","0","158500","158600","158700","158800","158900","159000","159100","159200","159300","159400","158400","158300","158200","158100","158000","157900","157800","157700","157600","157500","428","1431","1058","531","530","1186","105","54","797","264","4","107","104","20","435","16","4","3","272","207","6384","1172","0","0","0","0","0","-158000","5","-100.00","8079","-7","-7","0","0","","0","0","0","","",""
"080352","0001","0","158500","158600","158700","158800","158900","159000","159100","159200","159300","159400","158400","158300","158200","158100","158000","157900","157800","157700","157600","157500","428","1431","1058","531","530","1187","105","54","797","264","3","107","104","20","435","16","4","3","272","207","6385","1171","0","0","0","0","0","-158000","5","-100.00","8080","1","-1","0","0","","0","0","0","","",""
"080353","0000","0","158400","158500","158600","158700","158800","158900","159000","159100","159200","159300","158300","158200","158100","158000","157900","157800","157700","157600","157500","157400","65","428","1363","1058","531","530","1187","105","54","797","107","104","20","435","16","4","3","272","207","93","6118","1261","0","0","0","0","0","-158000","5","-100.00","8083","-267","90","0","0","","0","0","0","","",""
"080353","0001","0","158400","158500","158600","158700","158800","158900","159000","159100","159200","159300","158300","158200","158100","158000","157900","157800","157700","157600","157500","157400","65","433","1363","1058","531","530","1187","105","54","797","107","104","20","435","16","4","3","272","207","93","6123","1261","0","0","0","0","0","-158000","5","-100.00","8083","5","0","0","0","","0","0","0","","",""
"080354","0000","0","158400","158500","158600","158700","158800","158900","159000","159100","159200","159300","158300","158200","158100","158000","157900","157800","157700","157600","157500","157400","86","433","1362","1058","531","530","1187","105","54","797","107","104","20","435","16","4","3","272","207","93","6143","1261","0","0","0","0","0","-158000","5","-100.00","8083","20","0","0","0","","0","0","0","","",""
"080354","0001","0","158400","158500","158600","158700","158800","158900","159000","159100","159200","159300","158300","158200","158100","158000","157900","157800","157700","157600","157500","157400","86","436","1362","1058","531","530","1187","105","54","797","107","104","20","435","16","4","3","272","207","93","6146","1261","0","0","0","0","0","-158000","5","-100.00","8083","3","0","0","0","","0","0","0","","",""
"080354","0002","0","158400","158500","158600","158700","158800","158900","159000","159100","159200","159300","158300","158200","158100","158000","157900","157800","157700","157600","157500","157400","36","436","1362","1058","531","530","1187","105","54","797","107","104","20","435","16","4","3","272","207","93","6096","1261","0","0","0","0","0","-158000","5","-100.00","8133","-50","0","0","0","","0","0","0","","",""
"080355","0000","0","158400","158500","158600","158700","158800","158900","159000","159100","159200","159300","158300","158200","158100","158000","157900","157800","157700","157600","157500","157400","37","436","1362","1058","531","530","1187","105","54","797","107","104","20","435","16","4","3","272","207","93","6097","1261","0","0","0","0","0","-158000","5","-100.00","8133","1","0","0","0","","0","0","0","","",""
"080356","0000","0","158400","158500","158600","158700","158800","158900","159000","159100","159200","159300","158300","158200","158100","158000","157900","157800","157700","157600","157500","157400","48","436","1362","1058","531","530","1187","105","54","797","107","104","20","435","16","4","3","272","207","93","6108","1261","0","0","0","0","0","-158000","5","-100.00","8133","11","0","0","0","","0","0","0","","",""
"080356","0001","0","158400","158500","158600","158700","158800","158900","159000","159100","159200","159300","158300","158200","158100","158000","157900","157800","157700","157600","157500","157400","48","436","1362","1058","531","530","1197","105","54","797","107","104","20","435","16","4","3","272","207","93","6118","1261","0","0","0","0","0","-158000","5","-100.00","8133","10","0","0","0","","0","0","0","","",""
"080356","0002","0","158400","158500","158600","158700","158800","158900","159000","159100","159200","159300","158300","158200","158100","158000","157900","157800","157700","157600","157500","157400","48","436","1362","1058","531","530","1197","105","54","797","107","104","20","435","16","4","3","272","207","93","6118","1261","0","0","0","0","0","-158000","5","-100.00","8133","0","0","0","0","","0","0","0","","",""
"080357","0000","0","158400","158500","158600","158700","158800","158900","159000","159100","159200","159300","158300","158200","158100","158000","157900","157800","157700","157600","157500","157400","48","436","1362","1058","531","530","1197","105","54","933","107","104","20","435","16","4","3","272","207","93","6254","1261","0","0","0","0","0","-158000","5","-100.00","8133","136","0","0","0","","0","0","0","","",""
"080357","0001","0","158400","158500","158600","158700","158800","158900","159000","159100","159200","159300","158300","158200","158100","158000","157900","157800","157700","157600","157500","157400","48","435","1362","1058","531","530","1197","105","54","933","107","104","20","435","16","4","3","272","207","93","6253","1261","0","0","0","0","0","-158000","5","-100.00","8133","-1","0","0","0","","0","0","0","","",""
"080358","0000","0","158400","158500","158600","158700","158800","158900","159000","159100","159200","159300","158300","158200","158100","158000","157900","157800","157700","157600","157500","157400","52","435","1362","1058","531","530","1197","105","54","933","107","104","20","435","16","4","3","272","207","93","6257","1261","0","0","0","0","0","-158000","5","-100.00","8133","4","0","0","0","","0","0","0","","",""
"080359","0000","0","158400","158500","158600","158700","158800","158900","159000","159100","159200","159300","158300","158200","158100","158000","157900","157800","157700","157600","157500","157400","51","435","1362","1058","531","530","1197","105","54","933","107","104","20","435","16","4","3","272","207","93","6256","1261","0","0","0","0","0","-158000","5","-100.00","8134","-1","0","0","0","","0","0","0","","",""
"080359","0001","0","158400","158500","158600","158700","158800","158900","159000","159100","159200","159300","158300","158200","158100","158000","157900","157800","157700","157600","157500","157400","50","435","1352","1068","531","530","1197","105","54","933","37","104","20","435","16","4","3","272","207","93","6255","1191","0","0","0","0","0","-158000","5","-100.00","8205","-1","0","0","0","","0","0","0","","",""
"080400","0000","0","158400","158500","158600","158700","158800","158900","159000","159100","159200","159300","158300","158200","158100","158000","157900","157800","157700","157600","157500","157400","51","435","1352","1068","531","530","1197","105","54","933","37","104","20","435","16","4","3","272","207","93","6256","1191","0","0","0","0","0","-158000","5","-100.00","8205","1","0","0","0","","0","0","0","","",""
"080401","0000","0","158400","158500","158600","158700","158800","158900","159000","159100","159200","159300","158300","158200","158100","158000","157900","157800","157700","157600","157500","157400","92","435","1352","1068","531","530","1197","105","54","933","37","104","20","435","16","4","3","272","207","93","6297","1191","0","0","0","0","0","-158000","5","-100.00","8205","41","0","0","0","","0","0","0","","",""
"080401","0001","0","158400","158500","158600","158700","158800","158900","159000","159100","159200","159300","158300","158200","158100","158000","157900","157800","157700","157600","157500","157400","117","413","1352","1068","531","530","1197","105","54","933","9","104","20","435","16","4","3","272","207","93","6300","1163","0","0","0","0","0","-158000","5","-100.00","8237","5","-28","0","0","","0","0","0","","",""
"080401","0002","0","158400","158500","158600","158700","158800","158900","159000","159100","159200","159300","158300","158200","158100","158000","157900","157800","157700","157600","157500","157400","151","413","1352","1068","531","530","1197","105","54","933","9","104","20","435","16","4","3","272","207","93","6334","1163","0","0","0","0","0","-158000","5","-100.00","8237","34","0","0","0","","0","0","0","","",""
"080402","0000","0","158400","158500","158600","158700","158800","158900","159000","159100","159200","159300","158300","158200","158100","158000","157900","157800","157700","157600","157500","157400","151","413","1352","1068","531","530","1197","105","54","933","7","104","20","435","16","4","3","272","207","93","6334","1161","0","0","0","0","0","-158000","5","-100.00","8239","0","-2","0","0","","0","0","0","","",""
"080402","0001","0","158400","158500","158600","158700","158800","158900","159000","159100","159200","159300","158300","158200","158100","158000","157900","157800","157700","157600","157500","157400","181","383","1352","1068","531","530","1197","105","54","933","7","104","20","435","16","4","3","272","207","93","6334","1161","0","0","0","0","0","-158000","5","-100.00","8239","0","0","0","0","","0","0","0","","",""
"080403","0000","0","158400","158500","158600","158700","158800","158900","159000","159100","159200","159300","158300","158200","158100","158000","157900","157800","157700","157600","157500","157400","181","383","1352","1068","531","530","1197","105","54","933","7","103","20","436","16","4","3","272","207","93","6334","1161","0","0","0","0","0","-158000","5","-100.00","8239","0","0","0","0","","0","0","0","","",""
"080403","0001","0","158400","158500","158600","158700","158800","158900","159000","159100","159200","159300","158300","158200","158100","158000","157900","157800","157700","157600","157500","157400","181","383","1352","1068","531","530","1197","105","54","933","7","103","20","441","16","4","3","272","207","93","6334","1166","0","0","0","0","0","-158000","5","-100.00","8239","0","5","0","0","","0","0","0","","",""
"080404","0000","0","158400","158500","158600","158700","158800","158900","159000","159100","159200","159300","158300","158200","158100","158000","157900","157800","157700","157600","157500","157400","181","383","1352","1068","531","530","1197","105","54","933","8","103","20","441","16","4","3","272","207","93","6334","1167","0","0","0","0","0","-158000","5","-100.00","8239","0","1","0","0","","0","0","0","","",""
"080404","0001","0","158400","158500","158600","158700","158800","158900","159000","159100","159200","159300","158300","158200","158100","158000","157900","157800","157700","157600","157500","157400","181","383","1352","1068","531","530","1197","105","54","933","10","103","20","441","16","4","3","272","207","93","6334","1169","0","0","0","0","0","-158000","5","-100.00","8239","0","2","0","0","","0","0","0","","",""
"080405","0000","0","158400","158500","158600","158700","158800","158900","159000","159100","159200","159300","158300","158200","158100","158000","157900","157800","157700","157600","157500","157400","181","1383","352","1068","531","530","1197","105","54","933","10","103","20","441","16","4","3","272","207","93","6334","1169","0","0","0","0","0","-158000","5","-100.00","8239","0","0","0","0","","0","0","0","","",""
"080406","0000","0","158400","158500","158600","158700","158800","158900","159000","159100","159200","159300","158300","158200","158100","158000","157900","157800","157700","157600","157500","157400","140","1383","352","1068","531","530","1197","105","54","933","10","103","70","441","16","4","3","272","207","93","6293","1219","0","0","0","0","0","-158000","5","-100.00","8239","-41","50","0","0","","0","0","0","","",""
"080407","0000","0","158400","158500","158600","158700","158800","158900","159000","159100","159200","159300","158300","158200","158100","158000","157900","157800","157700","157600","157500","157400","140","1383","352","2068","531","530","1197","105","54","933","10","103","70","441","16","4","3","272","207","93","7293","1219","0","0","0","0","0","-158000","5","-100.00","8239","1000","0","0","0","","0","0","0","","",""
"080407","0001","0","158400","158500","158600","158700","158800","158900","159000","159100","159200","159300","158300","158200","158100","158000","157900","157800","157700","157600","157500","157400","140","1383","352","2068","531","530","1197","105","54","933","9","103","70","441","16","4","3","272","207","93","7293","1218","0","0","0","0","0","-158000","5","-100.00","8240","0","-1","0","0","","0","0","0","","",""
"080407","0002","0","158400","158500","158600","158700","158800","158900","159000","159100","159200","159300","158300","158200","158100","158000","157900","157800","157700","157600","157500","157400","140","1381","352","2068","531","527","1197","105","54","933","9","103","70","441","16","4","3","272","207","93","7288","1218","0","0","0","0","0","-158000","5","-100.00","8240","-5","0","0","0","","0","0","0","","",""
"080408","0000","0","158400","158500","158600","158700","158800","158900","159000","159100","159200","159300","158300","158200","158100","158000","157900","157800","157700","157600","157500","157400","140","1381","352","2068","531","527","1192","205","54","933","9","103","70","441","16","4","3","272","207","93","7383","1218","0","0","0","0","0","-158000","5","-100.00","8240","95","0","0","0","","0","0","0","","",""
"080408","0001","0","158400","158500","158600","158700","158800","158900","159000","159100","159200","159300","158300","158200","158100","158000","157900","157800","157700","157600","157500","157400","140","1381","352","2068","531","527","1192","205","54","933","9","103","70","451","16","4","3","272","207","93","7383","1228","0","0","0","0","0","-158000","5","-100.00","8240","0","10","0","0","","0","0","0","","",""
"080408","0002","0","158400","158500","158600","158700","158800","158900","159000","159100","159200","159300","158300","158200","158100","158000","157900","157800","157700","157600","157500","157400","145","1381","352","2068","531","527","1192","205","54","933","9","103","70","451","16","4","3","272","207","93","7388","1228","0","0","0","0","0","-158000","5","-100.00","8240","5","0","0","0","","0","0","0","","",""
"080409","0000","0","158400","158500","158600","158700","158800","158900","159000","159100","159200","159300","158300","158200","158100","158000","157900","157800","157700","157600","157500","157400","145","1381","352","2068","531","527","1192","205","54","933","9","103","70","451","16","4","4","272","207","93","7388","1229","0","0","0","0","0","-158000","5","-100.00","8240","0","1","0","0","","0","0","0","","",""
"080410","0000","0","158400","158500","158600","158700","158800","158900","159000","159100","159200","159300","158300","158200","158100","158000","157900","157800","157700","157600","157500","157400","195","1331","352","2068","531","527","1192","205","54","933","9","103","70","451","16","4","4","272","207","93","7388","1229","0","0","0","0","0","-158000","5","-100.00","8240","0","0","0","0","","0","0","0","","",""
"080411","0000","0","158300","158400","158500","158600","158700","158800","158900","159000","159100","159200","158200","158100","158000","157900","157800","157700","157600","157500","157400","157300","91","195","1331","352","2068","531","527","1192","205","54","103","70","451","16","4","4","272","207","93","3","6546","1223","0","0","0","0","0","-158000","5","-100.00","8249","-842","-6","0","0","","0","0","0","","",""
"080412","0000","0","158300","158400","158500","158600","158700","158800","158900","159000","159100","159200","158200","158100","158000","157900","157800","157700","157600","157500","157400","157300","86","195","1331","352","2068","531","527","1192","205","54","103","70","451","16","4","4","272","207","93","3","6541","1223","0","0","0","0","0","-158000","5","-100.00","8254","-5","0","0","0","","0","0","0","","",""
"080413","0000","0","158300","158400","158500","158600","158700","158800","158900","159000","159100","159200","158200","158100","158000","157900","157800","157700","157600","157500","157400","157300","86","197","1329","352","2068","531","527","1192","205","54","103","70","451","16","4","4","272","207","93","3","6541","1223","0","0","0","0","0","-158000","5","-100.00","8254","0","0","0","0","","0","0","0","","",""
"080413","0001","0","158300","158400","158500","158600","158700","158800","158900","159000","159100","159200","158200","158100","158000","157900","157800","157700","157600","157500","157400","157300","86","197","1329","352","2068","531","532","1192","205","54","103","70","451","16","4","4","272","207","93","3","6546","1223","0","0","0","0","0","-158000","5","-100.00","8254","5","0","0","0","","0","0","0","","",""
