"time","millisec","HOUR_CLS_CODE","ASKP1","ASKP2","ASKP3","ASKP4","ASKP5","ASKP6","ASKP7","ASKP8","ASKP9","ASKP10","BIDP1","BIDP2","BIDP3","BIDP4","BIDP5","BIDP6","BIDP7","BIDP8","BIDP9","BIDP10","ASKP_RSQN1","ASKP_RSQN2","ASKP_RSQN3","ASKP_RSQN4","ASKP_RSQN5","ASKP_RSQN6","ASKP_RSQN7","ASKP_RSQN8","ASKP_RSQN9","ASKP_RSQN10","BIDP_RSQN1","BIDP_RSQN2","BIDP_RSQN3","BIDP_RSQN4","BIDP_RSQN5","BIDP_RSQN6","BIDP_RSQN7","BIDP_RSQN8","BIDP_RSQN9","BIDP_RSQN10","TOTAL_ASKP_RSQN","TOTAL_BIDP_RSQN","OVTM_TOTAL_ASKP_RSQN","OVTM_TOTAL_BIDP_RSQN","ANTC_CNPR","ANTC_CNQN","ANTC_VOL","ANTC_CNTG_VRSS","ANTC_CNTG_VRSS_SIGN","ANTC_CNTG_PRDY_CTRT","ACML_VOL","TOTAL_ASKP_RSQN_ICDC","TOTAL_BIDP_RSQN_ICDC","OVTM_TOTAL_ASKP_ICDC","OVTM_TOTAL_BIDP_ICDC","STCK_DEAL_CLS_CODE","KMID_PRC","KMID_TOTAL_RSQN","KMID_CLS_CODE","NMID_PRC","NMID_TOTAL_RSQN","NMID_CLS_CODE"
"080000","0000","0","204500","213000","215000","218000","0","0","0","0","0","0","195000","0","0","0","0","0","0","0","0","0","50","1","30","2","0","0","0","0","0","0","20","0","0","0","0","0","0","0","0","0","83","20","0","0","0","0","0","-201500","5","-100.00","0","0","0","0","0","","0","0","0","","",""
"080000","0001","0","202000","204000","204500","206000","207000","207500","208000","208500","209000","210000","196400","195000","191900","190000","189000","185500","180000","0","0","0","10","10","50","10","10","61","10","80","2","30","76","20","3","20","40","1","30","0","0","0","273","190","0","0","0","0","0","-201500","5","-100.00","0","190","170","0","0","","0","0","0","","",""
"080001","0000","0","201500","202000","204000","204500","206000","207000","207500","208000","208500","209000","199500","198500","198000","197500","197000","196500","196400","195600","195500","195000","3","10","10","50","11","11","61","11","80","2","1","1","69","1","4","1","76","10","1","20","249","184","0","0","0","0","0","-201500","5","-100.00","0","-24","-6","0","0","","0","0","0","","",""
"080001","0001","0","202000","203500","204000","204500","205000","206000","207000","207500","208000","208500","201500","200000","199500","198500","198000","197500","197000","196500","196400","195600","10","35","52","50","1","11","11","62","11","80","1","1","1","1","69","1","4","1","76","10","323","165","0","0","0","0","0","-201500","5","-100.00","3","74","-19","0","0","","0","0","0","","",""
"080001","0002","0","202000","203500","204000","204500","205000","206000","207000","207500","208000","208500","201500","200000","199500","198500","198000","197500","197000","196500","196400","195600","196","16","52","50","1","11","11","62","11","80","1","1","1","1","69","1","7","1","76","10","490","168","0","0","0","0","0","-201500","5","-100.00","33","167","3","0","0","","0","0","0","","",""
"080002","0000","0","201500","202000","203500","204000","204500","205000","206000","207000","207500","208000","200000","199500","198500","198000","197500","197000","196500","196400","195600","195500","1","196","16","52","50","1","11","11","62","11","1","1","1","69","1","7","1","76","10","1","411","168","0","0","0","0","0","-201500","5","-100.00","34","-79","0","0","0","","0","0","0","","",""
"080002","0001","0","201500","202000","203500","204000","204500","205000","206000","207000","207500","208000","200000","199500","198500","198000","197500","197000","196500","196400","195600","195500","1","196","16","52","54","1","11","11","62","16","1","1","1","69","1","7","1","76","10","1","420","168","0","0","0","0","0","-201500","5","-100.00","34","9","0","0","0","","0","0","0","","",""
"080003","0000","0","201500","202000","203500","204000","204500","205000","206000","207000","207500","208000","200000","199500","198500","198000","197500","197000","196500","196400","195600","195500","3","196","16","52","54","1","11","11","62","16","1","1","1","69","1","7","1","76","10","1","422","168","0","0","0","0","0","-201500","5","-100.00","34","2","0","0","0","","0","0","0","","",""
"080003","0001","0","201500","202000","203500","204000","204500","205000","206000","207000","207500","208000","200000","199500","198500","198000","197500","197000","196500","196400","195600","195500","18","196","16","52","54","1","11","11","62","16","1","1","1","69","1","7","1","76","10","1","437","168","0","0","0","0","0","-201500","5","-100.00","34","15","0","0","0","","0","0","0","","",""
"080003","0002","0","201000","201500","202000","203500","204000","204500","205000","206000","207000","207500","200000","199500","198500","198000","197500","197000","196500","196400","195600","195500","36","18","196","16","52","54","1","11","11","62","1","1","1","69","1","7","1","76","10","1","457","168","0","0","0","0","0","-201500","5","-100.00","34","20","0","0","0","","0","0","0","","",""
"080004","0000","0","201000","201500","202000","203500","204000","204500","205000","206000","207000","207500","200000","199500","198500","198000","197500","197000","196500","196400","195600","195500","36","18","196","16","52","54","1","11","11","62","1","1","1","69","1","17","1","76","10","1","457","178","0","0","0","0","0","-201500","5","-100.00","34","0","10","0","0","","0","0","0","","",""
"080004","0001","0","201000","201500","202000","203500","204000","204500","205000","206000","207000","207500","200000","199500","198500","198000","197500","197100","197000","196500","196400","195600","86","42","196","16","52","54","1","11","11","62","1","1","1","69","1","55","17","1","76","10","531","232","0","0","0","0","0","-201500","5","-100.00","34","74","54","0","0","","0","0","0","","",""
"080004","0002","0","201000","201500","202000","203500","204000","204500","205000","206000","207000","207500","200000","199500","198500","198000","197500","197200","197100","197000","196500","196400","86","42","196","16","52","54","1","11","11","62","1","1","1","69","1","4","55","17","1","76","531","226","0","0","0","0","0","-201500","5","-100.00","34","0","-6","0","0","","0","0","0","","",""
"080004","0003","0","201000","201500","202000","203500","204000","204500","205000","206000","207000","207500","200000","199500","198500","198000","197500","197200","197100","197000","196500","196400","86","42","196","17","52","54","1","11","11","62","1","1","1","69","1","4","55","17","1","76","532","226","0","0","0","0","0","-201500","5","-100.00","34","1","0","0","0","","0","0","0","","",""
"080005","0000","0","201000","201500","202000","203500","204000","204500","205000","206000","207000","207500","200000","199500","198500","198000","197500","197200","197100","197000","196500","196400","76","42","196","17","52","54","1","11","11","62","1","1","1","69","1","4","55","17","1","76","522","226","0","0","0","0","0","-201500","5","-100.00","44","-10","0","0","0","","0","0","0","","",""
"080005","0001","0","201000","201500","202000","203500","204000","204500","205000","206000","207000","207500","200000","199500","198700","198500","198000","197500","197200","197100","197000","196500","126","42","196","17","52","54","1","11","11","97","1","1","26","1","69","1","4","55","17","1","607","176","0","0","0","0","0","-201500","5","-100.00","44","85","-50","0","0","","0","0","0","","",""
"080005","0002","0","201000","201500","202000","203500","204000","204500","205000","206000","207000","207500","200000","199500","198700","198500","198000","197500","197200","197100","197000","196500","126","42","196","17","52","55","1","11","11","97","1","1","26","1","69","1","4","55","17","1","608","176","0","0","0","0","0","-201500","5","-100.00","44","1","0","0","0","","0","0","0","","",""
"080005","0003","0","201000","201500","202000","203500","204000","204500","205000","206000","207000","207500","200000","199500","198700","198500","198100","198000","197500","197200","197100","197000","126","42","196","17","52","55","1","11","11","97","1","1","26","1","1","69","1","4","55","17","608","176","0","0","0","0","0","-201500","5","-100.00","44","0","0","0","0","","0","0","0","","",""
"080006","0000","0","201000","201500","202000","203500","204000","204500","205000","206000","207000","207500","200000","199900","199500","198700","198500","198100","198000","197500","197200","197100","126","42","196","17","52","55","4","11","15","97","1","1","1","26","1","1","69","1","4","55","615","160","0","0","0","0","0","-201500","5","-100.00","44","0","-16","0","0","","0","0","0","","",""
"080006","0001","0","201000","201500","202000","203500","204000","204500","205000","206000","207000","207500","200000","199900","199500","198700","198500","198000","197500","197200","197100","197000","126","42","196","17","52","55","4","11","15","97","1","1","34","26","1","69","1","4","55","17","615","209","0","0","0","0","0","-201500","5","-100.00","44","0","16","0","0","","0","0","0","","",""
"080007","0000","0","200000","201000","201500","202000","203500","204000","204500","205000","206000","207000","199900","199500","198700","198500","198000","197500","197200","197100","197000","196500","19","76","42","196","17","54","59","4","11","15","1","34","26","1","69","1","4","55","17","1","493","209","0","0","0","0","0","-201500","5","-100.00","45","-122","0","0","0","","0","0","0","","",""
"080007","0001","0","200000","201000","201500","202000","203500","204000","204500","205000","206000","207000","199900","199500","198700","198500","198000","197500","197200","197100","197000","196500","19","76","42","196","17","54","59","4","11","16","1","34","26","1","69","1","4","55","17","1","494","209","0","0","0","0","0","-201500","5","-100.00","45","1","0","0","0","","0","0","0","","",""
"080008","0000","0","200000","201000","201500","202000","203500","204000","204500","205000","206000","207000","199900","199500","198700","198500","198000","197500","197200","197100","197000","196500","19","76","42","196","18","54","59","4","21","16","1","34","26","1","69","1","4","55","17","1","505","209","0","0","0","0","0","-201500","5","-100.00","45","1","0","0","0","","0","0","0","","",""
"080009","0000","0","200000","201000","201500","202000","203500","204000","204500","205000","206000","207000","199900","199500","198700","198500","198000","197500","197200","197100","197000","196500","19","76","42","196","18","54","59","4","21","16","1","34","26","1","70","1","4","55","17","1","505","210","0","0","0","0","0","-201500","5","-100.00","45","0","1","0","0","","0","0","0","","",""
"080010","0000","0","200000","201000","201500","202000","203500","204000","204500","205000","206000","207000","199900","199500","198700","198500","198000","197500","197200","197100","197000","196500","19","76","42","196","18","54","59","4","21","16","1","34","26","1","70","6","4","55","17","1","505","215","0","0","0","0","0","-201500","5","-100.00","45","0","5","0","0","","0","0","0","","",""
"080010","0001","0","200000","201000","201500","202000","203500","204000","204500","205000","206000","207000","199900","199500","198700","198500","198000","197500","197200","197100","197000","196500","19","76","42","196","18","54","59","4","21","16","3","34","26","1","70","6","4","55","17","1","505","217","0","0","0","0","0","-201500","5","-100.00","45","0","2","0","0","","0","0","0","","",""
"080010","0002","0","200000","201000","201500","202000","203500","204000","204500","205000","206000","207000","199900","199500","198700","198500","198000","197500","197100","197000","196500","196400","19","76","42","196","18","54","59","4","21","16","3","34","26","1","70","6","55","17","1","76","505","289","0","0","0","0","0","-201500","5","-100.00","45","0","72","0","0","","0","0","0","","",""
"080010","0003","0","200000","201000","201500","202000","203500","204000","204500","205000","205500","206000","199900","199500","198700","198500","198000","197500","197100","197000","196500","196400","19","76","42","196","18","54","59","4","1","21","3","34","26","1","70","6","55","17","1","76","490","289","0","0","0","0","0","-201500","5","-100.00","45","-15","0","0","0","","0","0","0","","",""
"080010","0004","0","200000","201000","201500","202000","203500","204000","204500","205000","205500","206000","199900","199500","198700","198500","198000","197500","197100","197000","196500","196400","19","76","42","196","18","54","59","4","1","21","2","34","26","1","70","6","55","17","1","76","490","288","0","0","0","0","0","-201500","5","-100.00","46","0","-1","0","0","","0","0","0","","",""
"080011","0000","0","200000","201000","201500","202000","202500","203500","204000","204500","205000","205500","199900","199500","198700","198500","198000","197500","197100","197000","196500","196400","19","76","42","196","7","18","54","59","4","1","2","34","26","1","70","6","55","17","1","76","476","288","0","0","0","0","0","-201500","5","-100.00","46","-14","0","0","0","","0","0","0","","",""
"080011","0001","0","200000","201000","201500","202000","202500","203500","204000","204500","205000","205500","199900","199500","198700","198500","198000","197500","197100","197000","196600","196500","19","76","42","196","7","45","54","60","4","1","2","34","26","1","70","6","55","17","40","1","504","252","0","0","0","0","0","-201500","5","-100.00","46","0","-36","0","0","","0","0","0","","",""
"080012","0000","0","200000","201000","201500","202000","202500","203500","204000","204500","205000","205500","199900","199500","198700","198500","198000","197500","197100","197000","196600","196500","19","76","42","196","7","45","54","60","4","1","3","34","26","1","70","6","55","17","40","1","504","253","0","0","0","0","0","-201500","5","-100.00","46","0","1","0","0","","0","0","0","","",""
"080012","0001","0","200000","201000","201500","202000","202500","203500","204000","204500","205000","205500","199900","199500","198700","198500","198000","197500","197100","197000","196600","196500","19","76","42","196","7","45","54","60","5","1","3","34","26","1","70","6","55","17","40","1","505","253","0","0","0","0","0","-201500","5","-100.00","46","1","0","0","0","","0","0","0","","",""
"080013","0000","0","200000","201000","201500","202000","202500","203500","204000","204500","205000","205500","199900","199500","198700","198500","198000","197500","197100","197000","196600","196500","19","76","42","196","7","45","54","60","5","1","2","34","26","1","70","6","55","17","40","1","505","252","0","0","0","0","0","-201500","5","-100.00","47","0","-1","0","0","","0","0","0","","",""
"080013","0001","0","200000","201000","201500","202000","202500","203500","204000","204500","205000","205500","199900","199500","198700","198500","198000","197500","197100","197000","196600","196500","19","76","42","196","7","45","54","60","5","1","3","34","26","1","70","6","55","17","40","1","505","253","0","0","0","0","0","-201500","5","-100.00","47","0","1","0","0","","0","0","0","","",""
"080014","0000","0","200000","201000","201500","202000","202500","203500","204000","204500","205000","205500","199900","199500","198700","198500","198000","197500","197100","197000","196600","196500","19","76","43","196","7","45","54","62","5","5","3","34","26","1","70","6","55","17","40","1","512","253","0","0","0","0","0","-201500","5","-100.00","47","7","0","0","0","","0","0","0","","",""
"080014","0001","0","200000","201000","201500","202000","202500","203500","204000","204500","205000","205500","199900","199500","198700","198500","198000","197500","197100","197000","196600","196500","19","76","43","196","7","45","54","62","5","5","3","34","26","1","75","6","55","17","40","1","512","258","0","0","0","0","0","-201500","5","-100.00","47","0","5","0","0","","0","0","0","","",""
"080014","0002","0","200000","201000","201500","202000","202500","203500","204000","204500","205000","205500","199900","199500","198700","198500","198000","197500","197100","197000","196600","196500","13","76","43","196","7","45","54","62","5","9","3","34","26","1","75","6","55","17","40","1","510","258","0","0","0","0","0","-201500","5","-100.00","53","4","0","0","0","","0","0","0","","",""
"080015","0000","0","200000","201000","201500","202000","202500","203500","204000","204500","205000","205500","199900","199500","198700","198500","198000","197500","197100","197000","196600","196500","13","76","43","196","7","45","54","62","5","9","3","34","26","1","75","6","60","17","40","1","510","263","0","0","0","0","0","-201500","5","-100.00","53","0","5","0","0","","0","0","0","","",""
"080015","0001","0","200000","201000","201500","202000","202500","203500","204000","204500","205000","205500","199900","199500","198700","198500","198000","197500","197100","197000","196600","196500","13","76","43","196","7","45","54","62","5","9","3","34","26","1","75","6","60","17","40","6","510","268","0","0","0","0","0","-201500","5","-100.00","53","0","5","0","0","","0","0","0","","",""
"080016","0000","0","200000","201000","201500","202000","202500","203500","204000","204500","205000","205500","199900","199500","198700","198500","198000","197500","197100","197000","196600","196500","11","76","43","196","7","45","54","62","5","9","43","34","26","1","75","6","60","17","40","6","508","308","0","0","0","0","0","-201500","5","-100.00","55","-2","40","0","0","","0","0","0","","",""
"080016","0001","0","200000","201000","201500","202000","202500","203500","204000","204500","205000","205500","199900","199500","198700","198500","198000","197500","197100","197000","196600","196500","11","76","43","196","7","50","54","62","5","9","43","34","26","1","75","6","60","17","40","6","513","308","0","0","0","0","0","-201500","5","-100.00","55","5","0","0","0","","0","0","0","","",""
"080017","0000","0","200000","201000","201500","202000","202500","203500","204000","204500","205000","205500","199900","199500","198700","198500","198000","197500","197100","197000","196600","196500","11","76","28","196","7","50","54","62","5","9","43","34","26","1","75","6","60","17","40","6","498","308","0","0","0","0","0","-201500","5","-100.00","55","-15","0","0","0","","0","0","0","","",""
"080017","0001","0","200000","201000","201500","202000","202500","203500","204000","204500","205000","205500","199900","199500","198700","198500","198000","197500","197100","197000","196600","196500","11","76","28","196","7","50","54","62","5","9","43","35","26","1","75","6","60","17","40","6","498","309","0","0","0","0","0","-201500","5","-100.00","55","0","1","0","0","","0","0","0","","",""
"080017","0002","0","200000","201000","201500","202000","202500","203500","204000","204500","205000","205500","199900","199500","198700","198500","198000","197500","197100","197000","196600","196500","8","76","28","196","7","50","55","62","6","9","76","35","26","1","75","6","60","17","40","6","497","342","0","0","0","0","0","-201500","5","-100.00","58","1","33","0","0","","0","0","0","","",""
"080017","0003","0","200000","201000","201500","202000","202500","203500","204000","204500","205000","205500","199900","199500","198700","198500","198000","197500","197100","197000","196600","196500","8","76","28","196","7","50","55","62","7","9","76","35","26","1","75","6","60","17","40","6","498","342","0","0","0","0","0","-201500","5","-100.00","58","1","0","0","0","","0","0","0","","",""
"080018","0000","0","201000","201500","202000","202500","203500","204000","204500","205000","205500","206000","199900","199500","198700","198500","198000","197500","197100","197000","196600","196500","29","28","196","7","50","55","62","7","9","22","86","35","26","1","75","6","60","17","40","6","465","352","0","0","0","0","0","-201500","5","-100.00","113","0","10","0","0","","0","0","0","","",""
"080019","0000","0","201000","201500","202000","202500","203500","204000","204500","205000","205500","206000","199900","199500","198700","198500","198000","197500","197100","197000","196600","196500","29","28","196","7","50","55","62","7","9","22","86","40","26","1","75","6","60","17","40","6","465","357","0","0","0","0","0","-201500","5","-100.00","113","0","5","0","0","","0","0","0","","",""
"080019","0001","0","201000","201500","202000","202500","203500","204000","204500","205000","205500","206000","200000","199900","199500","198700","198500","198000","197500","197100","197000","196600","29","28","196","7","50","55","62","7","9","22","1","86","40","26","1","75","6","60","17","40","465","352","0","0","0","0","0","-201500","5","-100.00","113","0","-5","0","0","","0","0","0","","",""
"080019","0002","0","201000","201500","202000","202500","203500","204000","204500","205000","205500","206000","200000","199900","199500","198700","198500","198000","197500","197100","197000","196600","29","28","197","7","50","55","62","7","9","22","1","86","40","26","1","75","6","60","17","40","466","352","0","0","0","0","0","-201500","5","-100.00","113","1","0","0","0","","0","0","0","","",""
"080021","0000","0","201000","201500","202000","202500","203500","204000","204500","205000","205500","206000","200000","199900","199600","199500","198700","198500","198000","197500","197100","197000","29","28","197","7","50","55","62","7","9","22","1","86","2","40","26","1","75","6","70","17","466","324","0","0","0","0","0","-201500","5","-100.00","113","0","-28","0","0","","0","0","0","","",""
"080021","0001","0","201000","201500","202000","202500","203500","204000","204500","205000","205500","206000","200000","199900","199600","199500","198700","198500","198000","197500","197100","197000","29","28","197","7","50","55","62","7","9","22","2","86","2","40","26","1","75","6","70","17","466","325","0","0","0","0","0","-201500","5","-100.00","113","0","1","0","0","","0","0","0","","",""
"080021","0002","0","201000","201500","202000","202500","203500","204000","204500","205000","205500","206000","200000","199900","199600","199500","198700","198500","198000","197500","197100","197000","29","29","197","7","50","55","62","7","9","22","2","86","2","40","26","1","75","6","70","17","467","325","0","0","0","0","0","-201500","5","-100.00","113","1","0","0","0","","0","0","0","","",""
"080021","0003","0","201000","201500","202000","202500","203500","204000","204500","205000","205500","206000","199900","199600","199500","198700","198500","198000","197500","197100","197000","196600","29","29","197","7","50","55","62","7","9","22","78","2","40","26","1","75","6","70","17","40","467","355","0","0","0","0","0","-201500","5","-100.00","123","0","30","0","0","","0","0","0","","",""
"080022","0000","0","201000","201500","202000","202500","203500","204000","204500","205000","205500","206000","200000","199900","199600","199500","198700","198500","198000","197600","197500","197100","29","29","197","7","50","55","62","7","9","22","8","78","2","40","26","1","75","10","6","70","467","316","0","0","0","0","0","-201500","5","-100.00","133","0","-9","0","0","","0","0","0","","",""
"080022","0001","0","201000","201500","202000","202500","203500","204000","204500","205000","205500","206000","200000","199900","199600","199500","198700","198500","198000","197600","197500","197100","29","29","197","7","50","55","62","7","9","22","8","88","2","40","26","1","75","10","6","70","467","326","0","0","0","0","0","-201500","5","-100.00","133","0","10","0","0","","0","0","0","","",""
"080023","0000","0","201000","201500","202000","202500","203500","204000","204500","205000","205500","206000","200000","199900","199600","199500","198700","198500","198000","197600","197500","197100","29","29","197","7","50","55","62","21","9","22","8","88","2","40","26","1","75","10","6","70","481","326","0","0","0","0","0","-201500","5","-100.00","133","14","0","0","0","","0","0","0","","",""
"080023","0001","0","201000","201500","202000","202500","203500","204000","204500","205000","205500","206000","200000","199900","199600","199500","198700","198500","198000","197600","197500","197100","29","29","197","7","50","55","62","21","9","22","8","88","2","40","26","1","75","10","6","15","481","271","0","0","0","0","0","-201500","5","-100.00","133","0","-55","0","0","","0","0","0","","",""
"080023","0002","0","201000","201500","202000","202500","203500","204000","204500","205000","205500","206000","200000","199900","199600","199500","198700","198500","198000","197600","197500","197100","29","29","197","7","50","55","62","205","9","22","2","88","2","40","26","1","75","10","6","15","665","265","0","0","0","0","0","-201500","5","-100.00","133","184","-6","0","0","","0","0","0","","",""
"080023","0003","0","201000","201500","202000","202500","203500","204000","204500","205000","205500","206000","200000","199900","199600","199500","199000","198700","198500","198000","197600","197500","29","29","197","7","50","55","62","205","9","22","2","88","2","40","1","26","1","75","10","6","665","251","0","0","0","0","0","-201500","5","-100.00","133","0","-14","0","0","","0","0","0","","",""
"080024","0000","0","201000","201500","202000","202500","203500","204000","204500","205000","205500","206000","200000","199900","199600","199500","199000","198700","198500","198000","197600","197500","29","29","197","7","50","55","62","205","9","22","3","88","2","40","1","26","1","75","10","6","665","252","0","0","0","0","0","-201500","5","-100.00","133","0","1","0","0","","0","0","0","","",""
"080024","0001","0","201000","201500","202000","202500","203500","204000","204500","205000","205500","206000","200000","199900","199600","199500","199000","198700","198500","198000","197600","197500","29","29","197","7","50","55","62","205","9","27","3","88","2","40","1","26","1","75","10","6","670","252","0","0","0","0","0","-201500","5","-100.00","133","5","0","0","0","","0","0","0","","",""
"080024","0002","0","201500","202000","202500","203500","204000","204500","205000","205500","206000","206500","200000","199900","199600","199500","199000","198700","198500","198000","197600","197500","29","197","7","50","55","63","205","9","27","9","3","88","2","40","1","26","1","75","10","6","651","252","0","0","0","0","0","-201500","5","-100.00","162","-19","0","0","0","","0","0","0","","",""
"080025","0000","0","201500","202000","202500","203500","204000","204500","205000","205500","206000","206500","200000","199900","199600","199500","199000","198700","198500","198000","197600","197500","29","197","17","50","55","63","205","9","27","9","3","88","2","40","1","26","1","75","10","6","661","252","0","0","0","0","0","-201500","5","-100.00","162","10","0","0","0","","0","0","0","","",""
"080025","0001","0","201500","202000","202500","203500","204000","204500","205000","205500","206000","206500","200000","199900","199600","199500","199000","198700","198500","198000","197600","197500","29","197","17","50","55","63","205","9","27","10","3","88","2","40","1","26","1","75","10","6","662","252","0","0","0","0","0","-201500","5","-100.00","162","1","0","0","0","","0","0","0","","",""
"080025","0002","0","201500","202000","202500","203500","204000","204500","205000","205500","206000","206500","200000","199900","199600","199500","199000","198700","198500","198000","197600","197500","36","197","17","50","55","63","205","9","27","10","3","88","2","40","1","26","1","75","10","9","669","255","0","0","0","0","0","-201500","5","-100.00","162","7","3","0","0","","0","0","0","","",""
"080026","0000","0","201500","202000","202500","203500","204000","204500","205000","205500","206000","206500","200000","199900","199600","199500","199000","198700","198500","198000","197600","197500","36","197","17","50","55","63","205","9","27","10","3","88","2","40","1","26","1","75","10","19","669","265","0","0","0","0","0","-201500","5","-100.00","162","0","10","0","0","","0","0","0","","",""
"080026","0001","0","201500","202000","202500","203500","204000","204500","205000","205500","206000","206500","200000","199900","199600","199500","199000","198800","198700","198500","198000","197600","36","197","17","50","55","63","205","9","27","10","3","88","2","40","1","5","26","1","75","10","669","251","0","0","0","0","0","-201500","5","-100.00","162","0","-14","0","0","","0","0","0","","",""
"080026","0002","0","201500","202000","202500","203500","204000","204500","205000","205500","206000","206500","200000","199900","199600","199500","199000","198800","198700","198500","198000","197600","35","197","17","50","55","63","205","9","27","10","3","88","2","40","1","5","28","1","75","10","668","253","0","0","0","0","0","-201500","5","-100.00","163","-1","0","0","0","","0","0","0","","",""
"080026","0003","0","201500","202000","202500","203500","204000","204500","205000","205500","206000","206500","200000","199900","199600","199500","199000","198800","198700","198500","198000","197600","35","197","17","50","55","63","205","9","27","10","1","98","2","40","1","5","28","1","75","10","668","261","0","0","0","0","0","-201500","5","-100.00","165","0","-2","0","0","","0","0","0","","",""
"080027","0000","0","201500","202000","202500","203500","204000","204500","205000","205500","206000","206500","200000","199900","199600","199500","199000","198800","198700","198500","198000","197600","35","197","17","50","55","63","205","9","27","10","1","98","2","35","1","5","28","1","75","10","668","256","0","0","0","0","0","-201500","5","-100.00","165","0","-5","0","0","","0","0","0","","",""
"080027","0001","0","201500","202000","202500","203000","203500","204000","204500","205000","205500","206000","200000","199900","199600","199500","199000","198800","198700","198500","198000","197600","35","197","17","1","50","55","63","205","9","27","2","98","2","35","1","5","28","1","75","10","659","257","0","0","0","0","0","-201500","5","-100.00","165","-9","0","0","0","","0","0","0","","",""
"080028","0000","0","201500","202000","202500","203000","203500","204000","204500","205000","205500","206000","200000","199900","199600","199500","199000","198800","198700","198500","198000","197600","35","197","17","1","50","55","63","205","9","27","2","103","2","35","1","5","28","1","75","10","659","262","0","0","0","0","0","-201500","5","-100.00","165","0","5","0","0","","0","0","0","","",""
"080028","0001","0","201500","202000","202500","203000","203500","204000","204500","205000","205500","206000","200000","199900","199600","199500","199000","198800","198700","198500","198000","197600","35","197","17","1","50","55","64","205","9","28","2","103","2","35","1","5","28","6","75","10","661","267","0","0","0","0","0","-201500","5","-100.00","165","2","5","0","0","","0","0","0","","",""
"080029","0000","0","201500","202000","202500","203000","203500","204000","204500","205000","205500","206000","200000","199900","199600","199500","199000","198800","198700","198500","198000","197600","35","197","17","1","50","55","64","205","9","28","2","103","12","35","1","5","28","6","75","10","661","277","0","0","0","0","0","-201500","5","-100.00","165","0","10","0","0","","0","0","0","","",""
"080029","0001","0","201500","202000","202500","203000","203500","204000","204500","205000","205500","206000","200000","199900","199600","199500","199000","198800","198700","198500","198000","197600","35","197","17","1","50","55","64","210","9","28","28","103","12","35","1","5","2","6","75","10","666","277","0","0","0","0","0","-201500","5","-100.00","165","5","0","0","0","","0","0","0","","",""
"080029","0002","0","201500","202000","202500","203000","203500","204000","204500","205000","205500","206000","200000","199900","199600","199500","199000","198800","198700","198500","198000","197600","35","197","17","1","50","55","69","210","9","28","28","103","12","35","1","5","2","6","75","10","671","277","0","0","0","0","0","-201500","5","-100.00","165","5","0","0","0","","0","0","0","","",""
"080029","0003","0","201500","202000","202500","203000","203500","204000","204500","205000","205500","206000","200000","199900","199600","199500","199000","198800","198700","198500","198000","197600","35","197","17","1","50","55","69","210","9","28","28","103","12","35","2","5","2","6","75","10","671","278","0","0","0","0","0","-201500","5","-100.00","165","0","1","0","0","","0","0","0","","",""
"080030","0000","0","201500","202000","202500","203000","203500","204000","204500","205000","205500","206000","200000","199900","199600","199500","199000","198800","198700","198500","198000","197600","55","197","17","1","50","55","69","210","9","28","28","103","12","35","2","5","2","6","75","10","691","278","0","0","0","0","0","-201500","5","-100.00","165","20","0","0","0","","0","0","0","","",""
"080030","0001","0","201500","202000","202500","203000","203500","204000","204500","205000","205500","206000","200000","199900","199600","199500","199000","198800","198700","198500","198100","198000","105","197","17","1","50","55","69","210","9","28","28","103","12","35","2","5","2","6","5","76","741","274","0","0","0","0","0","-201500","5","-100.00","165","50","0","0","0","","0","0","0","","",""
"080030","0002","0","201500","202000","202500","203000","203500","204000","204500","205000","205500","206000","200000","199900","199800","199600","199500","199000","198800","198700","198500","198100","105","197","17","1","50","55","69","212","9","28","28","103","1","12","35","2","5","2","6","5","743","199","0","0","0","0","0","-201500","5","-100.00","165","2","-75","0","0","","0","0","0","","",""
"080031","0000","0","201500","202000","202500","203000","203500","204000","204500","205000","205500","206000","201000","200000","199900","199800","199600","199500","199000","198800","198700","198500","100","197","17","1","50","55","69","212","9","28","2","28","103","1","12","35","2","5","2","6","738","196","0","0","0","0","0","-201500","5","-100.00","173","-5","-3","0","0","","0","0","0","","",""
"080031","0001","0","201500","202000","202500","203000","203500","204000","204500","205000","205500","206000","201000","200000","199900","199800","199600","199500","199000","198800","198700","198500","100","197","17","1","50","55","69","212","9","28","2","28","103","1","22","35","2","5","2","6","738","206","0","0","0","0","0","-201500","5","-100.00","173","0","10","0","0","","0","0","0","","",""
"080032","0000","0","201500","202000","202500","203000","203500","204000","204500","205000","205500","206000","201000","200000","199900","199800","199600","199500","199000","198800","198700","198500","100","197","17","1","50","55","69","213","9","28","2","28","103","1","22","35","2","5","2","6","739","206","0","0","0","0","0","-201500","5","-100.00","173","1","0","0","0","","0","0","0","","",""
"080032","0001","0","201500","202000","202500","203000","203500","204000","204500","205000","205500","206000","201000","200000","199900","199800","199600","199500","199000","198800","198700","198500","100","197","17","1","50","55","69","326","9","28","2","28","103","1","22","35","2","5","2","6","852","206","0","0","0","0","0","-201500","5","-100.00","173","113","0","0","0","","0","0","0","","",""
"080032","0002","0","201500","202000","202500","203000","203500","204000","204500","205000","205500","206000","200000","199900","199800","199600","199500","199000","198800","198700","198500","198100","110","197","17","1","50","55","69","326","9","28","28","103","1","22","35","2","5","2","6","5","862","209","0","0","0","0","0","-201500","5","-100.00","175","10","3","0","0","","0","0","0","","",""
"080032","0003","0","201000","201500","202000","202500","203000","203500","204000","204500","205000","205500","200000","199900","199800","199600","199500","199000","198800","198700","198500","198100","2","109","197","17","1","50","55","69","326","9","28","103","1","22","35","2","5","2","6","5","835","209","0","0","0","0","0","-201500","5","-100.00","175","-27","0","0","0","","0","0","0","","",""
"080033","0000","0","201000","201500","202000","202500","203000","203500","204000","204500","205000","205500","200000","199900","199800","199600","199500","199000","198800","198700","198500","198100","2","109","197","17","1","51","55","69","326","9","28","103","1","22","35","2","5","2","6","5","836","209","0","0","0","0","0","-201500","5","-100.00","175","1","0","0","0","","0","0","0","","",""
"080033","0001","0","201000","201500","202000","202500","203000","203500","204000","204500","205000","205500","200000","199900","199800","199600","199500","199300","199000","198900","198800","198700","2","109","197","17","1","51","55","69","326","9","28","128","1","22","35","25","2","25","5","2","836","273","0","0","0","0","0","-201500","5","-100.00","175","0","64","0","0","","0","0","0","","",""
"080033","0002","0","201000","201500","202000","202500","203000","203500","204000","204500","205000","205500","200000","199900","199800","199600","199500","199300","199000","198900","198800","198700","2","109","197","17","1","51","55","69","326","9","31","128","1","22","35","25","2","25","5","2","836","276","0","0","0","0","0","-201500","5","-100.00","175","0","2","0","0","","0","0","0","","",""
"080034","0000","0","201000","201500","202000","202500","203000","203500","204000","204500","205000","205500","200000","199900","199800","199600","199500","199300","199000","198900","198800","198700","2","109","197","17","1","51","55","69","326","9","31","128","1","23","35","25","2","25","5","2","836","277","0","0","0","0","0","-201500","5","-100.00","175","0","1","0","0","","0","0","0","","",""
"080035","0000","0","201000","201500","202000","202500","203000","203500","204000","204500","205000","205500","200000","199900","199800","199600","199500","199300","199000","198900","198800","198700","2","94","197","17","1","51","55","69","326","9","16","128","1","23","35","25","2","25","5","2","821","262","0","0","0","0","0","-201500","5","-100.00","190","-15","-15","0","0","","0","0","0","","",""
"080036","0000","0","201000","201500","202000","202500","203000","203500","204000","204500","205000","205500","200000","199900","199800","199600","199500","199300","199000","198900","198800","198700","2","94","197","17","1","51","55","469","326","9","22","128","1","23","35","25","2","25","5","2","1221","268","0","0","0","0","0","-201500","5","-100.00","190","0","6","0","0","","0","0","0","","",""
"080036","0001","0","201000","201500","202000","202500","203000","203500","204000","204500","205000","205500","200000","199900","199800","199700","199600","199500","199300","199000","198900","198800","20","85","197","17","1","51","55","469","326","9","22","143","1","15","23","35","25","2","25","5","1230","296","0","0","0","0","0","-201500","5","-100.00","190","1","28","0","0","","0","0","0","","",""
"080036","0002","0","201000","201500","202000","202500","203000","203500","204000","204500","205000","205500","200000","199900","199800","199700","199600","199500","199300","199000","198900","198800","20","75","197","17","1","51","55","469","326","9","12","143","1","15","23","35","25","2","25","5","1220","286","0","0","0","0","0","-201500","5","-100.00","200","-10","-10","0","0","","0","0","0","","",""
"080037","0000","0","201000","201500","202000","202500","203000","203500","204000","204500","205000","205500","200000","199900","199800","199700","199600","199500","199300","199000","198900","198800","20","75","197","17","1","51","55","469","326","9","11","143","1","15","23","35","25","2","25","5","1220","285","0","0","0","0","0","-201500","5","-100.00","206","0","-6","0","0","","0","0","0","","",""
"080038","0000","0","201000","201500","202000","202500","203000","203500","204000","204500","205000","205500","200000","199900","199800","199700","199600","199500","199300","199000","198900","198800","20","75","197","7","1","51","65","469","326","9","11","143","1","15","23","35","25","2","25","5","1220","285","0","0","0","0","0","-201500","5","-100.00","206","0","0","0","0","","0","0","0","","",""
"080038","0001","0","201000","201500","202000","202500","203000","203500","204000","204500","205000","205500","200000","199900","199800","199700","199600","199500","199300","199000","198900","198800","19","75","197","7","1","51","65","469","326","9","11","143","1","15","23","35","25","2","25","5","1219","285","0","0","0","0","0","-201500","5","-100.00","207","-1","0","0","0","","0","0","0","","",""
"080039","0000","0","201000","201500","202000","202500","203000","203500","204000","204500","205000","205500","200000","199900","199800","199700","199600","199500","199300","199000","198900","198800","34","75","197","7","1","36","65","469","326","9","11","143","1","15","23","35","25","2","25","5","1219","285","0","0","0","0","0","-201500","5","-100.00","207","0","0","0","0","","0","0","0","","",""
"080040","0000","0","201000","201500","202000","202500","203000","203500","204000","204500","205000","205500","200000","199900","199800","199700","199600","199500","199300","199000","198900","198800","19","75","197","7","1","36","65","469","326","9","11","143","1","15","23","35","25","2","25","5","1204","285","0","0","0","0","0","-201500","5","-100.00","222","-15","0","0","0","","0","0","0","","",""
"080040","0001","0","201000","201500","202000","202500","203000","203500","204000","204500","205000","205500","200000","199900","199800","199700","199600","199500","199300","199000","198900","198800","19","75","197","7","1","36","66","469","327","9","11","143","1","15","23","35","25","2","25","5","1206","285","0","0","0","0","0","-201500","5","-100.00","222","2","0","0","0","","0","0","0","","",""
"080041","0000","0","201000","201500","202000","202500","203000","203500","204000","204500","205000","205500","200000","199900","199800","199700","199600","199500","199300","199000","198900","198800","36","75","197","7","1","36","66","469","327","9","10","143","1","15","23","35","25","2","25","5","1223","284","0","0","0","0","0","-201500","5","-100.00","223","0","-1","0","0","","0","0","0","","",""
"080041","0001","0","201000","201500","202000","202500","203000","203500","204000","204500","205000","205500","200000","199900","199800","199700","199600","199500","199300","199000","198900","198800","36","75","197","7","1","36","66","469","327","9","9","142","1","15","23","35","25","2","25","5","1223","282","0","0","0","0","0","-201500","5","-100.00","234","0","7","0","0","","0","0","0","","",""
"080041","0002","0","201000","201500","202000","202500","203000","203500","204000","204500","205000","205500","200000","199900","199800","199700","199600","199500","199300","199000","198900","198800","35","75","197","7","1","36","66","469","328","9","9","142","1","15","23","35","25","2","25","5","1223","282","0","0","0","0","0","-201500","5","-100.00","235","-1","0","0","0","","0","0","0","","",""
"080041","0003","0","201000","201500","202000","202500","203000","203500","204000","204500","205000","205500","200000","199900","199800","199700","199600","199500","199300","199000","198900","198800","35","75","197","56","1","36","66","869","328","9","13","142","1","15","23","35","25","2","25","5","1672","286","0","0","0","0","0","-201500","5","-100.00","235","400","0","0","0","","0","0","0","","",""
"080041","0004","0","201000","201500","202000","202500","203000","203500","204000","204500","205000","205500","200000","199900","199800","199700","199600","199500","199300","199000","198900","198800","35","75","197","56","1","36","66","869","343","9","13","142","1","15","23","35","25","2","25","5","1687","286","0","0","0","0","0","-201500","5","-100.00","235","15","0","0","0","","0","0","0","","",""
"080042","0000","0","201000","201500","202000","202500","203000","203500","204000","204500","205000","205500","200000","199900","199800","199700","199600","199500","199300","199000","198900","198800","35","75","197","56","1","36","66","889","343","9","13","142","1","15","23","35","25","2","25","5","1707","286","0","0","0","0","0","-201500","5","-100.00","235","20","0","0","0","","0","0","0","","",""
"080043","0000","0","201000","201500","202000","202500","203000","203500","204000","204500","205000","205500","200000","199900","199800","199700","199600","199500","199300","199000","198900","198800","35","124","197","56","5","36","66","889","343","9","13","142","1","15","23","35","25","2","25","5","1760","286","0","0","0","0","0","-201500","5","-100.00","235","49","0","0","0","","0","0","0","","",""
"080043","0001","0","201000","201500","202000","202500","203000","203500","204000","204500","205000","205500","200000","199900","199800","199700","199600","199500","199300","199000","198900","198800","35","124","197","56","5","36","66","889","343","9","43","142","1","15","23","35","25","2","25","5","1760","316","0","0","0","0","0","-201500","5","-100.00","235","0","30","0","0","","0","0","0","","",""
"080043","0002","0","201000","201500","202000","202500","203000","203500","204000","204500","205000","205500","200000","199900","199800","199700","199600","199500","199300","199000","198900","198800","35","124","197","56","5","36","66","889","343","9","43","142","1","15","23","35","25","7","25","5","1760","321","0","0","0","0","0","-201500","5","-100.00","235","0","5","0","0","","0","0","0","","",""
"080044","0000","0","201000","201500","202000","202500","203000","203500","204000","204500","205000","205500","200000","199900","199800","199700","199600","199500","199300","199000","198900","198800","35","124","197","56","5","36","66","889","348","9","43","142","1","15","23","35","25","7","25","5","1765","321","0","0","0","0","0","-201500","5","-100.00","235","5","0","0","0","","0","0","0","","",""
"080044","0001","0","201000","201500","202000","202500","203000","203500","204000","204500","205000","205500","200000","199900","199800","199700","199600","199500","199300","199000","198900","198800","74","124","197","56","5","36","66","889","348","9","43","142","1","15","23","35","25","7","25","5","1804","321","0","0","0","0","0","-201500","5","-100.00","235","39","0","0","0","","0","0","0","","",""
"080044","0002","0","201000","201500","202000","202500","203000","203500","204000","204500","205000","205500","200000","199900","199800","199700","199600","199500","199300","199000","198900","198800","200","124","197","56","5","36","66","889","349","9","43","142","1","15","23","35","25","7","25","5","1931","321","0","0","0","0","0","-201500","5","-100.00","235","126","0","0","0","","0","0","0","","",""
"080045","0000","0","201000","201500","202000","202500","203000","203500","204000","204500","205000","205500","200000","199900","199800","199700","199600","199500","199300","199000","198900","198800","200","129","197","56","5","36","66","889","349","9","43","142","1","15","23","35","25","7","25","5","1936","321","0","0","0","0","0","-201500","5","-100.00","235","5","0","0","0","","0","0","0","","",""
"080045","0001","0","201000","201500","202000","202500","203000","203500","204000","204500","205000","205500","200000","199900","199800","199700","199600","199500","199300","199000","198900","198800","251","129","197","56","5","36","66","889","349","9","43","142","1","15","23","35","25","7","25","5","1987","321","0","0","0","0","0","-201500","5","-100.00","235","51","0","0","0","","0","0","0","","",""
"080046","0000","0","201000","201500","202000","202500","203000","203500","204000","204500","205000","205500","200000","199900","199800","199700","199600","199500","199300","199000","198900","198800","252","129","197","56","5","36","66","889","349","9","43","142","1","15","23","35","25","7","25","5","1988","321","0","0","0","0","0","-201500","5","-100.00","235","1","0","0","0","","0","0","0","","",""
"080046","0001","0","201000","201500","202000","202500","203000","203500","204000","204500","205000","205500","200000","199900","199800","199700","199600","199500","199300","199000","198900","198800","272","129","197","56","5","36","66","889","349","9","43","142","1","15","23","35","25","7","25","5","2008","321","0","0","0","0","0","-201500","5","-100.00","235","20","0","0","0","","0","0","0","","",""
"080046","0002","0","201000","201500","202000","202500","203000","203500","204000","204500","205000","205500","200000","199900","199800","199700","199600","199500","199300","199000","198900","198800","272","80","246","56","5","36","66","889","349","9","28","142","1","15","23","35","25","7","25","5","2008","306","0","0","0","0","0","-201500","5","-100.00","250","0","0","0","0","","0","0","0","","",""
"080046","0003","0","201000","201500","202000","202500","203000","203500","204000","204500","205000","205500","200000","199900","199800","199700","199600","199500","199300","199000","198900","198800","172","80","246","56","5","36","66","889","349","9","28","142","1","15","23","35","25","7","25","5","1908","306","0","0","0","0","0","-201500","5","-100.00","350","-100","0","0","0","","0","0","0","","",""
"080047","0000","0","201000","201500","202000","202500","203000","203500","204000","204500","205000","205500","200000","199900","199800","199700","199600","199500","199300","199000","198900","198800","172","80","247","56","5","36","66","889","349","9","28","142","1","15","23","35","25","7","25","5","1909","306","0","0","0","0","0","-201500","5","-100.00","350","1","0","0","0","","0","0","0","","",""
"080047","0001","0","201000","201500","202000","202500","203000","203500","204000","204500","205000","205500","200000","199900","199800","199700","199600","199500","199300","199000","198900","198800","172","80","247","56","5","37","66","889","349","9","28","142","1","15","23","35","25","7","25","5","1910","306","0","0","0","0","0","-201500","5","-100.00","350","1","0","0","0","","0","0","0","","",""
"080047","0002","0","201000","201500","202000","202500","203000","203500","204000","204500","205000","205500","200000","199900","199800","199700","199600","199500","199300","199000","198900","198800","173","80","247","56","5","37","66","889","349","9","28","142","1","15","23","35","25","7","25","5","1911","306","0","0","0","0","0","-201500","5","-100.00","350","1","0","0","0","","0","0","0","","",""
"080048","0000","0","201000","201500","202000","202500","203000","203500","204000","204500","205000","205500","200000","199900","199800","199700","199600","199500","199300","199000","198900","198800","177","80","247","56","5","37","66","889","349","9","28","142","1","15","23","35","25","7","25","5","1915","306","0","0","0","0","0","-201500","5","-100.00","350","4","0","0","0","","0","0","0","","",""
"080048","0001","0","201000","201500","202000","202500","203000","203500","204000","204500","205000","205500","200000","199900","199800","199700","199600","199500","199300","199000","198900","198800","177","80","247","57","5","37","66","889","349","9","29","142","1","15","23","35","25","7","25","5","1916","307","0","0","0","0","0","-201500","5","-100.00","350","0","1","0","0","","0","0","0","","",""
"080049","0000","0","201000","201500","202000","202500","203000","203500","204000","204500","205000","205500","200000","199900","199800","199700","199600","199500","199300","199000","198900","198800","177","81","247","57","5","37","66","890","349","9","29","142","1","15","23","35","25","7","25","5","1918","307","0","0","0","0","0","-201500","5","-100.00","350","1","0","0","0","","0","0","0","","",""
"080049","0001","0","201000","201500","202000","202500","203000","203500","204000","204500","205000","205500","200000","199900","199800","199700","199600","199500","199300","199000","198900","198800","177","85","247","57","5","37","66","890","349","9","29","142","1","15","23","35","25","7","25","5","1922","307","0","0","0","0","0","-201500","5","-100.00","350","4","0","0","0","","0","0","0","","",""
"080050","0000","0","201000","201500","202000","202500","203000","203500","204000","204500","205000","205500","200000","199900","199800","199700","199600","199500","199300","199000","198900","198800","177","85","247","57","5","10","93","890","349","9","29","142","1","15","23","35","25","7","25","5","1922","307","0","0","0","0","0","-201500","5","-100.00","350","0","0","0","0","","0","0","0","","",""
"080050","0001","0","201000","201500","202000","202500","203000","203500","204000","204500","205000","205500","200000","199900","199800","199700","199600","199500","199300","199000","198900","198800","177","85","247","57","5","10","93","890","349","9","29","142","1","15","23","35","25","7","25","5","1922","307","0","0","0","0","0","-201500","5","-100.00","350","0","0","0","0","","0","0","0","","",""
"080050","0002","0","201000","201500","202000","202500","203000","203500","204000","204500","205000","205500","200000","199900","199800","199700","199600","199500","199300","199000","198900","198800","177","85","251","57","5","10","93","890","349","9","29","142","1","15","23","35","25","7","25","5","1926","307","0","0","0","0","0","-201500","5","-100.00","350","4","0","0","0","","0","0","0","","",""
"080051","0000","0","201000","201500","202000","202500","203000","203500","204000","204500","205000","205500","200000","199900","199800","199700","199600","199500","199300","199000","198900","198800","177","86","251","57","5","10","93","890","349","9","29","142","1","15","23","35","25","7","25","5","1927","307","0","0","0","0","0","-201500","5","-100.00","350","1","0","0","0","","0","0","0","","",""
"080051","0001","0","201000","201500","202000","202500","203000","203500","204000","204500","205000","205500","200000","199900","199800","199700","199600","199500","199300","199000","198900","198800","177","87","251","57","5","10","93","890","349","9","29","142","1","15","23","35","25","7","25","5","1928","307","0","0","0","0","0","-201500","5","-100.00","350","1","0","0","0","","0","0","0","","",""
"080052","0000","0","201000","201500","202000","202500","203000","203500","204000","204500","205000","205500","200000","199900","199800","199700","199600","199500","199300","199000","198900","198800","178","87","251","61","5","10","93","890","349","9","29","142","1","15","23","35","25","7","25","5","1933","307","0","0","0","0","0","-201500","5","-100.00","350","1","0","0","0","","0","0","0","","",""
"080052","0001","0","201000","201500","202000","202500","203000","203500","204000","204500","205000","205500","200000","199900","199800","199700","199600","199500","199300","199000","198900","198800","178","87","252","61","5","10","93","890","349","9","29","142","1","15","23","35","25","7","25","5","1934","307","0","0","0","0","0","-201500","5","-100.00","350","1","0","0","0","","0","0","0","","",""
"080053","0000","0","201000","201500","202000","202500","203000","203500","204000","204500","205000","205500","200000","199900","199800","199700","199600","199500","199300","199000","198900","198800","178","88","252","61","9","10","93","890","349","9","29","142","1","15","23","35","25","7","25","5","1939","307","0","0","0","0","0","-201500","5","-100.00","350","4","0","0","0","","0","0","0","","",""
"080053","0001","0","201000","201500","202000","202500","203000","203500","204000","204500","205000","205500","200000","199900","199800","199700","199600","199500","199300","199000","198900","198800","178","89","256","61","5","10","93","890","349","9","29","142","1","15","23","35","25","7","25","5","1940","307","0","0","0","0","0","-201500","5","-100.00","350","0","0","0","0","","0","0","0","","",""
"080053","0002","0","201000","201500","202000","202500","203000","203500","204000","204500","205000","205500","200000","199900","199800","199700","199600","199500","199300","199000","198900","198800","178","89","256","61","5","10","93","890","349","9","19","142","1","15","23","35","25","7","25","5","1940","297","0","0","0","0","0","-201500","5","-100.00","360","0","-10","0","0","","0","0","0","","",""
"080054","0000","0","201000","201500","202000","202500","203000","203500","204000","204500","205000","205500","200000","199900","199800","199700","199600","199500","199300","199000","198900","198800","178","69","256","61","5","10","93","890","349","9","19","142","1","15","23","35","25","7","25","5","1920","297","0","0","0","0","0","-201500","5","-100.00","360","-20","0","0","0","","0","0","0","","",""
"080055","0000","0","201000","201500","202000","202500","203000","203500","204000","204500","205000","205500","200000","199900","199800","199700","199600","199500","199300","199000","198900","198800","183","69","256","61","5","10","93","890","349","9","19","142","1","15","23","35","25","7","25","5","1925","297","0","0","0","0","0","-201500","5","-100.00","360","5","0","0","0","","0","0","0","","",""
"080055","0001","0","201000","201500","202000","202500","203000","203500","204000","204500","205000","205500","200000","199900","199800","199700","199600","199500","199300","199000","198900","198800","183","69","257","61","5","10","93","890","349","9","19","142","1","15","23","35","25","7","25","5","1926","297","0","0","0","0","0","-201500","5","-100.00","360","1","0","0","0","","0","0","0","","",""
"080056","0000","0","201000","201500","202000","202500","203000","203500","204000","204500","205000","205500","200000","199900","199800","199700","199600","199500","199300","199000","198900","198800","183","68","257","61","5","10","93","890","349","9","19","142","1","15","23","35","25","7","25","5","1925","297","0","0","0","0","0","-201500","5","-100.00","360","-1","0","0","0","","0","0","0","","",""
"080056","0001","0","201000","201500","202000","202500","203000","203500","204000","204500","205000","205500","200000","199900","199800","199700","199600","199500","199300","199000","198900","198800","183","68","257","62","5","10","93","890","349","9","21","142","1","15","23","35","25","7","25","5","1926","299","0","0","0","0","0","-201500","5","-100.00","360","0","2","0","0","","0","0","0","","",""
"080057","0000","0","201000","201500","202000","202500","203000","203500","204000","204500","205000","205500","200000","199900","199800","199700","199600","199500","199300","199000","198900","198800","183","68","257","62","5","14","93","890","349","9","21","142","1","15","23","35","25","7","25","5","1930","299","0","0","0","0","0","-201500","5","-100.00","360","4","0","0","0","","0","0","0","","",""
"080057","0001","0","201000","201500","202000","202500","203000","203500","204000","204500","205000","205500","200000","199900","199800","199700","199600","199500","199300","199000","198900","198800","193","68","257","62","5","14","93","890","349","9","21","142","1","15","23","35","25","7","25","5","1940","299","0","0","0","0","0","-201500","5","-100.00","360","10","0","0","0","","0","0","0","","",""
"080057","0002","0","201000","201500","202000","202500","203000","203500","204000","204500","205000","205500","200000","199900","199800","199700","199600","199500","199300","199000","198900","198800","193","68","257","62","5","14","93","890","349","9","23","142","1","15","23","35","25","7","25","5","1940","301","0","0","0","0","0","-201500","5","-100.00","360","0","2","0","0","","0","0","0","","",""
"080057","0003","0","201000","201500","202000","202500","203000","203500","204000","204500","205000","205500","200000","199900","199800","199700","199600","199500","199300","199000","198900","198800","193","68","257","62","5","14","93","890","349","9","28","142","1","15","23","35","25","7","25","5","1940","306","0","0","0","0","0","-201500","5","-100.00","360","0","5","0","0","","0","0","0","","",""
"080058","0000","0","201000","201500","202000","202500","203000","203500","204000","204500","205000","205500","200000","199900","199800","199700","199600","199500","199300","199000","198900","198800","193","68","257","62","5","14","93","890","349","9","28","242","1","15","23","35","25","7","25","5","1940","406","0","0","0","0","0","-201500","5","-100.00","360","0","100","0","0","","0","0","0","","",""
"080058","0001","0","201000","201500","202000","202500","203000","203500","204000","204500","205000","205500","200000","199900","199800","199700","199600","199500","199300","199000","198900","198800","193","68","257","62","5","14","97","890","349","9","28","242","1","15","23","35","25","7","25","5","1944","406","0","0","0","0","0","-201500","5","-100.00","360","4","0","0","0","","0","0","0","","",""
"080058","0002","0","201000","201500","202000","202500","203000","203500","204000","204500","205000","205500","200000","199900","199800","199700","199600","199500","199300","199000","198900","198800","197","68","257","62","5","14","97","890","349","9","27","242","1","15","23","35","25","12","25","5","1948","410","0","0","0","0","0","-201500","5","-100.00","361","4","4","0","0","","0","0","0","","",""
"080058","0003","0","201000","201500","202000","202500","203000","203500","204000","204500","205000","205500","200000","199900","199800","199700","199600","199500","199300","199000","198900","198800","198","68","257","62","5","14","97","890","349","9","27","242","1","15","23","35","25","12","25","5","1949","410","0","0","0","0","0","-201500","5","-100.00","361","1","0","0","0","","0","0","0","","",""
"080059","0000","0","201000","201500","202000","202500","203000","203500","204000","204500","205000","205500","200000","199900","199800","199700","199600","199500","199300","199000","198900","198800","178","68","258","62","5","14","97","890","349","9","7","242","1","15","23","35","25","12","25","5","1930","390","0","0","0","0","0","-201500","5","-100.00","381","-20","-20","0","0","","0","0","0","","",""
"080059","0001","0","201000","201500","202000","202500","203000","203500","204000","204500","205000","205500","200000","199900","199800","199700","199600","199500","199300","199000","198900","198800","177","68","258","62","6","14","97","890","349","9","7","242","1","15","23","35","25","12","25","5","1930","390","0","0","0","0","0","-201500","5","-100.00","382","-1","0","0","0","","0","0","0","","",""
"080059","0002","0","201000","201500","202000","202500","203000","203500","204000","204500","205000","205500","200000","199900","199800","199700","199600","199500","199300","199000","198900","198800","177","68","258","62","6","14","97","894","349","9","7","242","1","15","23","35","25","12","25","5","1934","390","0","0","0","0","0","-201500","5","-100.00","382","4","0","0","0","","0","0","0","","",""
"080101","0000","0","201000","201500","202000","202500","203000","203500","204000","204500","205000","205500","200000","199900","199800","199700","199600","199500","199300","199000","198900","198800","177","68","258","62","6","14","97","894","349","9","28","242","1","15","23","35","25","12","25","5","1934","411","0","0","0","0","0","-201500","5","-100.00","382","0","1","0","0","","0","0","0","","",""
"080101","0001","0","201000","201500","202000","202500","203000","203500","204000","204500","205000","205500","200000","199900","199800","199700","199600","199500","199300","199000","198900","198800","177","68","258","62","6","15","97","894","349","9","28","242","1","15","23","35","25","12","25","5","1935","411","0","0","0","0","0","-201500","5","-100.00","382","1","0","0","0","","0","0","0","","",""
"080102","0000","0","200500","201000","201500","202000","202500","203000","203500","204000","204500","205000","200000","199900","199800","199700","199600","199500","199300","199000","198900","198800","2","177","68","258","62","6","15","97","894","349","28","242","1","15","23","35","25","12","25","5","1928","411","0","0","0","0","0","-201500","5","-100.00","382","-7","0","0","0","","0","0","0","","",""
"080102","0001","0","200500","201000","201500","202000","202500","203000","203500","204000","204500","205000","200000","199900","199800","199700","199600","199500","199300","199000","198900","198800","2","177","69","258","62","6","15","97","894","349","28","242","1","15","23","35","25","12","25","5","1929","411","0","0","0","0","0","-201500","5","-100.00","382","1","0","0","0","","0","0","0","","",""
"080102","0002","0","200000","200500","201000","201500","202000","202500","203000","203500","204000","204500","199900","199800","199700","199600","199500","199300","199000","198900","198800","198700","8","2","177","69","258","62","6","15","97","894","242","1","15","23","35","25","12","25","5","2","1588","385","0","0","0","0","0","-201500","5","-100.00","410","-341","-26","0","0","","0","0","0","","",""
"080103","0000","0","200000","200500","201000","201500","202000","202500","203000","203500","204000","204500","199900","199800","199700","199600","199500","199300","199100","199000","198900","198800","8","2","177","69","258","62","6","16","97","894","242","1","15","23","35","25","10","12","25","5","1589","393","0","0","0","0","0","-201500","5","-100.00","410","0","8","0","0","","0","0","0","","",""
"080103","0001","0","200000","200500","201000","201500","202000","202500","203000","203500","204000","204500","199900","199800","199700","199600","199500","199300","199100","199000","198900","198800","8","2","182","69","258","62","6","16","97","894","242","1","15","23","35","25","10","12","25","5","1594","393","0","0","0","0","0","-201500","5","-100.00","410","5","0","0","0","","0","0","0","","",""
"080104","0000","0","200000","200500","201000","201500","202000","202500","203000","203500","204000","204500","199900","199800","199700","199600","199500","199300","199100","199000","198900","198800","8","2","178","69","258","62","6","16","97","894","242","1","15","23","35","25","10","12","25","5","1590","393","0","0","0","0","0","-201500","5","-100.00","410","-4","0","0","0","","0","0","0","","",""
"080104","0001","0","200000","200500","201000","201500","202000","202500","203000","203500","204000","204500","199900","199800","199700","199600","199500","199300","199100","199000","198900","198800","8","2","178","69","258","62","6","16","97","894","237","1","15","23","35","25","10","12","25","5","1590","388","0","0","0","0","0","-201500","5","-100.00","415","0","-5","0","0","","0","0","0","","",""
"080105","0000","0","200000","200500","201000","201500","202000","202500","203000","203500","204000","204500","199900","199800","199700","199600","199500","199300","199100","199000","198900","198800","25","2","178","69","258","62","6","16","97","894","237","1","15","23","35","25","10","12","25","5","1607","388","0","0","0","0","0","-201500","5","-100.00","415","17","0","0","0","","0","0","0","","",""
"080339","0000","0","200500","201000","201500","202000","202500","203000","203500","204000","204500","205000","200000","199900","199800","199700","199600","199500","199400","199300","199200","199100","84","338","636","256","46","230","184","116","902","632","3","377","18","46","27","100","2","26","12","115","3424","726","0","0","0","0","0","-201500","5","-100.00","1716","2","0","0","0","","0","0","0","","",""
"080339","0001","0","200500","201000","201500","202000","202500","203000","203500","204000","204500","205000","200000","199900","199800","199700","199600","199500","199400","199300","199200","199100","84","338","636","256","46","230","184","118","902","632","3","377","18","46","27","100","2","26","12","115","3426","726","0","0","0","0","0","-201500","5","-100.00","1716","2","0","0","0","","0","0","0","","",""
"080339","0002","0","200500","201000","201500","202000","202500","203000","203500","204000","204500","205000","200000","199900","199800","199700","199600","199500","199400","199300","199200","199100","84","338","636","256","46","230","184","120","902","632","3","377","18","46","27","100","2","26","12","115","3428","726","0","0","0","0","0","-201500","5","-100.00","1716","2","0","0","0","","0","0","0","","",""
"080339","0003","0","200500","201000","201500","202000","202500","203000","203500","204000","204500","205000","200000","199900","199800","199700","199600","199500","199400","199300","199200","199100","84","362","636","256","46","230","184","120","902","632","3","377","18","46","27","100","2","26","12","115","3452","726","0","0","0","0","0","-201500","5","-100.00","1716","24","0","0","0","","0","0","0","","",""
"080340","0000","0","200500","201000","201500","202000","202500","203000","203500","204000","204500","205000","200000","199900","199800","199700","199600","199500","199400","199300","199200","199100","84","362","636","256","46","230","184","122","902","632","3","377","18","46","27","100","2","26","12","115","3454","726","0","0","0","0","0","-201500","5","-100.00","1716","2","0","0","0","","0","0","0","","",""
"080340","0001","0","200000","200500","201000","201500","202000","202500","203000","203500","204000","204500","199900","199800","199700","199600","199500","199400","199300","199200","199100","199000","12","84","362","636","256","46","230","184","122","902","377","38","46","27","100","2","26","12","115","21","2834","764","0","0","0","0","0","-201500","5","-100.00","1719","0","20","0","0","","0","0","0","","",""
"080341","0000","0","200000","200500","201000","201500","202000","202500","203000","203500","204000","204500","199900","199800","199700","199600","199500","199400","199300","199200","199100","199000","13","84","362","636","256","46","230","184","122","902","377","38","46","27","100","2","26","12","115","21","2835","764","0","0","0","0","0","-201500","5","-100.00","1719","1","0","0","0","","0","0","0","","",""
"080341","0001","0","200000","200500","201000","201500","202000","202500","203000","203500","204000","204500","199900","199800","199700","199600","199500","199400","199300","199200","199100","199000","12","84","362","636","256","46","230","184","122","902","377","38","46","27","100","2","26","12","115","21","2834","764","0","0","0","0","0","-201500","5","-100.00","1719","-1","0","0","0","","0","0","0","","",""
"080341","0002","0","200000","200500","201000","201500","202000","202500","203000","203500","204000","204500","199900","199800","199700","199600","199500","199400","199300","199200","199100","199000","12","84","362","636","256","46","230","184","122","902","377","38","46","27","100","2","26","12","116","21","2834","765","0","0","0","0","0","-201500","5","-100.00","1720","0","1","0","0","","0","0","0","","",""
"080343","0000","0","200000","200500","201000","201500","202000","202500","203000","203500","204000","204500","199900","199800","199700","199600","199500","199400","199300","199200","199100","199000","12","84","362","636","256","46","230","184","122","902","377","38","46","27","100","2","26","12","118","21","2834","767","0","0","0","0","0","-201500","5","-100.00","1720","0","2","0","0","","0","0","0","","",""
"080344","0000","0","200000","200500","201000","201500","202000","202500","203000","203500","204000","204500","199900","199800","199700","199600","199500","199400","199300","199200","199100","199000","12","84","357","636","256","46","230","184","122","902","377","38","46","27","100","2","26","12","118","21","2829","767","0","0","0","0","0","-201500","5","-100.00","1720","-5","0","0","0","","0","0","0","","",""
"080344","0001","0","200000","200500","201000","201500","202000","202500","203000","203500","204000","204500","199900","199800","199700","199600","199500","199400","199300","199200","199100","199000","22","84","357","636","256","46","250","184","122","902","377","38","46","27","100","2","26","12","118","21","2859","767","0","0","0","0","0","-201500","5","-100.00","1720","10","0","0","0","","0","0","0","","",""
"080345","0000","0","200000","200500","201000","201500","202000","202500","203000","203500","204000","204500","199900","199800","199700","199600","199500","199400","199300","199200","199100","199000","22","84","357","636","256","46","250","184","122","902","377","38","46","27","100","2","26","12","118","21","2859","767","0","0","0","0","0","-201500","5","-100.00","1720","0","0","0","0","","0","0","0","","",""
"080345","0001","0","200000","200500","201000","201500","202000","202500","203000","203500","204000","204500","199900","199800","199700","199600","199500","199400","199300","199200","199100","199000","22","94","357","636","256","46","250","184","122","902","377","38","46","27","100","2","26","12","118","21","2869","767","0","0","0","0","0","-201500","5","-100.00","1720","10","0","0","0","","0","0","0","","",""
"080346","0000","0","200000","200500","201000","201500","202000","202500","203000","203500","204000","204500","199900","199800","199700","199600","199500","199400","199300","199200","199100","199000","26","94","357","636","256","46","250","184","122","902","377","38","46","27","100","2","26","12","118","21","2873","767","0","0","0","0","0","-201500","5","-100.00","1720","4","0","0","0","","0","0","0","","",""
"080347","0000","0","200000","200500","201000","201500","202000","202500","203000","203500","204000","204500","199900","199800","199700","199600","199500","199400","199300","199200","199100","199000","21","94","357","636","256","46","250","184","122","902","377","38","46","27","100","2","26","12","118","21","2868","767","0","0","0","0","0","-201500","5","-100.00","1725","-5","0","0","0","","0","0","0","","",""
"080348","0000","0","200000","200500","201000","201500","202000","202500","203000","203500","204000","204500","199900","199800","199700","199600","199500","199400","199300","199200","199100","199000","21","94","357","636","256","46","250","184","122","902","375","38","46","27","100","2","26","12","118","21","2868","765","0","0","0","0","0","-201500","5","-100.00","1727","0","-2","0","0","","0","0","0","","",""
"080349","0000","0","200000","200500","201000","201500","202000","202500","203000","203500","204000","204500","199900","199800","199700","199600","199500","199400","199300","199200","199100","199000","21","94","357","636","256","46","250","184","122","902","375","38","46","27","100","2","26","12","118","21","2868","765","0","0","0","0","0","-201500","5","-100.00","1727","0","0","0","0","","0","0","0","","",""
"080350","0000","0","200000","200500","201000","201500","202000","202500","203000","203500","204000","204500","199900","199800","199700","199600","199500","199400","199300","199200","199100","199000","21","94","357","636","256","46","250","184","122","902","375","38","46","27","100","2","26","12","118","21","2868","765","0","0","0","0","0","-201500","5","-100.00","1727","0","0","0","0","","0","0","0","","",""
"080350","0001","0","200000","200500","201000","201500","202000","202500","203000","203500","204000","204500","199900","199800","199700","199600","199500","199400","199300","199200","199100","199000","21","94","357","636","256","46","250","184","122","902","375","38","46","27","120","2","26","12","118","21","2868","785","0","0","0","0","0","-201500","5","-100.00","1727","0","20","0","0","","0","0","0","","",""
"080350","0002","0","200000","200500","201000","201500","202000","202500","203000","203500","204000","204500","199900","199800","199700","199600","199500","199400","199300","199200","199100","199000","12","94","357","636","256","46","250","184","122","902","371","38","46","27","120","2","26","12","118","21","2859","781","0","0","0","0","0","-201500","5","-100.00","1736","-5","0","0","0","","0","0","0","","",""
"080352","0000","0","200000","200500","201000","201500","202000","202500","203000","203500","204000","204500","199900","199800","199700","199600","199500","199400","199300","199200","199100","199000","12","94","357","636","256","46","250","184","122","902","376","38","46","27","120","2","26","12","118","21","2859","786","0","0","0","0","0","-201500","5","-100.00","1736","0","5","0","0","","0","0","0","","",""
"080352","0001","0","200000","200500","201000","201500","202000","202500","203000","203500","204000","204500","199900","199800","199700","199600","199500","199400","199300","199200","199100","199000","12","94","357","637","256","46","250","184","122","902","376","38","46","27","120","2","26","12","118","21","2860","786","0","0","0","0","0","-201500","5","-100.00","1736","1","0","0","0","","0","0","0","","",""
"080353","0000","0","200000","200500","201000","201500","202000","202500","203000","203500","204000","204500","199900","199800","199700","199600","199500","199400","199300","199200","199100","199000","12","94","357","637","256","46","250","184","122","902","376","38","46","27","120","2","26","12","118","46","2860","811","0","0","0","0","0","-201500","5","-100.00","1736","0","25","0","0","","0","0","0","","",""
"080354","0000","0","200000","200500","201000","201500","202000","202500","203000","203500","204000","204500","199900","199800","199700","199600","199500","199400","199300","199200","199100","199000","12","94","357","637","256","46","250","184","122","902","374","38","46","27","120","2","26","12","119","46","2860","810","0","0","0","0","0","-201500","5","-100.00","1738","0","-2","0","0","","0","0","0","","",""
"080355","0000","0","200000","200500","201000","201500","202000","202500","203000","203500","204000","204500","199900","199800","199700","199600","199500","199400","199300","199200","199100","199000","12","94","357","637","256","46","250","184","122","902","375","38","46","27","120","2","26","12","119","46","2860","811","0","0","0","0","0","-201500","5","-100.00","1738","0","1","0","0","","0","0","0","","",""
"080355","0001","0","200500","201000","201500","202000","202500","203000","203500","204000","204500","205000","200000","199900","199800","199700","199600","199500","199400","199300","199200","199100","94","357","637","256","46","250","184","122","902","631","17","375","38","46","27","120","2","26","12","119","3479","782","0","0","0","0","0","-201500","5","-100.00","1750","619","-29","0","0","","0","0","0","","",""
"080356","0000","0","200000","200500","201000","201500","202000","202500","203000","203500","204000","204500","199900","199800","199700","199600","199500","199400","199300","199200","199100","199000","83","94","357","637","256","46","250","184","122","902","375","38","46","27","120","2","26","12","119","46","2931","811","0","0","0","0","0","-201500","5","-100.00","1767","-548","29","0","0","","0","0","0","","",""
"080359","0000","0","200000","200500","201000","201500","202000","202500","203000","203500","204000","204500","199900","199800","199700","199600","199500","199400","199300","199200","199100","199000","83","94","357","637","256","46","250","184","122","902","375","38","46","29","120","2","26","12","119","46","2931","813","0","0","0","0","0","-201500","5","-100.00","1767","0","2","0","0","","0","0","0","","",""
"080400","0000","0","200000","200500","201000","201500","202000","202500","203000","203500","204000","204500","199900","199800","199700","199600","199500","199400","199300","199200","199100","199000","93","94","357","637","256","46","250","184","122","902","375","38","46","29","120","2","26","12","119","46","2941","813","0","0","0","0","0","-201500","5","-100.00","1767","10","0","0","0","","0","0","0","","",""
"080400","0001","0","200000","200500","201000","201500","202000","202500","203000","203500","204000","204500","199900","199800","199700","199600","199500","199400","199300","199200","199100","199000","93","94","357","637","256","46","250","184","122","907","375","38","46","29","120","2","26","12","119","46","2946","813","0","0","0","0","0","-201500","5","-100.00","1767","5","0","0","0","","0","0","0","","",""
"080400","0002","0","200000","200500","201000","201500","202000","202500","203000","203500","204000","204500","199900","199800","199700","199600","199500","199400","199300","199200","199100","199000","98","94","357","637","256","46","250","184","122","907","375","38","46","29","120","2","26","12","119","46","2951","813","0","0","0","0","0","-201500","5","-100.00","1767","5","0","0","0","","0","0","0","","",""
"080401","0000","0","200000","200500","201000","201500","202000","202500","203000","203500","204000","204500","199900","199800","199700","199600","199500","199400","199300","199200","199100","199000","97","94","357","637","256","46","250","184","122","907","365","38","46","29","120","2","26","12","119","46","2950","803","0","0","0","0","0","-201500","5","-100.00","1778","0","-10","0","0","","0","0","0","","",""
"080402","0000","0","200000","200500","201000","201500","202000","202500","203000","203500","204000","204500","199900","199800","199700","199600","199500","199400","199300","199200","199100","199000","105","94","357","637","256","46","250","184","122","907","365","38","46","29","120","2","26","12","119","46","2958","803","0","0","0","0","0","-201500","5","-100.00","1778","8","0","0","0","","0","0","0","","",""
"080402","0001","0","200000","200500","201000","201500","202000","202500","203000","203500","204000","204500","199900","199800","199700","199600","199500","199400","199300","199200","199100","199000","105","94","357","637","266","46","250","184","122","907","366","38","46","29","120","2","26","12","119","46","2968","804","0","0","0","0","0","-201500","5","-100.00","1778","10","1","0","0","","0","0","0","","",""
"080402","0002","0","200000","200500","201000","201500","202000","202500","203000","203500","204000","204500","199900","199800","199700","199600","199500","199400","199300","199200","199100","199000","114","94","357","637","266","46","250","184","122","907","366","38","46","29","120","2","26","12","119","46","2977","804","0","0","0","0","0","-201500","5","-100.00","1778","9","0","0","0","","0","0","0","","",""
"080402","0003","0","200000","200500","201000","201500","202000","202500","203000","203500","204000","204500","199900","199800","199700","199600","199500","199400","199300","199200","199100","199000","114","94","357","637","266","46","250","184","122","1020","366","38","46","29","120","2","26","12","119","46","3090","804","0","0","0","0","0","-201500","5","-100.00","1778","113","0","0","0","","0","0","0","","",""
"080404","0000","0","200000","200500","201000","201500","202000","202500","203000","203500","204000","204500","199900","199800","199700","199600","199500","199400","199300","199200","199100","199000","114","94","386","608","266","46","250","184","122","1020","370","38","46","29","120","2","26","12","119","46","3090","808","0","0","0","0","0","-201500","5","-100.00","1778","0","4","0","0","","0","0","0","","",""
"080404","0001","0","200000","200500","201000","201500","202000","202500","203000","203500","204000","204500","199900","199800","199700","199600","199500","199400","199300","199200","199100","199000","114","94","386","608","266","46","250","184","122","1120","370","38","46","29","120","2","26","12","119","46","3190","808","0","0","0","0","0","-201500","5","-100.00","1778","100","0","0","0","","0","0","0","","",""
"080404","0002","0","200000","200500","201000","201500","202000","202500","203000","203500","204000","204500","199900","199800","199700","199600","199500","199400","199300","199200","199100","199000","113","94","386","608","266","46","250","184","122","1120","369","38","46","29","120","2","26","12","119","46","3189","807","0","0","0","0","0","-201500","5","-100.00","1780","-1","0","0","0","","0","0","0","","",""
"080405","0000","0","200000","200500","201000","201500","202000","202500","203000","203500","204000","204500","199900","199800","199700","199600","199500","199400","199300","199200","199100","199000","113","94","386","608","266","46","250","184","122","1120","371","38","46","29","120","2","26","12","119","46","3189","809","0","0","0","0","0","-201500","5","-100.00","1780","0","2","0","0","","0","0","0","","",""
"080405","0001","0","200000","200500","201000","201500","202000","202500","203000","203500","204000","204500","199900","199800","199700","199600","199500","199400","199300","199200","199100","199000","113","94","386","608","266","46","250","184","122","1120","371","40","46","29","120","2","26","12","119","46","3189","811","0","0","0","0","0","-201500","5","-100.00","1780","0","2","0","0","","0","0","0","","",""
"080406","0000","0","200000","200500","201000","201500","202000","202500","203000","203500","204000","204500","199900","199800","199700","199600","199500","199400","199300","199200","199100","199000","88","94","386","608","266","46","250","184","122","1120","372","40","46","29","120","2","26","12","119","46","3164","812","0","0","0","0","0","-201500","5","-100.00","1805","0","1","0","0","","0","0","0","","",""
"080407","0000","0","200000","200500","201000","201500","202000","202500","203000","203500","204000","204500","199900","199800","199700","199600","199500","199400","199300","199200","199100","199000","88","94","386","608","266","46","250","184","122","1120","372","40","46","29","120","2","26","12","119","46","3164","812","0","0","0","0","0","-201500","5","-100.00","1806","0","-1","0","0","","0","0","0","","",""
"080408","0000","0","200000","200500","201000","201500","202000","202500","203000","203500","204000","204500","199900","199800","199700","199600","199500","199400","199300","199200","199100","199000","88","94","386","608","266","46","250","184","122","1120","345","40","46","29","120","2","26","12","119","46","3164","785","0","0","0","0","0","-201500","5","-100.00","1833","0","-27","0","0","","0","0","0","","",""
"080408","0001","0","200000","200500","201000","201500","202000","202500","203000","203500","204000","204500","199900","199800","199700","199600","199500","199400","199300","199200","199100","199000","89","94","386","608","266","46","250","184","122","1120","345","40","46","29","120","2","26","12","119","46","3165","785","0","0","0","0","0","-201500","5","-100.00","1833","1","0","0","0","","0","0","0","","",""
"080408","0002","0","200000","200500","201000","201500","202000","202500","203000","203500","204000","204500","199900","199800","199700","199600","199500","199400","199300","199200","199100","199000","80","94","386","608","266","46","250","184","122","1120","336","40","46","29","120","2","26","12","119","46","3156","776","0","0","0","0","0","-201500","5","-100.00","1842","-9","-9","0","0","","0","0","0","","",""
"080409","0000","0","200000","200500","201000","201500","202000","202500","203000","203500","204000","204500","199900","199800","199700","199600","199500","199400","199300","199200","199100","199000","80","94","386","608","266","46","250","186","122","1120","335","40","46","29","120","2","26","12","119","46","3158","775","0","0","0","0","0","-201500","5","-100.00","1842","0","-1","0","0","","0","0","0","","",""
"080411","0000","0","200000","200500","201000","201500","202000","202500","203000","203500","204000","204500","199900","199800","199700","199600","199500","199400","199300","199200","199100","199000","30","94","386","608","266","46","250","186","122","1120","346","40","46","29","122","2","26","12","119","46","3108","788","0","0","0","0","0","-201500","5","-100.00","1892","0","2","0","0","","0","0","0","","",""
"080411","0001","0","200000","200500","201000","201500","202000","202500","203000","203500","204000","204500","199900","199800","199700","199600","199500","199400","199300","199200","199100","199000","30","95","386","608","266","46","250","186","122","1120","346","40","46","29","122","2","26","12","119","47","3109","789","0","0","0","0","0","-201500","5","-100.00","1892","0","1","0","0","","0","0","0","","",""
"080411","0002","0","200000","200500","201000","201500","202000","202500","203000","203500","204000","204500","199900","199800","199700","199600","199500","199400","199300","199200","199100","199000","30","95","386","608","266","46","250","186","122","1120","365","40","46","29","122","2","26","12","119","47","3109","808","0","0","0","0","0","-201500","5","-100.00","1893","0","-1","0","0","","0","0","0","","",""
"080412","0000","0","200000","200500","201000","201500","202000","202500","203000","203500","204000","204500","199900","199800","199700","199600","199500","199400","199300","199200","199100","199000","30","95","386","608","266","46","250","186","132","1120","365","40","46","29","122","2","26","12","119","47","3119","808","0","0","0","0","0","-201500","5","-100.00","1893","10","0","0","0","","0","0","0","","",""
"080412","0001","0","200000","200500","201000","201500","202000","202500","203000","203500","204000","204500","199900","199800","199700","199600","199500","199400","199300","199200","199100","199000","30","95","396","608","266","46","250","186","132","1120","365","40","46","29","122","2","26","12","119","47","3129","808","0","0","0","0","0","-201500","5","-100.00","1893","10","0","0","0","","0","0","0","","",""
"080413","0000","0","200000","200500","201000","201500","202000","202500","203000","203500","204000","204500","199900","199800","199700","199600","199500","199400","199300","199200","199100","199000","30","95","396","608","266","46","250","186","132","1120","357","40","46","29","122","2","26","12","119","47","3129","800","0","0","0","0","0","-201500","5","-100.00","1901","0","-8","0","0","","0","0","0","","",""
"080413","0001","0","200000","200500","201000","201500","202000","202500","203000","203500","204000","204500","199900","199800","199700","199600","199500","199400","199300","199200","199100","199000","25","95","396","608","266","46","250","186","132","1120","357","40","46","29","122","2","26","12","119","47","3124","800","0","0","0","0","0","-201500","5","-100.00","1906","-5","0","0","0","","0","0","0","","",""
"080413","0002","0","200000","200500","201000","201500","202000","202500","203000","203500","204000","204500","199900","199800","199700","199600","199500","199400","199300","199200","199100","199000","25","95","397","608","266","46","250","186","132","1120","357","40","46","29","122","2","26","12","119","47","3125","800","0","0","0","0","0","-201500","5","-100.00","1906","1","0","0","0","","0","0","0","","",""
"080414","0000","0","200000","200500","201000","201500","202000","202500","203000","203500","204000","204500","199900","199800","199700","199600","199500","199400","199300","199200","199100","199000","24","95","397","608","266","46","250","186","132","1120","357","40","46","29","122","2","26","12","119","47","3124","800","0","0","0","0","0","-201500","5","-100.00","1907","-1","0","0","0","","0","0","0","","",""
"080415","0000","0","200500","201000","201500","202000","202500","203000","203500","204000","204500","205000","200000","199900","199800","199700","199600","199500","199400","199300","199200","199100","95","397","608","266","46","250","186","132","1120","524","4","357","40","46","29","122","2","26","12","119","3624","757","0","0","0","0","0","-201500","5","-100.00","1931","500","-43","0","0","","0","0","0","","",""
"080415","0001","0","200500","201000","201500","202000","202500","203000","203500","204000","204500","205000","199900","199800","199700","199600","199500","199400","199300","199200","199100","199000","90","397","608","266","46","250","186","132","1120","524","357","40","46","29","122","2","26","12","119","47","3619","800","0","0","0","0","0","-201500","5","-100.00","1936","-5","43","0","0","","0","0","0","","",""
"080415","0002","0","200500","201000","201500","202000","202500","203000","203500","204000","204500","205000","200000","199900","199800","199700","199600","199500","199400","199300","199200","199100","85","397","608","266","46","250","186","132","1120","524","5","357","40","46","29","122","2","26","12","119","3614","758","0","0","0","0","0","-201500","5","-100.00","1941","0","-42","0","0","","0","0","0","","",""
"080416","0000","0","200500","201000","201500","202000","202500","203000","203500","204000","204500","205000","200000","199900","199800","199700","199600","199500","199400","199300","199200","199100","80","397","608","266","46","250","186","132","1120","524","5","357","40","46","29","122","2","26","12","119","3609","758","0","0","0","0","0","-201500","5","-100.00","1946","-5","0","0","0","","0","0","0","","",""
"080416","0001","0","200500","201000","201500","202000","202500","203000","203500","204000","204500","205000","200000","199900","199800","199700","199600","199500","199400","199300","199200","199100","80","397","608","266","46","250","186","132","1120","524","5","357","40","46","30","122","2","26","12","119","3609","759","0","0","0","0","0","-201500","5","-100.00","1946","0","1","0","0","","0","0","0","","",""
"080417","0000","0","200000","200500","201000","201500","202000","202500","203000","203500","204000","204500","199900","199800","199700","199600","199500","199400","199300","199200","199100","199000","85","80","397","608","266","46","250","186","132","1120","357","40","46","30","122","2","26","12","119","47","3170","801","0","0","0","0","0","-201500","5","-100.00","1951","-439","42","0","0","","0","0","0","","",""
"080417","0001","0","200000","200500","201000","201500","202000","202500","203000","203500","204000","204500","199900","199800","199700","199600","199500","199400","199300","199200","199100","199000","85","281","397","608","266","46","250","186","132","1120","357","40","46","30","122","2","26","12","119","47","3371","801","0","0","0","0","0","-201500","5","-100.00","1951","201","0","0","0","","0","0","0","","",""
"080417","0002","0","200000","200500","201000","201500","202000","202500","203000","203500","204000","204500","199900","199800","199700","199600","199500","199400","199300","199200","199100","199000","85","281","397","608","266","46","250","186","132","1120","357","60","46","30","122","2","26","12","119","47","3371","821","0","0","0","0","0","-201500","5","-100.00","1951","0","20","0","0","","0","0","0","","",""
"080418","0000","0","200000","200500","201000","201500","202000","202500","203000","203500","204000","204500","199900","199800","199700","199600","199500","199400","199300","199200","199100","199000","85","281","397","608","266","46","250","186","132","1120","357","60","46","30","122","2","26","12","119","49","3371","823","0","0","0","0","0","-201500","5","-100.00","1951","0","2","0","0","","0","0","0","","",""
"080419","0000","0","200000","200500","201000","201500","202000","202500","203000","203500","204000","204500","199900","199800","199700","199600","199500","199400","199300","199200","199100","199000","75","281","397","608","266","46","250","186","132","1120","357","60","46","30","122","2","26","12","119","49","3361","823","0","0","0","0","0","-201500","5","-100.00","1961","-10","0","0","0","","0","0","0","","",""
"080421","0000","0","200000","200500","201000","201500","202000","202500","203000","203500","204000","204500","199900","199800","199700","199600","199500","199400","199300","199200","199100","199000","94","281","397","608","266","46","250","186","132","1120","359","60","46","30","122","2","26","12","119","49","3380","825","0","0","0","0","0","-201500","5","-100.00","1962","0","2","0","0","","0","0","0","","",""
"080421","0001","0","200000","200500","201000","201500","202000","202500","203000","203500","204000","204500","199900","199800","199700","199600","199500","199400","199300","199200","199100","199000","94","281","397","608","266","46","250","186","132","1120","353","60","46","30","122","2","26","12","119","49","3380","819","0","0","0","0","0","-201500","5","-100.00","1968","0","-6","0","0","","0","0","0","","",""
"080423","0000","0","200000","200500","201000","201500","202000","202500","203000","203500","204000","204500","199900","199800","199700","199600","199500","199400","199300","199200","199100","199000","94","281","397","608","266","46","250","186","181","1120","353","60","46","30","122","2","26","12","119","49","3429","819","0","0","0","0","0","-201500","5","-100.00","1968","49","0","0","0","","0","0","0","","",""
"080424","0000","0","200000","200500","201000","201500","202000","202500","203000","203500","204000","204500","199900","199800","199700","199600","199500","199400","199300","199200","199100","199000","95","281","397","608","266","46","250","186","181","1120","337","60","46","30","122","2","26","12","119","49","3430","803","0","0","0","0","0","-201500","5","-100.00","1986","1","-17","0","0","","0","0","0","","",""
"080424","0001","0","200000","200500","201000","201500","202000","202500","203000","203500","204000","204500","199900","199800","199700","199600","199500","199400","199300","199200","199100","199000","95","281","397","608","266","46","250","186","181","1120","338","60","46","30","122","2","26","12","119","49","3430","804","0","0","0","0","0","-201500","5","-100.00","1986","0","1","0","0","","0","0","0","","",""
"080427","0000","0","200000","200500","201000","201500","202000","202500","203000","203500","204000","204500","199900","199800","199700","199600","199500","199400","199300","199200","199100","199000","94","281","397","608","266","46","250","186","181","1120","338","60","46","30","122","2","26","12","119","49","3429","804","0","0","0","0","0","-201500","5","-100.00","1987","-1","0","0","0","","0","0","0","","",""
"080428","0000","0","200000","200500","201000","201500","202000","202500","203000","203500","204000","204500","199900","199800","199700","199600","199500","199400","199300","199200","199100","199000","94","281","397","608","266","46","250","186","181","1120","227","60","46","30","122","2","26","12","119","49","3429","693","0","0","0","0","0","-201500","5","-100.00","2098","0","-111","0","0","","0","0","0","","",""
"080428","0001","0","200000","200500","201000","201500","202000","202500","203000","203500","204000","204500","199900","199800","199700","199600","199500","199400","199300","199200","199100","199000","93","281","397","608","266","46","250","186","181","1120","227","60","46","30","122","2","26","12","119","49","3428","693","0","0","0","0","0","-201500","5","-100.00","2099","-1","0","0","0","","0","0","0","","",""
"080428","0002","0","200000","200500","201000","201500","202000","202500","203000","203500","204000","204500","199900","199800","199700","199600","199500","199400","199300","199200","199100","199000","43","281","397","608","266","46","250","186","181","1120","227","60","46","30","122","2","26","12","119","49","3378","693","0","0","0","0","0","-201500","5","-100.00","2149","-50","0","0","0","","0","0","0","","",""
"080429","0000","0","200000","200500","201000","201500","202000","202500","203000","203500","204000","204500","199900","199800","199700","199600","199500","199400","199300","199200","199100","199000","43","281","397","608","266","46","250","186","181","1120","227","60","46","30","122","2","26","12","119","149","3378","793","0","0","0","0","0","-201500","5","-100.00","2149","0","100","0","0","","0","0","0","","",""
"080429","0001","0","200000","200500","201000","201500","202000","202500","203000","203500","204000","204500","199900","199800","199700","199600","199500","199400","199300","199200","199100","199000","68","281","397","608","266","21","250","186","181","1120","227","60","46","30","122","2","26","12","119","149","3378","793","0","0","0","0","0","-201500","5","-100.00","2149","0","0","0","0","","0","0","0","","",""
"080429","0002","0","200000","200500","201000","201500","202000","202500","203000","203500","204000","204500","199900","199800","199700","199600","199500","199400","199300","199200","199100","199000","63","281","397","608","266","21","250","186","181","1120","227","60","46","30","122","2","26","12","119","149","3373","793","0","0","0","0","0","-201500","5","-100.00","2154","-5","0","0","0","","0","0","0","","",""
"080429","0003","0","200000","200500","201000","201500","202000","202500","203000","203500","204000","204500","199900","199800","199700","199600","199500","199400","199300","199200","199100","199000","63","281","397","608","266","31","250","186","181","1120","227","60","46","30","122","2","26","12","119","149","3383","793","0","0","0","0","0","-201500","5","-100.00","2154","10","0","0","0","","0","0","0","","",""
"080430","0000","0","200000","200500","201000","201500","202000","202500","203000","203500","204000","204500","199900","199800","199700","199600","199500","199400","199300","199200","199100","199000","73","281","400","608","266","31","250","186","181","1120","227","60","46","30","122","2","26","12","119","149","3396","793","0","0","0","0","0","-201500","5","-100.00","2154","3","0","0","0","","0","0","0","","",""
"080431","0000","0","200000","200500","201000","201500","202000","202500","203000","203500","204000","204500","199900","199800","199700","199600","199500","199400","199300","199200","199100","199000","63","281","400","608","266","31","250","186","181","1120","227","60","46","30","122","2","26","12","119","149","3386","793","0","0","0","0","0","-201500","5","-100.00","2164","-10","0","0","0","","0","0","0","","",""
