"time","millisec","HOUR_CLS_CODE","ASKP1","ASKP2","ASKP3","ASKP4","ASKP5","ASKP6","ASKP7","ASKP8","ASKP9","ASKP10","BIDP1","BIDP2","BIDP3","BIDP4","BIDP5","BIDP6","BIDP7","BIDP8","BIDP9","BIDP10","ASKP_RSQN1","ASKP_RSQN2","ASKP_RSQN3","ASKP_RSQN4","ASKP_RSQN5","ASKP_RSQN6","ASKP_RSQN7","ASKP_RSQN8","ASKP_RSQN9","ASKP_RSQN10","BIDP_RSQN1","BIDP_RSQN2","BIDP_RSQN3","BIDP_RSQN4","BIDP_RSQN5","BIDP_RSQN6","BIDP_RSQN7","BIDP_RSQN8","BIDP_RSQN9","BIDP_RSQN10","TOTAL_ASKP_RSQN","TOTAL_BIDP_RSQN","OVTM_TOTAL_ASKP_RSQN","OVTM_TOTAL_BIDP_RSQN","ANTC_CNPR","ANTC_CNQN","ANTC_VOL","ANTC_CNTG_VRSS","ANTC_CNTG_VRSS_SIGN","ANTC_CNTG_PRDY_CTRT","ACML_VOL","TOTAL_ASKP_RSQN_ICDC","TOTAL_BIDP_RSQN_ICDC","OVTM_TOTAL_ASKP_ICDC","OVTM_TOTAL_BIDP_ICDC","STCK_DEAL_CLS_CODE","KMID_PRC","KMID_TOTAL_RSQN","KMID_CLS_CODE","NMID_PRC","NMID_TOTAL_RSQN","NMID_CLS_CODE"
"080000","0000","0","380000","386500","449500","464500","0","0","0","0","0","0","332000","0","0","0","0","0","0","0","0","0","1","10","1","70","0","0","0","0","0","0","300","0","0","0","0","0","0","0","0","0","82","300","0","0","0","0","0","-357500","5","-100.00","0","0","0","0","0","","0","0","0","","",""
"080000","0001","0","363000","364500","370000","380000","386500","390000","400000","405000","422000","436000","357500","350000","340500","340000","335500","335000","332000","330500","310000","0","83","60","10","11","10","10","10","1","1","2","10","10","1","11","70","1","300","1","10","0","198","414","0","0","0","0","0","-357500","5","-100.00","0","116","114","0","0","","0","0","0","","",""
"080001","0000","0","361000","362000","362500","363000","363500","364000","364500","365000","366000","366500","357500","357000","354500","351000","350000","346500","340500","340000","335500","335000","1","3","1","84","2","21","60","2","1","1","10","20","2","7","710","1","1","11","70","1","176","833","0","0","0","0","0","-357500","5","-100.00","0","-22","419","0","0","","0","0","0","","",""
"080001","0001","0","361000","361500","362000","362500","363000","363500","364000","364500","365000","366000","357500","357000","354500","351000","350500","350000","346500","346000","342000","340500","1","10","3","1","84","2","21","60","2","1","10","20","12","7","21","711","1","1","5","1","185","789","0","0","0","0","0","-357500","5","-100.00","0","9","-44","0","0","","0","0","0","","",""
"080002","0000","0","361000","361500","362000","362500","363000","363500","364000","364500","365000","366000","357500","357000","354500","352000","351000","350500","350000","346500","346000","342000","1","10","3","1","84","2","21","60","2","1","10","20","12","12","7","21","712","1","1","5","185","801","0","0","0","0","0","-357500","5","-100.00","0","0","12","0","0","","0","0","0","","",""
"080002","0001","0","357500","361000","361500","362000","362500","363000","363500","364000","364500","365000","357000","354500","352500","352000","351000","350500","350000","348500","346500","346000","30","1","10","3","1","84","3","21","60","2","20","12","4","12","7","22","712","4","1","1","215","795","0","0","0","0","0","-357500","5","-100.00","62","30","-6","0","0","","0","0","0","","",""
"080002","0002","0","357500","361000","361500","362000","362500","363000","363500","364000","364500","365000","357000","355000","354500","352500","352000","351000","350500","350000","348500","346500","30","1","10","3","1","84","3","21","60","2","20","24","12","4","12","7","22","712","4","1","215","818","0","0","0","0","0","-357500","5","-100.00","62","0","23","0","0","","0","0","0","","",""
"080003","0000","0","357500","361000","361500","362000","362500","363000","363500","364000","364500","365000","357000","355000","354500","352500","352000","351000","350500","350000","348500","346500","30","1","10","3","8","84","3","26","60","2","20","24","12","4","12","7","22","712","4","1","227","818","0","0","0","0","0","-357500","5","-100.00","62","12","0","0","0","","0","0","0","","",""
"080003","0001","0","357500","361000","361500","362000","362500","363000","363500","364000","364500","365000","357000","355000","354500","352500","352000","351000","350500","350000","348500","346500","30","1","10","3","8","84","3","26","60","4","25","24","12","4","12","22","22","712","4","1","229","838","0","0","0","0","0","-357500","5","-100.00","62","2","20","0","0","","0","0","0","","",""
"080003","0002","0","357500","361000","361500","362000","362500","363000","363500","364000","364500","365000","357000","355000","354500","352500","352000","351000","350500","350000","348500","346500","30","1","10","3","8","84","3","28","60","4","25","24","12","4","12","22","22","712","4","1","231","838","0","0","0","0","0","-357500","5","-100.00","62","2","0","0","0","","0","0","0","","",""
"080004","0000","0","357500","361000","361500","362000","362500","363000","363500","364000","364500","365000","357000","355000","354500","352500","352000","351000","350500","350000","348500","346500","29","1","10","3","8","84","3","28","60","4","25","24","12","4","12","22","22","715","4","1","230","841","0","0","0","0","0","-357500","5","-100.00","63","-1","3","0","0","","0","0","0","","",""
"080004","0001","0","357500","361000","361500","362000","362500","363000","363500","364000","364500","365000","357000","355000","354500","352500","352000","351000","350500","350000","348500","346500","29","1","10","3","8","84","3","28","60","4","25","24","12","4","12","22","22","717","4","1","230","843","0","0","0","0","0","-357500","5","-100.00","63","0","2","0","0","","0","0","0","","",""
"080005","0000","0","357500","361000","361500","362000","362500","363000","363500","364000","364500","365000","357000","355000","354500","352500","352000","351000","350500","350000","349000","348500","29","1","10","3","8","84","3","28","60","4","25","24","12","4","12","22","22","717","5","4","230","847","0","0","0","0","0","-357500","5","-100.00","63","0","4","0","0","","0","0","0","","",""
"080005","0001","0","357500","361000","361500","362000","362500","363000","363500","364000","364500","365000","357000","355000","354500","352500","352000","351000","350500","350000","349000","348500","29","1","10","3","8","84","3","28","60","4","25","25","12","4","12","22","22","717","5","4","230","848","0","0","0","0","0","-357500","5","-100.00","63","0","1","0","0","","0","0","0","","",""
"080005","0002","0","357500","361000","361500","362000","362500","363000","363500","364000","364500","365000","357000","355000","354500","352500","352000","351000","350500","350000","349000","348500","29","1","10","3","8","84","3","28","60","4","25","25","12","4","12","27","22","717","5","4","230","853","0","0","0","0","0","-357500","5","-100.00","63","0","5","0","0","","0","0","0","","",""
"080005","0003","0","357500","361000","361500","362000","362500","363000","363500","364000","364500","365000","357000","355000","354500","352500","352000","351000","350500","350000","349000","348500","29","1","10","3","8","84","3","28","60","4","25","25","12","4","12","32","22","717","5","4","230","858","0","0","0","0","0","-357500","5","-100.00","63","0","5","0","0","","0","0","0","","",""
"080006","0000","0","357500","360000","361000","361500","362000","362500","363000","363500","364000","364500","357000","355000","354500","352500","352000","351000","350500","350000","349000","348500","29","100","6","10","3","8","84","3","28","60","25","25","12","4","12","32","22","717","5","4","331","858","0","0","0","0","0","-357500","5","-100.00","63","101","0","0","0","","0","0","0","","",""
"080006","0001","0","357500","360000","361000","361500","362000","362500","363000","363500","364000","364500","357000","355000","354500","352500","352000","351500","351000","350500","350000","349000","29","100","6","10","3","8","84","3","28","60","25","25","12","4","12","2","32","22","717","5","331","856","0","0","0","0","0","-357500","5","-100.00","63","0","-2","0","0","","0","0","0","","",""
"080007","0000","0","357500","360000","361000","361500","362000","362500","363000","363500","364000","364500","357000","355000","354500","352500","352000","351500","351000","350500","350000","349000","29","100","6","10","3","8","84","3","28","60","25","25","12","4","12","2","32","23","718","5","331","858","0","0","0","0","0","-357500","5","-100.00","63","0","2","0","0","","0","0","0","","",""
"080007","0001","0","357500","360000","361000","361500","362000","362500","363000","363500","364000","364500","357000","355000","354500","352500","352000","351500","351000","350500","350000","349000","29","100","6","10","3","13","84","3","28","60","25","25","12","4","12","2","32","23","718","5","336","858","0","0","0","0","0","-357500","5","-100.00","63","5","0","0","0","","0","0","0","","",""
"080007","0002","0","357500","360000","361000","361500","362000","362500","363000","363500","364000","364500","357000","355000","354500","352500","352000","351500","351000","350500","350000","349000","28","100","6","10","3","13","84","3","28","60","25","25","12","4","12","2","32","23","718","5","335","858","0","0","0","0","0","-357500","5","-100.00","64","-1","0","0","0","","0","0","0","","",""
"080007","0003","0","357500","360000","361000","361500","362000","362500","363000","363500","364000","364500","357000","355000","354500","352500","352000","351500","351000","350500","350000","349000","28","100","6","10","3","13","84","3","28","60","25","25","12","4","12","2","32","23","719","5","335","859","0","0","0","0","0","-357500","5","-100.00","64","0","1","0","0","","0","0","0","","",""
"080008","0000","0","357500","360000","361000","361500","362000","362500","363000","363500","364000","364500","357000","355000","354500","352500","352000","351500","351000","350500","350000","349000","28","100","6","10","3","13","84","3","28","60","25","25","12","4","12","2","32","23","720","5","335","860","0","0","0","0","0","-357500","5","-100.00","64","0","1","0","0","","0","0","0","","",""
"080009","0000","0","357500","360000","361000","361500","362000","362500","363000","363500","364000","364500","357000","355000","354500","352500","352000","351500","351000","350500","350000","349000","28","100","6","10","3","13","84","3","28","60","25","25","12","4","12","2","32","23","820","5","335","960","0","0","0","0","0","-357500","5","-100.00","64","0","100","0","0","","0","0","0","","",""
"080009","0001","0","357500","360000","360500","361000","361500","362000","362500","363000","363500","364000","357000","355000","354500","352500","352000","351500","351000","350500","350000","349000","28","100","125","6","10","3","13","84","3","28","25","25","12","4","12","2","32","23","820","5","400","960","0","0","0","0","0","-357500","5","-100.00","64","65","0","0","0","","0","0","0","","",""
"080009","0002","0","357500","360000","360500","361000","361500","362000","362500","363000","363500","364000","357000","355000","354500","352500","352000","351500","351000","350500","350000","349000","28","100","155","6","10","3","13","84","3","28","25","26","12","4","12","2","32","23","821","5","430","962","0","0","0","0","0","-357500","5","-100.00","64","0","1","0","0","","0","0","0","","",""
"080009","0003","0","357500","360000","360500","361000","361500","362000","362500","363000","363500","364000","357000","355000","354500","352500","352000","351500","351000","350500","350000","349000","28","100","155","6","10","3","13","85","3","28","25","26","12","4","12","2","32","23","821","5","431","962","0","0","0","0","0","-357500","5","-100.00","64","1","0","0","0","","0","0","0","","",""
"080010","0000","0","357500","360000","360500","361000","361500","362000","362500","363000","363500","364000","357000","355000","354500","352500","352000","351500","351000","350500","350000","349000","28","100","155","6","10","8","13","85","3","28","25","26","12","4","12","2","32","23","821","5","436","962","0","0","0","0","0","-357500","5","-100.00","64","5","0","0","0","","0","0","0","","",""
"080010","0001","0","357500","360000","360500","361000","361500","362000","362500","363000","363500","364000","357000","355000","354500","352500","352000","351500","351000","350500","350000","349000","28","100","155","6","10","8","13","85","3","28","26","26","12","4","12","12","32","23","821","5","436","973","0","0","0","0","0","-357500","5","-100.00","64","0","1","0","0","","0","0","0","","",""
"080011","0000","0","357500","360000","360500","361000","361500","362000","362500","363000","363500","364000","357000","355000","354500","352500","352000","351500","351000","350500","350000","349000","28","100","155","6","10","8","13","85","3","43","26","26","12","5","12","12","32","23","821","5","451","974","0","0","0","0","0","-357500","5","-100.00","64","15","1","0","0","","0","0","0","","",""
"080011","0001","0","357500","360000","360500","361000","361500","362000","362500","363000","363500","364000","357000","355000","354500","352500","352000","351500","351000","350500","350000","349500","28","100","155","6","10","8","13","85","3","43","26","26","12","5","12","12","32","23","821","1","451","970","0","0","0","0","0","-357500","5","-100.00","64","0","-4","0","0","","0","0","0","","",""
"080011","0002","0","357500","360000","360500","361000","361500","362000","362500","363000","363500","364000","357000","355000","354500","352500","352000","351500","351000","350500","350000","349500","28","100","155","6","10","8","13","85","3","43","26","26","12","5","12","12","32","23","822","1","451","971","0","0","0","0","0","-357500","5","-100.00","64","0","1","0","0","","0","0","0","","",""
"080012","0000","0","357500","360000","360500","361000","361500","362000","362500","363000","363500","364000","357000","355000","354500","352500","352000","351500","351000","350500","350000","349500","28","100","155","6","10","8","13","85","3","43","26","26","12","5","42","12","33","23","822","1","451","1002","0","0","0","0","0","-357500","5","-100.00","64","0","1","0","0","","0","0","0","","",""
"080012","0001","0","360000","360500","361000","361500","362000","362500","363000","363500","364000","364500","357500","357000","355000","354500","352500","352000","351500","351000","350500","350000","100","155","6","10","8","13","85","13","43","60","2","26","26","12","5","42","12","33","23","822","493","1003","0","0","0","0","0","-357500","5","-100.00","92","10","0","0","0","","0","0","0","","",""
"080013","0000","0","360000","360500","361000","361500","362000","362500","363000","363500","364000","364500","357500","357000","355000","354500","352500","352000","351500","351000","350500","350000","105","155","6","10","8","13","85","13","44","60","2","26","26","12","5","42","12","33","23","823","499","1004","0","0","0","0","0","-357500","5","-100.00","92","6","1","0","0","","0","0","0","","",""
"080013","0001","0","360000","360500","361000","361500","362000","362500","363000","363500","364000","364500","357500","357000","356000","355000","354500","353000","352500","352000","351500","351000","105","155","6","10","8","13","2","13","44","60","2","26","1","26","12","1","5","42","12","35","416","162","0","0","0","0","0","-357500","5","-100.00","92","0","2","0","0","","0","0","0","","",""
"080015","0000","0","360000","360500","361000","361500","362000","362500","363000","363500","364000","364500","357500","357000","356000","355000","354500","353000","352500","352000","351500","351000","105","155","6","10","8","13","2","13","44","62","2","26","1","26","12","1","5","42","12","35","418","162","0","0","0","0","0","-357500","5","-100.00","92","2","0","0","0","","0","0","0","","",""
"080016","0000","0","360000","360500","361000","361500","362000","362500","363000","363500","364000","364500","357500","357000","356000","355000","354500","353000","352500","352000","351500","351000","105","155","6","10","8","13","2","13","44","62","2","26","1","26","12","1","5","42","13","30","418","158","0","0","0","0","0","-357500","5","-100.00","92","0","1","0","0","","0","0","0","","",""
"080016","0001","0","360000","360500","361000","361500","362000","362500","363000","363500","364000","364500","357500","357000","356000","355000","354500","353000","352500","352000","351500","351000","105","155","6","11","8","13","2","13","44","62","2","26","1","26","12","1","5","42","64","30","419","209","0","0","0","0","0","-357500","5","-100.00","92","1","1","0","0","","0","0","0","","",""
"080016","0002","0","360000","360500","361000","361500","362000","362500","363000","363500","364000","364500","359500","357500","357000","356000","355000","354500","353000","352500","352000","351500","105","155","6","11","8","13","2","13","44","62","15","2","26","1","26","12","1","5","42","114","419","244","0","0","0","0","0","-357500","5","-100.00","92","0","35","0","0","","0","0","0","","",""
"080017","0000","0","360000","360500","361000","361500","362000","362500","363000","363500","364000","364500","359500","357500","357000","356000","355000","354500","353000","352500","352000","351500","105","155","6","11","8","13","2","13","44","62","15","2","26","1","26","12","1","8","42","114","419","247","0","0","0","0","0","-357500","5","-100.00","92","0","3","0","0","","0","0","0","","",""
"080017","0001","0","360000","360500","361000","361500","362000","362500","363000","363500","364000","364500","359500","357500","357000","356000","355000","354500","354000","353000","352500","352000","105","155","6","11","8","13","2","13","44","62","15","2","26","1","26","12","5","1","8","47","419","143","0","0","0","0","0","-357500","5","-100.00","92","0","5","0","0","","0","0","0","","",""
"080019","0000","0","360000","360500","361000","361500","362000","362500","363000","363500","364000","364500","359500","357500","357000","356000","355000","354500","354000","353000","352500","352000","105","155","6","11","8","13","2","13","89","62","15","2","26","1","26","12","5","1","8","47","464","143","0","0","0","0","0","-357500","5","-100.00","92","45","0","0","0","","0","0","0","","",""
"080019","0001","0","360000","360500","361000","361500","362000","362500","363000","363500","364000","364500","359500","357500","357000","356000","355000","354500","354000","353000","352500","352000","105","155","6","11","8","13","2","13","89","62","15","2","46","1","26","12","5","1","8","47","464","163","0","0","0","0","0","-357500","5","-100.00","92","0","20","0","0","","0","0","0","","",""
"080020","0000","0","360000","360500","361000","361500","362000","362500","363000","363500","364000","364500","359500","358500","357500","357000","356000","355000","354500","354000","353000","352500","105","155","6","11","8","13","2","13","89","62","15","20","2","46","1","26","12","5","1","8","464","136","0","0","0","0","0","-357500","5","-100.00","92","0","-27","0","0","","0","0","0","","",""
"080020","0001","0","360000","360500","361000","361500","362000","362500","363000","363500","364000","364500","359500","358500","357500","357000","356000","355000","354500","354000","353000","352500","105","155","6","31","8","13","2","13","89","62","15","20","2","46","1","2","12","5","1","8","484","112","0","0","0","0","0","-357500","5","-100.00","92","20","0","0","0","","0","0","0","","",""
"080021","0000","0","360000","360500","361000","361500","362000","362500","363000","363500","364000","364500","359500","358500","357500","357000","356000","355000","354500","354000","353000","352500","105","155","6","31","58","13","2","13","90","62","14","20","2","46","1","2","12","5","1","8","535","111","0","0","0","0","0","-357500","5","-100.00","93","51","-1","0","0","","0","0","0","","",""
"080021","0001","0","360000","360500","361000","361500","362000","362500","363000","363500","364000","364500","359500","358500","357500","357000","356000","355000","354500","354000","353000","352500","85","155","6","31","58","13","2","13","90","62","14","20","2","46","1","2","12","5","1","8","515","111","0","0","0","0","0","-357500","5","-100.00","113","-20","0","0","0","","0","0","0","","",""
"080021","0002","0","360000","360500","361000","361500","362000","362500","363000","363500","364000","364500","359500","358500","357500","357000","356000","355000","354500","354000","353000","352500","85","155","6","31","58","13","2","13","90","62","14","20","4","46","1","2","12","5","1","8","515","113","0","0","0","0","0","-357500","5","-100.00","113","0","2","0","0","","0","0","0","","",""
"080021","0003","0","360000","360500","361000","361500","362000","362500","363000","363500","364000","364500","359500","358500","357500","357000","356000","355000","354500","354000","353000","352500","85","155","6","31","58","13","2","13","90","72","14","20","4","46","1","2","12","5","1","8","525","113","0","0","0","0","0","-357500","5","-100.00","113","10","0","0","0","","0","0","0","","",""
"080022","0000","0","360000","360500","361000","361500","362000","362500","363000","363500","364000","364500","359500","358500","357500","357000","356000","355000","354500","354000","353000","352500","83","155","6","31","58","13","2","13","90","72","14","20","4","46","1","2","12","5","1","8","523","113","0","0","0","0","0","-357500","5","-100.00","115","-2","0","0","0","","0","0","0","","",""
"080024","0000","0","360000","360500","361000","361500","362000","362500","363000","363500","364000","364500","359500","358500","357500","357000","356000","355000","354500","354000","353000","352500","83","155","6","31","58","13","2","13","90","72","14","20","4","49","1","2","12","5","1","8","523","116","0","0","0","0","0","-357500","5","-100.00","115","0","3","0","0","","0","0","0","","",""
"080025","0000","0","360000","360500","361000","361500","362000","362500","363000","363500","364000","364500","359500","358500","357500","357000","356000","355000","354500","354000","353000","352500","83","155","6","31","58","13","2","13","90","72","14","20","4","49","1","2","14","5","4","8","523","121","0","0","0","0","0","-357500","5","-100.00","115","0","5","0","0","","0","0","0","","",""
"080025","0001","0","360000","360500","361000","361500","362000","362500","363000","363500","364000","364500","359500","358500","357500","357000","356000","355000","354500","354000","353000","352500","83","155","6","31","58","13","2","13","90","72","14","20","4","49","2","27","14","5","4","8","523","147","0","0","0","0","0","-357500","5","-100.00","115","0","26","0","0","","0","0","0","","",""
"080026","0000","0","360000","360500","361000","361500","362000","362500","363000","363500","364000","364500","359500","358500","357500","357000","356000","355000","354500","354000","353000","352500","83","155","6","31","63","13","2","13","95","72","14","20","4","49","2","27","14","5","4","8","533","147","0","0","0","0","0","-357500","5","-100.00","115","10","0","0","0","","0","0","0","","",""
"080026","0001","0","360000","360500","361000","361500","362000","362500","363000","363500","364000","364500","359500","358500","357500","357000","356000","355000","354500","354000","353000","352500","83","155","6","31","63","13","2","13","95","72","14","20","4","49","3","27","14","5","4","8","533","148","0","0","0","0","0","-357500","5","-100.00","115","0","1","0","0","","0","0","0","","",""
"080026","0002","0","360000","360500","361000","361500","362000","362500","363000","363500","364000","364500","359500","358500","357500","357000","356000","355500","355000","354500","354000","353000","83","155","6","31","63","13","2","13","95","72","14","20","4","50","3","1","27","14","5","4","533","142","0","0","0","0","0","-357500","5","-100.00","115","0","-6","0","0","","0","0","0","","",""
"080027","0000","0","360000","360500","361000","361500","362000","362500","363000","363500","364000","364500","359500","358500","357500","357000","356000","355500","355000","354500","354000","353000","83","155","6","31","63","13","2","13","95","72","14","20","4","50","3","1","27","14","6","4","533","143","0","0","0","0","0","-357500","5","-100.00","115","0","1","0","0","","0","0","0","","",""
"080027","0001","0","360000","360500","361000","361500","362000","362500","363000","363500","364000","364500","359500","358500","357500","357000","356000","355500","355000","354500","354000","353000","84","155","6","32","63","13","3","13","95","72","14","20","4","50","4","1","27","14","6","4","536","144","0","0","0","0","0","-357500","5","-100.00","115","3","1","0","0","","0","0","0","","",""
"080027","0002","0","360000","360500","361000","361500","362000","362500","363000","363500","364000","364500","359500","358500","357500","357000","356000","355500","355000","354500","354000","353000","84","155","6","32","63","13","3","13","95","73","14","20","4","50","4","1","27","14","6","4","537","144","0","0","0","0","0","-357500","5","-100.00","115","1","0","0","0","","0","0","0","","",""
"080027","0003","0","360000","360500","361000","361500","362000","362500","363000","363500","364000","364500","359500","358500","357500","357000","356000","355500","355000","354500","354000","353000","84","155","6","32","63","13","3","13","95","73","14","30","4","50","4","1","27","14","6","4","537","154","0","0","0","0","0","-357500","5","-100.00","115","0","10","0","0","","0","0","0","","",""
"080028","0000","0","360000","360500","361000","361500","362000","362500","363000","363500","364000","364500","359500","358500","357500","357000","356000","355500","355000","354500","354000","353000","84","155","6","32","63","13","3","13","95","73","14","30","4","60","4","1","27","14","6","4","537","164","0","0","0","0","0","-357500","5","-100.00","115","0","10","0","0","","0","0","0","","",""
"080028","0001","0","360000","360500","361000","361500","362000","362500","363000","363500","364000","364500","359500","358500","357500","357000","356000","355500","355000","354500","354000","353000","84","155","6","32","63","13","3","13","95","73","14","30","4","60","4","1","27","14","6","9","537","169","0","0","0","0","0","-357500","5","-100.00","115","0","5","0","0","","0","0","0","","",""
"080028","0002","0","359500","360000","360500","361000","361500","362000","362500","363000","363500","364000","358500","357500","357000","356000","355500","355000","354500","354000","353000","352500","13","84","155","6","32","63","13","3","13","95","30","59","60","4","1","27","14","6","9","59","477","269","0","0","0","0","0","-357500","5","-100.00","129","-60","45","0","0","","0","0","0","","",""
"080028","0003","0","359500","360000","360500","361000","361500","362000","362500","363000","363500","364000","358500","357500","357000","356000","355500","355000","354500","354000","353000","352500","13","84","155","6","32","61","13","3","13","95","30","59","60","4","1","27","14","6","9","59","475","269","0","0","0","0","0","-357500","5","-100.00","129","-2","0","0","0","","0","0","0","","",""
"080029","0000","0","359500","360000","360500","361000","361500","362000","362500","363000","363500","364000","358500","357500","357000","356000","355500","355000","354500","354000","353000","352500","13","84","155","6","32","61","13","3","13","95","30","59","60","4","1","27","14","6","9","60","475","270","0","0","0","0","0","-357500","5","-100.00","129","0","1","0","0","","0","0","0","","",""
"080029","0001","0","359500","360000","360500","361000","361500","362000","362500","363000","363500","364000","358500","357500","357000","356000","355500","355000","354500","354000","353000","352500","12","84","155","6","32","61","13","3","13","95","30","59","60","4","1","27","14","6","9","60","474","270","0","0","0","0","0","-357500","5","-100.00","130","-1","0","0","0","","0","0","0","","",""
"080029","0002","0","360000","360500","361000","361500","362000","362500","363000","363500","364000","364500","358500","357500","357000","356000","355500","355000","354500","354000","353000","352500","66","155","6","32","61","13","3","13","95","73","30","59","60","4","1","27","14","6","9","60","517","270","0","0","0","0","0","-357500","5","-100.00","160","43","0","0","0","","0","0","0","","",""
"080030","0000","0","360000","360500","361000","361500","362000","362500","363000","363500","364000","364500","358500","357500","357000","356000","355500","355000","354500","354000","353000","352500","61","155","6","32","61","13","3","13","95","73","30","59","60","4","1","27","14","6","10","60","512","271","0","0","0","0","0","-357500","5","-100.00","165","-5","0","0","0","","0","0","0","","",""
"080030","0001","0","360000","360500","361000","361500","362000","362500","363000","363500","364000","364500","358500","357500","357000","356000","355500","355000","354500","354000","353000","352500","61","155","6","32","61","13","3","13","95","73","30","59","60","4","1","27","16","6","10","60","512","273","0","0","0","0","0","-357500","5","-100.00","165","0","2","0","0","","0","0","0","","",""
"080030","0002","0","360000","360500","361000","361500","362000","362500","363000","363500","364000","364500","358500","357500","357000","356000","355500","355000","354500","354000","353000","352500","101","155","6","32","61","13","3","46","95","73","30","59","60","4","1","27","16","6","10","60","585","273","0","0","0","0","0","-357500","5","-100.00","165","73","0","0","0","","0","0","0","","",""
"080030","0003","0","360000","360500","361000","361500","362000","362500","363000","363500","364000","364500","358500","357500","357000","356000","355500","355000","354500","354000","353000","352500","101","155","6","32","62","13","3","46","95","73","32","59","60","4","1","27","16","6","10","60","586","275","0","0","0","0","0","-357500","5","-100.00","165","0","2","0","0","","0","0","0","","",""
"080030","0004","0","360000","360500","361000","361500","362000","362500","363000","363500","364000","364500","358500","357500","357000","356000","355500","355000","354500","354000","353000","352500","101","155","6","32","62","113","3","46","95","73","32","59","60","4","1","30","16","6","10","60","686","278","0","0","0","0","0","-357500","5","-100.00","165","100","3","0","0","","0","0","0","","",""
"080031","0000","0","360000","360500","361000","361500","362000","362500","363000","363500","364000","364500","358500","357500","357000","356000","355500","355000","354500","354000","353000","352500","101","155","6","32","62","113","3","46","95","73","32","59","60","4","1","30","16","6","11","60","686","279","0","0","0","0","0","-357500","5","-100.00","165","0","1","0","0","","0","0","0","","",""
"080031","0001","0","360000","360500","361000","361500","362000","362500","363000","363500","364000","364500","358500","357500","357000","356000","355500","355000","354500","354000","353000","352500","101","155","6","32","62","113","3","46","95","73","32","59","60","4","1","31","16","6","11","60","686","280","0","0","0","0","0","-357500","5","-100.00","165","0","1","0","0","","0","0","0","","",""
"080032","0000","0","360000","360500","361000","361500","362000","362500","363000","363500","364000","364500","358500","357500","357000","356000","355500","355000","354500","354000","353000","352500","100","155","6","32","62","113","3","46","95","73","32","59","60","4","1","31","16","6","11","60","685","280","0","0","0","0","0","-357500","5","-100.00","166","-1","0","0","0","","0","0","0","","",""
"080032","0001","0","360000","360500","361000","361500","362000","362500","363000","363500","364000","364500","358500","357500","357000","356000","355500","355000","354500","354000","353000","352500","99","155","6","32","62","113","3","46","95","73","32","59","60","4","1","31","16","6","11","60","684","280","0","0","0","0","0","-357500","5","-100.00","168","-1","0","0","0","","0","0","0","","",""
"080032","0002","0","360000","360500","361000","361500","362000","362500","363000","363500","364000","364500","358500","357500","357000","356000","355500","355000","354500","354000","353000","352500","99","155","6","32","62","113","3","46","95","73","32","59","60","4","1","33","16","6","11","60","684","282","0","0","0","0","0","-357500","5","-100.00","168","0","2","0","0","","0","0","0","","",""
"080033","0000","0","360000","360500","361000","361500","362000","362500","363000","363500","364000","364500","358500","357500","357000","356000","355500","355000","354500","354000","353000","352500","99","155","6","32","62","113","3","46","95","73","32","59","60","4","1","33","16","6","12","60","684","283","0","0","0","0","0","-357500","5","-100.00","168","0","1","0","0","","0","0","0","","",""
"080033","0001","0","360000","360500","361000","361500","362000","362500","363000","363500","364000","364500","358500","357500","357000","356000","355500","355000","354500","354000","353000","352500","99","155","6","32","62","113","3","46","95","13","32","59","60","4","1","33","16","6","12","60","624","283","0","0","0","0","0","-357500","5","-100.00","168","-60","0","0","0","","0","0","0","","",""
"080033","0002","0","360000","360500","361000","361500","362000","362500","363000","363500","364000","364500","358500","357500","357000","356000","355500","355000","354500","354000","353000","352500","99","155","6","32","62","113","3","46","95","13","32","59","60","4","1","33","16","6","13","60","624","284","0","0","0","0","0","-357500","5","-100.00","168","0","1","0","0","","0","0","0","","",""
"080034","0000","0","360000","360500","361000","361500","362000","362500","363000","363500","364000","364500","358500","357500","357000","356000","355500","355000","354500","354000","353000","352500","119","155","6","32","62","113","3","46","95","13","32","59","60","4","1","33","16","6","13","60","644","284","0","0","0","0","0","-357500","5","-100.00","168","20","0","0","0","","0","0","0","","",""
"080034","0001","0","360000","360500","361000","361500","362000","362500","363000","363500","364000","364500","358500","357500","357000","356000","355500","355000","354500","354000","353000","352500","119","155","6","32","62","113","3","46","95","13","32","59","60","4","1","34","16","6","13","60","644","285","0","0","0","0","0","-357500","5","-100.00","168","0","1","0","0","","0","0","0","","",""
"080034","0002","0","360000","360500","361000","361500","362000","362500","363000","363500","364000","364500","358500","357500","357000","356000","355500","355000","354500","354000","353000","352500","119","155","82","32","62","113","3","46","95","13","32","59","60","4","1","34","16","6","13","60","720","285","0","0","0","0","0","-357500","5","-100.00","168","76","0","0","0","","0","0","0","","",""
"080034","0003","0","360000","360500","361000","361500","362000","362500","363000","363500","364000","364500","358500","357500","357000","356000","355500","355000","354500","354000","353000","352500","123","155","82","32","62","113","3","46","95","13","32","59","60","4","1","34","16","6","13","60","724","285","0","0","0","0","0","-357500","5","-100.00","168","4","0","0","0","","0","0","0","","",""
"080035","0000","0","360000","360500","361000","361500","362000","362500","363000","363500","364000","364500","358500","357500","357000","356000","355500","355000","354500","354000","353500","353000","133","155","82","32","62","113","3","46","95","13","32","59","60","4","1","34","16","6","3","13","734","228","0","0","0","0","0","-357500","5","-100.00","168","10","-57","0","0","","0","0","0","","",""
"080035","0001","0","360000","360500","361000","361500","362000","362500","363000","363500","364000","364500","358500","357500","357000","356000","355500","355000","354500","354000","353500","353000","184","155","82","32","62","113","3","46","95","13","32","59","60","4","1","34","16","6","3","13","785","228","0","0","0","0","0","-357500","5","-100.00","168","35","0","0","0","","0","0","0","","",""
"080035","0002","0","360000","360500","361000","361500","362000","362500","363000","363500","364000","364500","358500","357500","357000","356000","355500","355000","354500","354000","353500","353000","184","155","82","62","62","113","3","46","95","13","32","59","60","4","1","34","16","6","3","13","815","228","0","0","0","0","0","-357500","5","-100.00","168","30","0","0","0","","0","0","0","","",""
"080036","0000","0","359500","360000","360500","361000","361500","362000","362500","363000","363500","364000","358500","357500","357000","356000","355500","355000","354500","354000","353500","353000","2","184","155","83","62","62","113","3","46","95","32","59","59","4","1","34","16","6","3","13","805","227","0","0","0","0","0","-357500","5","-100.00","168","-10","-1","0","0","","0","0","0","","",""
"080036","0001","0","359500","360000","360500","361000","361500","362000","362500","363000","363500","364000","358500","357500","357000","356000","355500","355000","354500","354000","353500","353000","5","186","155","83","62","62","113","3","46","95","32","59","59","4","1","34","16","6","3","13","810","227","0","0","0","0","0","-357500","5","-100.00","168","3","0","0","0","","0","0","0","","",""
"080036","0002","0","359500","360000","360500","361000","361500","362000","362500","363000","363500","364000","358500","357500","357000","356000","355500","355000","354500","354000","353500","353000","20","186","155","83","62","62","113","3","46","95","32","59","59","4","1","34","16","6","3","13","825","227","0","0","0","0","0","-357500","5","-100.00","168","15","0","0","0","","0","0","0","","",""
"080036","0003","0","359500","360000","360500","361000","361500","362000","362500","363000","363500","364000","358500","357500","357000","356000","355500","355000","354500","354000","353500","353000","20","186","155","83","62","62","113","3","46","95","32","60","59","4","1","34","16","6","3","13","825","228","0","0","0","0","0","-357500","5","-100.00","168","0","1","0","0","","0","0","0","","",""
"080037","0000","0","359500","360000","360500","361000","361500","362000","362500","363000","363500","364000","358500","357500","357000","356000","355500","355000","354500","354000","353500","353000","20","186","155","83","62","62","113","3","46","95","32","60","59","4","1","34","16","16","3","13","825","238","0","0","0","0","0","-357500","5","-100.00","168","0","10","0","0","","0","0","0","","",""
"080037","0001","0","359500","360000","360500","361000","361500","362000","362500","363000","363500","364000","358500","357500","357000","356000","355500","355000","354500","354000","353500","353000","82","292","155","83","62","62","113","3","46","95","32","60","59","4","1","34","16","16","3","13","993","238","0","0","0","0","0","-357500","5","-100.00","168","166","0","0","0","","0","0","0","","",""
"080037","0002","0","359500","360000","360500","361000","361500","362000","362500","363000","363500","364000","358500","357500","357000","356000","355500","355000","354500","354000","353500","353000","82","292","155","83","62","62","113","3","46","95","32","60","59","9","1","34","16","16","3","13","993","243","0","0","0","0","0","-357500","5","-100.00","168","0","5","0","0","","0","0","0","","",""
"080038","0000","0","359500","360000","360500","361000","361500","362000","362500","363000","363500","364000","358500","357500","357000","356000","355500","355000","354500","354000","353500","353000","82","297","155","83","62","62","113","3","46","95","32","60","59","9","1","34","16","16","3","13","998","243","0","0","0","0","0","-357500","5","-100.00","168","5","0","0","0","","0","0","0","","",""
"080038","0001","0","359500","360000","360500","361000","361500","362000","362500","363000","363500","364000","358500","357500","357000","356000","355500","355000","354500","354000","353500","353000","83","297","155","84","62","62","113","3","46","95","32","60","60","9","1","34","16","16","3","13","1000","244","0","0","0","0","0","-357500","5","-100.00","168","1","0","0","0","","0","0","0","","",""
"080038","0002","0","359500","360000","360500","361000","361500","362000","362500","363000","363500","364000","358500","357500","357000","356000","355500","355000","354500","354000","353500","353000","83","297","155","84","62","62","124","3","46","95","32","60","60","9","1","34","16","16","3","13","1011","244","0","0","0","0","0","-357500","5","-100.00","168","11","0","0","0","","0","0","0","","",""
"080039","0000","0","359500","360000","360500","361000","361500","362000","362500","363000","363500","364000","358500","357500","357000","356000","355500","355000","354500","354000","353500","353000","83","297","155","84","62","62","124","3","46","95","32","60","60","10","1","34","16","16","3","13","1011","245","0","0","0","0","0","-357500","5","-100.00","168","0","1","0","0","","0","0","0","","",""
"080039","0001","0","359500","360000","360500","361000","361500","362000","362500","363000","363500","364000","358500","357500","357000","356000","355500","355000","354500","354000","353500","353000","84","297","155","84","62","62","124","3","46","95","32","60","60","10","1","34","16","16","3","13","1012","245","0","0","0","0","0","-357500","5","-100.00","168","1","0","0","0","","0","0","0","","",""
"080039","0002","0","359500","360000","360500","361000","361500","362000","362500","363000","363500","364000","358500","357500","357000","356000","355500","355000","354500","354000","353500","353000","84","298","155","84","62","62","124","3","46","95","32","60","60","30","1","34","16","16","3","13","1013","265","0","0","0","0","0","-357500","5","-100.00","168","1","0","0","0","","0","0","0","","",""
"080039","0003","0","359500","360000","360500","361000","361500","362000","362500","363000","363500","364000","358500","357500","357000","356000","355500","355000","354500","354000","353500","353000","90","298","155","84","62","62","124","3","46","95","32","60","60","30","1","34","16","16","3","13","1019","265","0","0","0","0","0","-357500","5","-100.00","168","6","0","0","0","","0","0","0","","",""
"080040","0000","0","359500","360000","360500","361000","361500","362000","362500","363000","363500","364000","358500","357500","357000","356000","355500","355000","354500","354000","353500","353000","90","298","155","85","62","62","124","103","46","95","32","60","60","30","1","34","16","16","3","13","1120","265","0","0","0","0","0","-357500","5","-100.00","168","101","0","0","0","","0","0","0","","",""
"080040","0001","0","359500","360000","360500","361000","361500","362000","362500","363000","363500","364000","358500","357500","357000","356000","355500","355000","354500","354000","353500","353000","90","298","205","85","62","62","124","103","46","95","32","60","60","30","1","34","16","16","3","13","1170","265","0","0","0","0","0","-357500","5","-100.00","168","50","0","0","0","","0","0","0","","",""
"080040","0002","0","359500","360000","360500","361000","361500","362000","362500","363000","363500","364000","358500","357500","357000","356000","355500","355000","354500","354000","353500","353000","90","298","205","85","62","62","124","103","46","95","32","60","60","30","1","34","16","17","3","13","1170","266","0","0","0","0","0","-357500","5","-100.00","168","0","1","0","0","","0","0","0","","",""
"080041","0000","0","359500","360000","360500","361000","361500","362000","362500","363000","363500","364000","358500","357500","357000","356000","355500","355000","354500","354000","353500","353000","90","298","205","85","62","62","124","103","46","95","32","60","60","30","1","34","16","17","4","13","1170","267","0","0","0","0","0","-357500","5","-100.00","168","0","1","0","0","","0","0","0","","",""
"080041","0001","0","359500","360000","360500","361000","361500","362000","362500","363000","363500","364000","358500","357500","357000","356000","355500","355000","354500","354000","353500","353000","90","318","205","85","62","62","124","103","46","95","33","60","61","30","1","34","16","17","4","13","1190","269","0","0","0","0","0","-357500","5","-100.00","168","20","1","0","0","","0","0","0","","",""
"080041","0002","0","359500","360000","360500","361000","361500","362000","362500","363000","363500","364000","358500","357500","357000","356000","355500","355000","354500","354000","353500","353000","90","323","205","85","62","62","124","103","46","95","33","60","61","30","1","34","16","17","4","13","1195","269","0","0","0","0","0","-357500","5","-100.00","168","5","0","0","0","","0","0","0","","",""
"080042","0000","0","359500","360000","360500","361000","361500","362000","362500","363000","363500","364000","358500","358000","357500","357000","356000","355500","355000","354500","354000","353500","92","323","205","85","62","62","124","103","46","95","33","1","60","61","30","1","33","16","17","4","1197","256","0","0","0","0","0","-357500","5","-100.00","168","0","-13","0","0","","0","0","0","","",""
"080042","0001","0","359500","360000","360500","361000","361500","362000","362500","363000","363500","364000","358500","358000","357500","357000","356000","355500","355000","354500","354000","353500","92","323","205","85","62","62","124","103","46","95","23","1","60","61","30","1","34","16","17","4","1197","247","0","0","0","0","0","-357500","5","-100.00","178","0","-9","0","0","","0","0","0","","",""
"080042","0002","0","359500","360000","360500","361000","361500","362000","362500","363000","363500","364000","358500","358000","357500","357000","356000","355500","355000","354500","354000","353500","92","323","205","85","62","63","124","103","46","95","23","1","60","61","30","1","34","16","17","4","1198","247","0","0","0","0","0","-357500","5","-100.00","178","1","0","0","0","","0","0","0","","",""
"080043","0000","0","359500","360000","360500","361000","361500","362000","362500","363000","363500","364000","358500","358000","357500","357000","356000","355500","355000","354500","354000","353500","92","323","205","85","62","63","124","103","46","195","23","1","60","61","30","1","34","16","17","4","1298","247","0","0","0","0","0","-357500","5","-100.00","178","100","0","0","0","","0","0","0","","",""
"080043","0001","0","359500","360000","360500","361000","361500","362000","362500","363000","363500","364000","358500","358000","357500","357000","356000","355500","355000","354500","354000","353500","92","323","205","86","62","63","124","103","46","195","23","1","60","61","30","1","34","16","17","4","1299","247","0","0","0","0","0","-357500","5","-100.00","178","1","0","0","0","","0","0","0","","",""
"080043","0002","0","359500","360000","360500","361000","361500","362000","362500","363000","363500","364000","358500","358000","357500","357000","356000","355500","355000","354500","354000","353500","127","283","205","86","62","63","124","103","46","195","23","1","60","61","30","1","34","16","17","4","1294","247","0","0","0","0","0","-357500","5","-100.00","183","-5","0","0","0","","0","0","0","","",""
"080043","0003","0","359500","360000","360500","361000","361500","362000","362500","363000","363500","364000","358500","358000","357500","357000","356000","355500","355000","354500","354000","353500","127","283","205","86","62","64","124","103","46","195","23","1","60","161","30","1","34","16","17","4","1295","347","0","0","0","0","0","-357500","5","-100.00","183","1","0","0","0","","0","0","0","","",""
"080043","0004","0","359500","360000","360500","361000","361500","362000","362500","363000","363500","364000","358500","358000","357500","357000","356000","355500","355000","354500","354000","353500","127","329","205","86","63","64","124","103","46","195","23","1","60","161","30","1","34","16","20","4","1342","350","0","0","0","0","0","-357500","5","-100.00","183","47","0","0","0","","0","0","0","","",""
"080044","0000","0","359500","360000","360500","361000","361500","362000","362500","363000","363500","364000","358500","358000","357500","357000","356000","355500","355000","354500","354000","353500","127","335","205","86","63","64","124","103","46","195","23","1","60","161","30","1","34","16","20","4","1348","350","0","0","0","0","0","-357500","5","-100.00","183","6","0","0","0","","0","0","0","","",""
"080044","0001","0","359500","360000","360500","361000","361500","362000","362500","363000","363500","364000","358500","358000","357500","357000","356000","355500","355000","354500","354000","353500","127","335","205","87","63","64","125","103","46","195","23","1","60","161","30","1","34","16","20","4","1350","350","0","0","0","0","0","-357500","5","-100.00","183","2","0","0","0","","0","0","0","","",""
"080044","0002","0","359500","360000","360500","361000","361500","362000","362500","363000","363500","364000","358500","358000","357500","357000","356000","355500","355000","354500","354000","353500","127","385","205","87","63","64","125","103","46","195","23","1","60","161","30","1","34","16","20","4","1400","350","0","0","0","0","0","-357500","5","-100.00","183","50","0","0","0","","0","0","0","","",""
"080045","0000","0","359500","360000","360500","361000","361500","362000","362500","363000","363500","364000","358500","358000","357500","357000","356000","355500","355000","354500","354000","353500","127","388","205","87","63","64","125","103","46","195","23","1","60","161","30","1","34","16","20","4","1403","350","0","0","0","0","0","-357500","5","-100.00","183","2","0","0","0","","0","0","0","","",""
"080045","0001","0","359500","360000","360500","361000","361500","362000","362500","363000","363500","364000","358500","358000","357500","357000","356000","355500","355000","354500","354000","353500","127","388","205","87","63","64","125","103","46","195","23","1","60","161","30","26","34","16","20","4","1403","375","0","0","0","0","0","-357500","5","-100.00","183","0","25","0","0","","0","0","0","","",""
"080045","0002","0","359500","360000","360500","361000","361500","362000","362500","363000","363500","364000","358500","358000","357500","357000","356000","355500","355000","354500","354000","353500","127","388","205","87","63","65","125","103","46","195","23","1","60","161","30","26","34","16","20","4","1404","375","0","0","0","0","0","-357500","5","-100.00","183","1","0","0","0","","0","0","0","","",""
"080046","0000","0","359500","360000","360500","361000","361500","362000","362500","363000","363500","364000","358500","358000","357500","357000","356000","355500","355000","354500","354000","353500","127","388","205","87","63","65","145","103","46","195","23","1","60","161","30","26","34","16","20","4","1424","375","0","0","0","0","0","-357500","5","-100.00","183","20","0","0","0","","0","0","0","","",""
"080046","0001","0","359500","360000","360500","361000","361500","362000","362500","363000","363500","364000","358500","358000","357500","357000","356000","355500","355000","354500","354000","353500","184","388","205","87","63","65","145","103","46","195","20","1","60","161","30","26","34","16","20","4","1481","372","0","0","0","0","0","-357500","5","-100.00","186","57","0","0","0","","0","0","0","","",""
"080046","0002","0","359500","360000","360500","361000","361500","362000","362500","363000","363500","364000","358500","358000","357500","357000","356000","355500","355000","354500","354000","353500","184","408","205","87","63","72","145","103","46","195","20","1","60","161","30","26","34","17","20","4","1508","373","0","0","0","0","0","-357500","5","-100.00","186","0","1","0","0","","0","0","0","","",""
"080046","0003","0","359500","360000","360500","361000","361500","362000","362500","363000","363500","364000","358500","358000","357500","357000","356000","355500","355000","354500","354000","353500","184","429","205","87","63","72","145","103","46","195","20","1","60","161","30","26","34","17","20","4","1529","373","0","0","0","0","0","-357500","5","-100.00","186","1","0","0","0","","0","0","0","","",""
"080047","0000","0","359500","360000","360500","361000","361500","362000","362500","363000","363500","364000","358500","358000","357500","357000","356000","355500","355000","354500","354000","353500","214","429","205","87","63","72","145","103","46","195","20","1","60","161","30","26","34","17","20","4","1559","373","0","0","0","0","0","-357500","5","-100.00","186","30","0","0","0","","0","0","0","","",""
"080047","0001","0","359500","360000","360500","361000","361500","362000","362500","363000","363500","364000","358500","358000","357500","357000","356000","355500","355000","354500","354000","353500","213","429","205","87","63","72","145","103","46","195","20","1","60","161","30","27","34","17","20","4","1558","374","0","0","0","0","0","-357500","5","-100.00","187","0","1","0","0","","0","0","0","","",""
"080047","0002","0","359500","360000","360500","361000","361500","362000","362500","363000","363500","364000","358500","358000","357500","357000","356000","355500","355000","354500","354000","353500","213","439","205","87","63","72","145","103","46","195","20","1","60","161","30","27","34","17","20","4","1568","374","0","0","0","0","0","-357500","5","-100.00","187","10","0","0","0","","0","0","0","","",""
"080047","0003","0","359500","360000","360500","361000","361500","362000","362500","363000","363500","364000","358500","358000","357500","357000","356000","355500","355000","354500","354000","353500","213","439","205","87","63","72","145","103","46","195","20","1","60","161","30","27","35","17","30","4","1568","385","0","0","0","0","0","-357500","5","-100.00","187","0","10","0","0","","0","0","0","","",""
"080047","0004","0","359500","360000","360500","361000","361500","362000","362500","363000","363500","364000","358500","358000","357500","357000","356000","355500","355000","354500","354000","353500","213","429","205","87","67","72","145","103","46","195","10","1","60","161","30","27","35","17","30","4","1562","375","0","0","0","0","0","-357500","5","-100.00","197","4","0","0","0","","0","0","0","","",""
"080048","0000","0","359500","360000","360500","361000","361500","362000","362500","363000","363500","364000","358500","358000","357500","357000","356000","355500","355000","354500","354000","353500","213","429","205","87","67","72","145","103","46","195","10","1","80","161","30","27","35","17","30","4","1562","395","0","0","0","0","0","-357500","5","-100.00","197","0","20","0","0","","0","0","0","","",""
"080048","0001","0","359500","360000","360500","361000","361500","362000","362500","363000","363500","364000","358500","358000","357500","357000","356000","355500","355000","354500","354000","353500","213","429","205","87","68","72","145","103","46","195","10","1","86","161","30","27","35","17","30","4","1563","401","0","0","0","0","0","-357500","5","-100.00","197","0","6","0","0","","0","0","0","","",""
"080049","0000","0","359500","360000","360500","361000","361500","362000","362500","363000","363500","364000","358500","358000","357500","357000","356000","355500","355000","354500","354000","353500","213","434","205","87","68","72","145","103","46","195","10","1","86","161","30","27","35","17","30","4","1568","401","0","0","0","0","0","-357500","5","-100.00","197","5","0","0","0","","0","0","0","","",""
"080049","0001","0","359500","360000","360500","361000","361500","362000","362500","363000","363500","364000","358500","358000","357500","357000","356000","355500","355000","354500","354000","353500","213","434","205","87","68","72","145","103","46","195","19","1","86","161","30","27","35","17","30","4","1568","410","0","0","0","0","0","-357500","5","-100.00","197","0","9","0","0","","0","0","0","","",""
"080050","0000","0","359500","360000","360500","361000","361500","362000","362500","363000","363500","364000","358500","358000","357500","357000","356000","355500","355000","354500","354000","353500","213","434","205","87","68","72","145","103","46","195","9","1","86","161","30","27","35","17","30","4","1568","400","0","0","0","0","0","-357500","5","-100.00","207","0","-10","0","0","","0","0","0","","",""
"080050","0001","0","359500","360000","360500","361000","361500","362000","362500","363000","363500","364000","358500","358000","357500","357000","356000","355500","355000","354500","354000","353500","213","434","205","87","68","72","145","103","46","195","60","1","86","161","33","27","35","17","30","4","1568","454","0","0","0","0","0","-357500","5","-100.00","207","0","3","0","0","","0","0","0","","",""
"080050","0002","0","359500","360000","360500","361000","361500","362000","362500","363000","363500","364000","358500","358000","357500","357000","356000","355500","355000","354500","354000","353500","213","434","405","87","68","72","145","103","46","195","60","1","86","161","33","27","35","17","30","4","1768","454","0","0","0","0","0","-357500","5","-100.00","207","200","0","0","0","","0","0","0","","",""
"080050","0003","0","359500","360000","360500","361000","361500","362000","362500","363000","363500","364000","358500","358000","357500","357000","356000","355500","355000","354500","354000","353500","213","434","405","87","68","72","145","103","46","195","60","1","86","161","33","27","36","17","30","4","1768","455","0","0","0","0","0","-357500","5","-100.00","207","0","1","0","0","","0","0","0","","",""
"080050","0004","0","359500","360000","360500","361000","361500","362000","362500","363000","363500","364000","358500","358000","357500","357000","356000","355500","355000","354500","354000","353500","213","434","405","87","68","72","145","103","46","195","60","1","86","161","33","27","37","17","30","4","1768","456","0","0","0","0","0","-357500","5","-100.00","207","0","1","0","0","","0","0","0","","",""
"080051","0000","0","359500","360000","360500","361000","361500","362000","362500","363000","363500","364000","358500","358000","357500","357000","356000","355500","355000","354500","354000","353500","202","434","405","87","68","72","145","103","46","195","60","1","86","161","33","27","37","17","30","4","1757","456","0","0","0","0","0","-357500","5","-100.00","218","-11","0","0","0","","0","0","0","","",""
"080051","0001","0","359500","360000","360500","361000","361500","362000","362500","363000","363500","364000","358500","358000","357500","357000","356000","355500","355000","354500","354000","353500","202","434","405","87","68","72","145","103","46","295","60","1","86","161","33","27","37","17","30","4","1857","456","0","0","0","0","0","-357500","5","-100.00","218","100","0","0","0","","0","0","0","","",""
"080051","0002","0","359000","359500","360000","360500","361000","361500","362000","362500","363000","363500","358500","358000","357500","357000","356000","355500","355000","354500","354000","353500","1","202","434","405","87","68","72","145","103","46","59","1","86","161","33","27","37","17","30","4","1563","455","0","0","0","0","0","-357500","5","-100.00","219","-294","-1","0","0","","0","0","0","","",""
"080051","0003","0","359000","359500","360000","360500","361000","361500","362000","362500","363000","363500","358500","358000","357500","357000","356000","355500","355000","354500","354000","353500","1","203","435","406","87","68","72","145","103","46","59","1","86","161","33","27","37","17","30","4","1566","455","0","0","0","0","0","-357500","5","-100.00","219","2","0","0","0","","0","0","0","","",""
"080051","0004","0","359000","359500","360000","360500","361000","361500","362000","362500","363000","363500","358500","358000","357500","357000","356000","355500","355000","354500","354000","353500","1","203","435","406","88","69","73","146","104","46","59","3","86","161","33","27","37","17","30","4","1571","457","0","0","0","0","0","-357500","5","-100.00","219","1","0","0","0","","0","0","0","","",""
"080052","0000","0","359000","359500","360000","360500","361000","361500","362000","362500","363000","363500","358500","358000","357500","357000","356000","355500","355000","354500","354000","353500","1","205","435","406","88","69","73","146","105","48","59","3","86","161","33","27","37","17","30","4","1576","457","0","0","0","0","0","-357500","5","-100.00","219","3","0","0","0","","0","0","0","","",""
"080052","0001","0","359000","359500","360000","360500","361000","361500","362000","362500","363000","363500","358500","358000","357500","357000","356000","355500","355000","354500","354000","353500","1","205","435","406","208","69","73","146","105","48","59","3","86","161","33","27","37","17","30","4","1696","457","0","0","0","0","0","-357500","5","-100.00","219","120","0","0","0","","0","0","0","","",""
"080052","0002","0","359000","359500","360000","360500","361000","361500","362000","362500","363000","363500","358500","358000","357500","357000","356000","355500","355000","354500","354000","353500","1","210","435","406","208","69","73","146","105","48","59","3","86","161","33","27","37","17","30","4","1701","457","0","0","0","0","0","-357500","5","-100.00","219","5","0","0","0","","0","0","0","","",""
"080052","0003","0","359000","359500","360000","360500","361000","361500","362000","362500","363000","363500","358500","358000","357500","357000","356000","355500","355000","354500","354000","353500","1","210","435","406","213","69","73","146","105","48","59","3","86","161","33","27","37","17","30","5","1706","458","0","0","0","0","0","-357500","5","-100.00","219","0","1","0","0","","0","0","0","","",""
"080053","0000","0","359000","359500","360000","360500","361000","361500","362000","362500","363000","363500","358500","358000","357500","357000","356000","355500","355000","354500","354000","353500","2","210","435","406","213","69","73","146","105","48","59","3","86","161","33","27","38","18","30","5","1707","460","0","0","0","0","0","-357500","5","-100.00","219","1","0","0","0","","0","0","0","","",""
"080053","0001","0","359000","359500","360000","360500","361000","361500","362000","362500","363000","363500","358500","358000","357500","357000","356000","355500","355000","354500","354000","353500","2","210","434","406","213","69","73","146","105","48","56","3","86","161","33","27","38","18","31","6","1706","459","0","0","0","0","0","-357500","5","-100.00","222","-1","0","0","0","","0","0","0","","",""
"080053","0002","0","359000","359500","360000","360500","361000","361500","362000","362500","363000","363500","358500","358000","357500","357000","356000","355500","355000","354500","354000","353500","3","220","434","406","213","69","73","146","105","48","56","3","102","161","33","27","38","18","31","6","1717","475","0","0","0","0","0","-357500","5","-100.00","222","11","0","0","0","","0","0","0","","",""
"080054","0000","0","359000","359500","360000","360500","361000","361500","362000","362500","363000","363500","358500","358000","357500","357000","356000","355500","355000","354500","354000","353500","3","220","434","406","213","69","73","146","105","48","56","3","103","161","33","27","38","18","31","6","1717","476","0","0","0","0","0","-357500","5","-100.00","222","0","1","0","0","","0","0","0","","",""
"080054","0001","0","359000","359500","360000","360500","361000","361500","362000","362500","363000","363500","358500","358000","357500","357000","356000","355500","355000","354500","354000","353500","3","220","434","406","213","69","73","146","105","48","76","3","103","161","33","27","38","18","31","6","1717","496","0","0","0","0","0","-357500","5","-100.00","222","0","20","0","0","","0","0","0","","",""
"080054","0002","0","359000","359500","360000","360500","361000","361500","362000","362500","363000","363500","358500","358000","357500","357000","356000","355500","355000","354500","354000","353500","3","220","434","407","212","69","73","146","105","48","76","3","103","161","33","27","38","18","31","6","1717","496","0","0","0","0","0","-357500","5","-100.00","222","0","0","0","0","","0","0","0","","",""
"080055","0000","0","359000","359500","360000","360500","361000","361500","362000","362500","363000","363500","358500","358000","357500","357000","356000","355500","355000","354500","354000","353500","3","220","434","407","212","69","73","146","105","48","77","3","103","161","33","27","38","18","31","6","1717","497","0","0","0","0","0","-357500","5","-100.00","222","0","1","0","0","","0","0","0","","",""
"080055","0001","0","359000","359500","360000","360500","361000","361500","362000","362500","363000","363500","358500","358000","357500","357000","356000","355500","355000","354500","354000","353500","3","220","434","407","212","69","73","146","105","48","67","3","103","161","33","28","38","18","31","6","1717","488","0","0","0","0","0","-357500","5","-100.00","232","0","1","0","0","","0","0","0","","",""
"080055","0002","0","359000","359500","360000","360500","361000","361500","362000","362500","363000","363500","358500","358000","357500","357000","356000","355500","355000","354500","354000","353500","3","220","434","407","212","69","73","146","105","48","64","3","103","161","33","28","38","18","31","6","1717","485","0","0","0","0","0","-357500","5","-100.00","235","0","-3","0","0","","0","0","0","","",""
"080055","0003","0","359000","359500","360000","360500","361000","361500","362000","362500","363000","363500","358500","358000","357500","357000","356000","355500","355000","354500","354000","353500","6","220","434","407","212","69","73","146","105","48","64","3","103","161","33","28","38","18","31","6","1720","485","0","0","0","0","0","-357500","5","-100.00","235","3","0","0","0","","0","0","0","","",""
"080056","0000","0","359000","359500","360000","360500","361000","361500","362000","362500","363000","363500","358500","358000","357500","357000","356000","355500","355000","354500","354000","353500","6","220","434","407","212","69","73","146","105","48","64","3","103","161","33","28","38","21","31","6","1720","488","0","0","0","0","0","-357500","5","-100.00","235","0","3","0","0","","0","0","0","","",""
"080056","0001","0","359000","359500","360000","360500","361000","361500","362000","362500","363000","363500","358500","358000","357500","357000","356000","355500","355000","354500","354000","353500","16","220","434","407","212","69","73","146","105","48","64","3","103","161","33","28","38","21","31","6","1730","488","0","0","0","0","0","-357500","5","-100.00","235","10","0","0","0","","0","0","0","","",""
"080056","0002","0","359000","359500","360000","360500","361000","361500","362000","362500","363000","363500","358500","358000","357500","357000","356000","355500","355000","354500","354000","353500","16","220","434","407","220","69","73","146","105","48","64","3","103","162","33","28","38","21","31","6","1738","489","0","0","0","0","0","-357500","5","-100.00","235","0","1","0","0","","0","0","0","","",""
"080057","0000","0","359000","359500","360000","360500","361000","361500","362000","362500","363000","363500","358500","358000","357500","357000","356000","355500","355000","354500","354000","353500","16","220","438","407","220","69","73","146","105","48","68","3","103","162","33","28","38","21","31","6","1742","493","0","0","0","0","0","-357500","5","-100.00","235","4","0","0","0","","0","0","0","","",""
"080057","0001","0","359000","359500","360000","360500","361000","361500","362000","362500","363000","363500","358500","358000","357500","357000","356000","355500","355000","354500","354000","353500","16","220","438","407","220","69","73","146","105","48","68","3","103","162","33","29","37","21","31","6","1742","493","0","0","0","0","0","-357500","5","-100.00","235","0","0","0","0","","0","0","0","","",""
"080057","0002","0","359000","359500","360000","360500","361000","361500","362000","362500","363000","363500","358500","358000","357500","357000","356000","355500","355000","354500","354000","353500","16","223","438","407","220","69","73","146","105","48","68","3","103","162","33","29","37","21","31","6","1745","493","0","0","0","0","0","-357500","5","-100.00","235","3","0","0","0","","0","0","0","","",""
"080058","0000","0","359000","359500","360000","360500","361000","361500","362000","362500","363000","363500","358500","358000","357500","357000","356000","355500","355000","354500","354000","353500","16","213","438","407","220","69","73","146","105","48","58","3","103","162","33","29","37","21","31","6","1735","483","0","0","0","0","0","-357500","5","-100.00","245","-10","-10","0","0","","0","0","0","","",""
"080058","0001","0","359000","359500","360000","360500","361000","361500","362000","362500","363000","363500","358500","358000","357500","357000","356000","355500","355000","354500","354000","353500","16","213","438","407","220","69","73","146","105","48","63","3","103","162","33","29","37","21","31","6","1735","488","0","0","0","0","0","-357500","5","-100.00","245","0","5","0","0","","0","0","0","","",""
"080059","0000","0","359000","359500","360000","360500","361000","361500","362000","362500","363000","363500","358500","358000","357500","357000","356000","355500","355000","354500","354000","353500","16","213","438","407","220","69","73","146","105","48","73","3","103","162","33","29","37","21","31","6","1735","498","0","0","0","0","0","-357500","5","-100.00","245","0","10","0","0","","0","0","0","","",""
"080059","0001","0","359000","359500","360000","360500","361000","361500","362000","362500","363000","363500","358500","358000","357500","357000","356000","355500","355000","354500","354000","353500","16","213","458","407","220","69","73","146","105","48","73","3","103","162","34","29","37","21","31","6","1755","499","0","0","0","0","0","-357500","5","-100.00","245","20","0","0","0","","0","0","0","","",""
"080100","0000","0","359000","359500","360000","360500","361000","361500","362000","362500","363000","363500","358500","358000","357500","357000","356000","355500","355000","354500","354000","353500","73","156","458","407","220","69","73","146","105","48","73","3","87","172","35","29","37","21","31","6","1755","494","0","0","0","0","0","-357500","5","-100.00","245","0","10","0","0","","0","0","0","","",""
"080100","0001","0","359000","359500","360000","360500","361000","361500","362000","362500","363000","363500","358500","358000","357500","357000","356000","355500","355000","354500","354000","353500","73","156","458","407","220","69","133","146","105","48","73","3","87","172","35","29","37","21","31","6","1815","494","0","0","0","0","0","-357500","5","-100.00","245","30","0","0","0","","0","0","0","","",""
"080100","0002","0","359000","359500","360000","360500","361000","361500","362000","362500","363000","363500","358500","358000","357500","357000","356000","355500","355000","354500","354000","353500","73","156","458","407","220","69","133","146","105","48","68","3","87","172","35","29","37","21","31","6","1815","489","0","0","0","0","0","-357500","5","-100.00","250","0","-5","0","0","","0","0","0","","",""
"080100","0003","0","359000","359500","360000","360500","361000","361500","362000","362500","363000","363500","358500","358000","357500","357000","356000","355500","355000","354500","354000","353500","73","156","458","407","220","69","133","146","105","48","68","3","88","172","35","29","37","21","31","6","1815","490","0","0","0","0","0","-357500","5","-100.00","250","0","1","0","0","","0","0","0","","",""
"080101","0000","0","359000","359500","360000","360500","361000","361500","362000","362500","363000","363500","358500","358000","357500","357000","356000","355500","355000","354500","354000","353500","73","156","458","407","220","69","133","146","105","48","68","3","88","172","35","29","39","21","31","6","1815","492","0","0","0","0","0","-357500","5","-100.00","250","0","2","0","0","","0","0","0","","",""
"080101","0001","0","358500","359000","359500","360000","360500","361000","361500","362000","362500","363000","357500","357000","356000","355500","355000","354500","354000","353500","353000","352500","40","73","156","354","407","220","69","133","146","105","88","172","35","29","39","21","31","6","30","65","1703","516","0","0","0","0","0","-357500","5","-100.00","321","-112","24","0","0","","0","0","0","","",""
"080101","0002","0","358500","359000","359500","360000","360500","361000","361500","362000","362500","363000","357500","357000","356000","355500","355000","354500","354000","353500","353000","352500","36","73","156","354","407","220","69","133","146","106","88","172","35","29","39","21","31","6","30","65","1700","516","0","0","0","0","0","-357500","5","-100.00","321","-3","0","0","0","","0","0","0","","",""
"080102","0000","0","358500","359000","359500","360000","360500","361000","361500","362000","362500","363000","357500","357000","356000","355500","355000","354500","354000","353500","353000","352500","34","73","156","354","407","220","69","133","146","106","88","172","35","29","39","21","31","6","30","65","1698","516","0","0","0","0","0","-357500","5","-100.00","323","-2","0","0","0","","0","0","0","","",""
"080103","0000","0","358500","359000","359500","360000","360500","361000","361500","362000","362500","363000","358000","357500","357000","356000","355500","355000","354500","354000","353500","353000","34","73","156","354","407","220","69","133","146","106","70","88","172","35","29","39","21","31","6","30","1698","521","0","0","0","0","0","-357500","5","-100.00","323","0","5","0","0","","0","0","0","","",""
"080103","0001","0","358500","359000","359500","360000","360500","361000","361500","362000","362500","363000","358000","357500","357000","356000","355500","355000","354500","354000","353500","353000","34","73","156","354","407","235","69","133","146","106","89","88","172","35","29","39","21","31","6","30","1713","540","0","0","0","0","0","-357500","5","-100.00","323","0","19","0","0","","0","0","0","","",""
"080104","0000","0","358500","359000","359500","360000","360500","361000","361500","362000","362500","363000","358000","357500","357000","356000","355500","355000","354500","354000","353500","353000","34","73","156","354","407","235","69","133","146","106","89","88","173","35","29","39","21","36","6","31","1713","547","0","0","0","0","0","-357500","5","-100.00","323","0","5","0","0","","0","0","0","","",""
"080104","0001","0","358500","359000","359500","360000","360500","361000","361500","362000","362500","363000","358000","357500","357000","356000","355500","355000","354500","354000","353500","353000","44","73","156","354","407","235","69","134","146","106","352","88","173","35","29","39","21","36","6","31","1724","810","0","0","0","0","0","-357500","5","-100.00","323","1","0","0","0","","0","0","0","","",""
"080104","0002","0","358500","359000","359500","360000","360500","361000","361500","362000","362500","363000","358000","357500","357000","356000","355500","355000","354500","354000","353500","353000","44","73","156","354","407","235","69","134","146","106","352","89","173","35","29","39","21","36","6","31","1724","811","0","0","0","0","0","-357500","5","-100.00","323","0","1","0","0","","0","0","0","","",""
"080104","0003","0","358500","359000","359500","360000","360500","361000","361500","362000","362500","363000","358000","357500","357000","356000","355500","355000","354500","354000","353500","353000","43","73","156","354","407","235","69","134","146","106","352","89","173","35","29","39","21","36","6","31","1723","811","0","0","0","0","0","-357500","5","-100.00","324","-1","0","0","0","","0","0","0","","",""
"080105","0000","0","358500","359000","359500","360000","360500","361000","361500","362000","362500","363000","358000","357500","357000","356000","355500","355000","354500","354000","353500","353000","51","73","156","354","407","235","69","134","146","106","352","89","173","35","29","39","21","36","6","31","1731","811","0","0","0","0","0","-357500","5","-100.00","326","10","0","0","0","","0","0","0","","",""
"080105","0001","0","358500","359000","359500","360000","360500","361000","361500","362000","362500","363000","358000","357500","357000","356000","355500","355000","354500","354000","353500","353000","51","73","156","354","407","235","69","134","146","106","352","89","173","35","29","39","21","36","8","31","1731","813","0","0","0","0","0","-357500","5","-100.00","326","0","2","0","0","","0","0","0","","",""
"080105","0002","0","358500","359000","359500","360000","360500","361000","361500","362000","362500","363000","358000","357500","357000","356000","355500","355000","354500","354000","353500","353000","51","73","156","354","407","235","69","134","146","106","352","89","173","35","29","42","21","36","8","31","1731","816","0","0","0","0","0","-357500","5","-100.00","326","0","3","0","0","","0","0","0","","",""
"080105","0003","0","358500","359000","359500","360000","360500","361000","361500","362000","362500","363000","358000","357500","357000","356000","355500","355000","354500","354000","353500","353000","51","73","157","354","407","235","69","134","146","106","352","89","173","35","29","42","21","36","8","31","1732","816","0","0","0","0","0","-357500","5","-100.00","326","1","0","0","0","","0","0","0","","",""
"080339","0000","0","358500","359000","359500","360000","360500","361000","361500","362000","362500","363000","358000","357500","357000","356500","356000","355500","355000","354500","354000","353500","127","179","335","319","441","368","157","168","150","192","318","198","329","161","76","176","340","101","124","196","2436","2019","0","0","0","0","0","-357500","5","-100.00","2373","1","0","0","0","","0","0","0","","",""
"080339","0001","0","358500","359000","359500","360000","360500","361000","361500","362000","362500","363000","358000","357500","357000","356500","356000","355500","355000","354500","354000","353500","127","179","335","319","441","368","157","168","150","192","319","198","329","161","76","176","340","101","124","196","2436","2020","0","0","0","0","0","-357500","5","-100.00","2373","0","1","0","0","","0","0","0","","",""
"080340","0000","0","358500","359000","359500","360000","360500","361000","361500","362000","362500","363000","358000","357500","357000","356500","356000","355500","355000","354500","354000","353500","127","179","335","319","441","368","157","168","150","192","320","198","329","161","76","176","340","101","124","196","2436","2021","0","0","0","0","0","-357500","5","-100.00","2373","0","1","0","0","","0","0","0","","",""
"080340","0001","0","359000","359500","360000","360500","361000","361500","362000","362500","363000","363500","358500","358000","357500","357000","356500","356000","355500","355000","354500","354000","179","335","319","441","368","157","168","150","192","72","213","320","198","329","161","76","176","340","101","124","2381","2038","0","0","0","0","0","-357500","5","-100.00","2500","-55","17","0","0","","0","0","0","","",""
"080340","0002","0","359000","359500","360000","360500","361000","361500","362000","362500","363000","363500","358500","358000","357500","357000","356500","356000","355500","355000","354500","354000","179","335","319","441","368","157","168","150","192","72","210","324","198","329","161","76","176","340","101","124","2381","2039","0","0","0","0","0","-357500","5","-100.00","2503","0","-3","0","0","","0","0","0","","",""
"080341","0000","0","359000","359500","360000","360500","361000","361500","362000","362500","363000","363500","358500","358000","357500","357000","356500","356000","355500","355000","354500","354000","179","335","319","441","368","157","168","150","192","72","210","324","198","329","161","81","176","340","101","124","2381","2044","0","0","0","0","0","-357500","5","-100.00","2503","0","5","0","0","","0","0","0","","",""
"080341","0001","0","359000","359500","360000","360500","361000","361500","362000","362500","363000","363500","358500","358000","357500","357000","356500","356000","355500","355000","354500","354000","179","335","319","441","368","157","168","150","192","72","210","328","198","329","161","81","176","340","101","124","2381","2048","0","0","0","0","0","-357500","5","-100.00","2503","0","4","0","0","","0","0","0","","",""
"080342","0000","0","359000","359500","360000","360500","361000","361500","362000","362500","363000","363500","358500","358000","357500","357000","356500","356000","355500","355000","354500","354000","179","335","319","441","368","157","191","150","192","72","210","328","198","329","161","81","176","340","101","124","2404","2048","0","0","0","0","0","-357500","5","-100.00","2503","23","0","0","0","","0","0","0","","",""
"080342","0001","0","359000","359500","360000","360500","361000","361500","362000","362500","363000","363500","358500","358000","357500","357000","356500","356000","355500","355000","354500","354000","179","335","319","441","368","157","191","150","203","72","210","328","198","329","161","81","177","340","101","124","2415","2049","0","0","0","0","0","-357500","5","-100.00","2503","11","0","0","0","","0","0","0","","",""
"080342","0002","0","359000","359500","360000","360500","361000","361500","362000","362500","363000","363500","358500","358000","357500","357000","356500","356000","355500","355000","354500","354000","179","335","319","441","368","157","191","150","203","72","210","328","198","339","161","81","177","340","101","124","2415","2059","0","0","0","0","0","-357500","5","-100.00","2503","0","10","0","0","","0","0","0","","",""
"080344","0000","0","359000","359500","360000","360500","361000","361500","362000","362500","363000","363500","358500","358000","357500","357000","356500","356000","355500","355000","354500","354000","179","335","319","441","368","157","191","150","203","72","210","328","197","339","161","81","177","340","101","124","2415","2058","0","0","0","0","0","-357500","5","-100.00","2503","0","0","0","0","","0","0","0","","",""
"080345","0000","0","359000","359500","360000","360500","361000","361500","362000","362500","363000","363500","358500","358000","357500","357000","356500","356000","355500","355000","354500","354000","179","335","329","441","368","157","191","150","203","72","210","328","197","339","161","81","177","340","101","124","2425","2058","0","0","0","0","0","-357500","5","-100.00","2503","10","0","0","0","","0","0","0","","",""
"080345","0001","0","359000","359500","360000","360500","361000","361500","362000","362500","363000","363500","358500","358000","357500","357000","356500","356000","355500","355000","354500","354000","179","335","329","441","368","157","191","150","203","74","210","328","197","339","161","81","177","340","101","124","2427","2058","0","0","0","0","0","-357500","5","-100.00","2503","2","0","0","0","","0","0","0","","",""
"080345","0002","0","359000","359500","360000","360500","361000","361500","362000","362500","363000","363500","358500","358000","357500","357000","356500","356000","355500","355000","354500","354000","179","335","329","441","368","157","191","150","203","74","210","329","197","339","161","81","177","340","101","124","2427","2059","0","0","0","0","0","-357500","5","-100.00","2503","0","1","0","0","","0","0","0","","",""
"080346","0000","0","359000","359500","360000","360500","361000","361500","362000","362500","363000","363500","358500","358000","357500","357000","356500","356000","355500","355000","354500","354000","207","335","329","441","368","157","191","150","203","74","210","329","197","339","161","81","177","340","101","124","2455","2059","0","0","0","0","0","-357500","5","-100.00","2503","28","0","0","0","","0","0","0","","",""
"080346","0001","0","359000","359500","360000","360500","361000","361500","362000","362500","363000","363500","358500","358000","357500","357000","356500","356000","355500","355000","354500","354000","207","335","329","441","368","157","191","150","203","74","211","329","197","339","161","81","177","340","101","124","2455","2060","0","0","0","0","0","-357500","5","-100.00","2503","0","1","0","0","","0","0","0","","",""
"080346","0002","0","359000","359500","360000","360500","361000","361500","362000","362500","363000","363500","358500","358000","357500","357000","356500","356000","355500","355000","354500","354000","207","335","329","441","368","157","191","150","203","74","211","329","197","329","161","91","177","341","101","124","2455","2061","0","0","0","0","0","-357500","5","-100.00","2503","0","0","0","0","","0","0","0","","",""
"080346","0003","0","359000","359500","360000","360500","361000","361500","362000","362500","363000","363500","358500","358000","357500","357000","356500","356000","355500","355000","354500","354000","207","335","329","441","368","157","191","150","203","74","211","329","197","329","171","91","177","341","101","124","2455","2071","0","0","0","0","0","-357500","5","-100.00","2503","0","10","0","0","","0","0","0","","",""
"080347","0000","0","359000","359500","360000","360500","361000","361500","362000","362500","363000","363500","358500","358000","357500","357000","356500","356000","355500","355000","354500","354000","207","335","329","441","368","157","191","150","203","74","212","330","197","329","171","91","177","341","101","124","2455","2073","0","0","0","0","0","-357500","5","-100.00","2503","0","1","0","0","","0","0","0","","",""
"080347","0001","0","359000","359500","360000","360500","361000","361500","362000","362500","363000","363500","358500","358000","357500","357000","356500","356000","355500","355000","354500","354000","209","335","329","441","368","157","191","150","203","74","212","330","197","329","171","91","177","341","101","124","2457","2073","0","0","0","0","0","-357500","5","-100.00","2503","2","0","0","0","","0","0","0","","",""
"080348","0000","0","359000","359500","360000","360500","361000","361500","362000","362500","363000","363500","358500","358000","357500","357000","356500","356000","355500","355000","354500","354000","209","335","329","441","368","157","191","150","203","74","222","330","197","329","171","91","177","341","101","124","2457","2083","0","0","0","0","0","-357500","5","-100.00","2503","0","10","0","0","","0","0","0","","",""
"080349","0000","0","359000","359500","360000","360500","361000","361500","362000","362500","363000","363500","358500","358000","357500","357000","356500","356000","355500","355000","354500","354000","209","335","331","441","368","157","191","150","203","74","222","330","197","329","171","91","177","341","101","124","2459","2083","0","0","0","0","0","-357500","5","-100.00","2503","2","0","0","0","","0","0","0","","",""
"080349","0001","0","359000","359500","360000","360500","361000","361500","362000","362500","363000","363500","358500","358000","357500","357000","356500","356000","355500","355000","354500","354000","209","335","331","441","368","157","191","150","203","74","232","330","197","329","171","91","177","341","101","124","2459","2093","0","0","0","0","0","-357500","5","-100.00","2503","0","10","0","0","","0","0","0","","",""
"080349","0002","0","359000","359500","360000","360500","361000","361500","362000","362500","363000","363500","358500","358000","357500","357000","356500","356000","355500","355000","354500","354000","209","335","331","441","368","157","191","150","203","74","232","330","197","329","171","91","177","341","101","125","2459","2094","0","0","0","0","0","-357500","5","-100.00","2503","0","1","0","0","","0","0","0","","",""
"080349","0003","0","359000","359500","360000","360500","361000","361500","362000","362500","363000","363500","358500","358000","357500","357000","356500","356000","355500","355000","354500","354000","209","335","331","441","368","157","191","150","402","74","232","330","197","329","171","91","177","341","101","125","2658","2094","0","0","0","0","0","-357500","5","-100.00","2503","199","0","0","0","","0","0","0","","",""
"080350","0000","0","359000","359500","360000","360500","361000","361500","362000","362500","363000","363500","358500","358000","357500","357000","356500","356000","355500","355000","354500","354000","209","335","332","441","368","157","191","150","402","74","202","330","197","329","171","91","177","341","101","125","2659","2064","0","0","0","0","0","-357500","5","-100.00","2533","0","-30","0","0","","0","0","0","","",""
"080350","0001","0","359000","359500","360000","360500","361000","361500","362000","362500","363000","363500","358500","358000","357500","357000","356500","356000","355500","355000","354500","354000","209","335","332","441","368","157","191","150","402","74","202","330","197","329","171","91","177","343","101","125","2659","2066","0","0","0","0","0","-357500","5","-100.00","2533","0","2","0","0","","0","0","0","","",""
"080351","0000","0","359000","359500","360000","360500","361000","361500","362000","362500","363000","363500","358500","358000","357500","357000","356500","356000","355500","355000","354500","354000","209","335","332","441","368","157","191","150","402","74","202","330","197","330","171","91","177","343","101","125","2659","2067","0","0","0","0","0","-357500","5","-100.00","2533","0","1","0","0","","0","0","0","","",""
"080351","0001","0","359000","359500","360000","360500","361000","361500","362000","362500","363000","363500","358500","358000","357500","357000","356500","356000","355500","355000","354500","354000","209","335","332","441","368","157","192","150","402","74","202","335","197","330","171","91","177","343","101","125","2660","2072","0","0","0","0","0","-357500","5","-100.00","2533","1","5","0","0","","0","0","0","","",""
"080352","0000","0","359000","359500","360000","360500","361000","361500","362000","362500","363000","363500","358500","358000","357500","357000","356500","356000","355500","355000","354500","354000","209","335","332","441","368","157","192","150","402","74","188","336","197","330","171","91","177","343","101","125","2660","2059","0","0","0","0","0","-357500","5","-100.00","2547","0","1","0","0","","0","0","0","","",""
"080352","0001","0","359000","359500","360000","360500","361000","361500","362000","362500","363000","363500","358500","358000","357500","357000","356500","356000","355500","355000","354500","354000","210","335","332","441","368","157","192","150","402","74","188","336","197","330","171","91","177","343","101","125","2661","2059","0","0","0","0","0","-357500","5","-100.00","2547","1","0","0","0","","0","0","0","","",""
"080353","0000","0","359000","359500","360000","360500","361000","361500","362000","362500","363000","363500","358500","358000","357500","357000","356500","356000","355500","355000","354500","354000","210","335","332","441","368","157","192","150","400","74","188","336","197","330","171","91","177","343","101","125","2659","2059","0","0","0","0","0","-357500","5","-100.00","2547","-2","0","0","0","","0","0","0","","",""
"080353","0001","0","359000","359500","360000","360500","361000","361500","362000","362500","363000","363500","358500","358000","357500","357000","356500","356000","355500","355000","354500","354000","210","335","332","441","373","157","192","150","400","74","188","336","197","330","171","91","177","343","101","125","2664","2059","0","0","0","0","0","-357500","5","-100.00","2547","5","0","0","0","","0","0","0","","",""
"080355","0000","0","359000","359500","360000","360500","361000","361500","362000","362500","363000","363500","358500","358000","357500","357000","356500","356000","355500","355000","354500","354000","210","335","332","441","373","157","192","150","400","74","189","336","198","330","171","91","177","343","101","125","2664","2061","0","0","0","0","0","-357500","5","-100.00","2547","0","1","0","0","","0","0","0","","",""
"080355","0001","0","359000","359500","360000","360500","361000","361500","362000","362500","363000","363500","358500","358000","357500","357000","356500","356000","355500","355000","354500","354000","210","335","332","441","373","157","192","150","400","74","191","336","198","330","171","91","177","343","101","125","2664","2063","0","0","0","0","0","-357500","5","-100.00","2547","0","2","0","0","","0","0","0","","",""
"080355","0002","0","359000","359500","360000","360500","361000","361500","362000","362500","363000","363500","358500","358000","357500","357000","356500","356000","355500","355000","354500","354000","210","335","332","441","373","157","192","150","400","74","191","336","198","338","171","91","177","343","101","125","2664","2071","0","0","0","0","0","-357500","5","-100.00","2547","0","8","0","0","","0","0","0","","",""
"080356","0000","0","359000","359500","360000","360500","361000","361500","362000","362500","363000","363500","358500","358000","357500","357000","356500","356000","355500","355000","354500","354000","210","335","332","441","373","157","192","150","400","74","191","336","198","338","171","91","177","343","101","126","2664","2072","0","0","0","0","0","-357500","5","-100.00","2547","0","1","0","0","","0","0","0","","",""
"080357","0000","0","359000","359500","360000","360500","361000","361500","362000","362500","363000","363500","358500","358000","357500","357000","356500","356000","355500","355000","354500","354000","210","335","332","441","373","157","192","150","400","74","189","336","198","338","171","91","177","343","101","126","2664","2070","0","0","0","0","0","-357500","5","-100.00","2549","0","-2","0","0","","0","0","0","","",""
"080357","0001","0","359000","359500","360000","360500","361000","361500","362000","362500","363000","363500","358500","358000","357500","357000","356500","356000","355500","355000","354500","354000","210","335","332","441","373","157","192","150","400","74","190","336","198","338","171","91","177","343","101","126","2664","2071","0","0","0","0","0","-357500","5","-100.00","2549","0","1","0","0","","0","0","0","","",""
"080357","0002","0","359000","359500","360000","360500","361000","361500","362000","362500","363000","363500","358500","358000","357500","357000","356500","356000","355500","355000","354500","354000","210","335","332","441","373","157","192","150","400","74","190","336","198","338","171","91","177","343","101","136","2664","2081","0","0","0","0","0","-357500","5","-100.00","2549","0","10","0","0","","0","0","0","","",""
"080358","0000","0","359000","359500","360000","360500","361000","361500","362000","362500","363000","363500","358500","358000","357500","357000","356500","356000","355500","355000","354500","354000","213","335","332","441","373","157","192","150","400","74","190","336","198","338","171","91","177","343","101","136","2667","2081","0","0","0","0","0","-357500","5","-100.00","2549","3","0","0","0","","0","0","0","","",""
"080358","0001","0","359000","359500","360000","360500","361000","361500","362000","362500","363000","363500","358500","358000","357500","357000","356500","356000","355500","355000","354500","354000","213","335","332","441","373","157","192","150","400","74","193","336","198","338","171","91","177","343","101","136","2667","2084","0","0","0","0","0","-357500","5","-100.00","2549","0","3","0","0","","0","0","0","","",""
"080359","0000","0","359000","359500","360000","360500","361000","361500","362000","362500","363000","363500","358500","358000","357500","357000","356500","356000","355500","355000","354500","354000","213","335","332","443","373","157","192","150","400","74","198","336","198","338","171","91","177","343","101","136","2669","2089","0","0","0","0","0","-357500","5","-100.00","2549","0","5","0","0","","0","0","0","","",""
"080359","0001","0","359000","359500","360000","360500","361000","361500","362000","362500","363000","363500","358500","358000","357500","357000","356500","356000","355500","355000","354500","354000","218","335","332","443","373","157","192","150","400","74","188","336","198","338","171","91","177","343","101","136","2674","2079","0","0","0","0","0","-357500","5","-100.00","2559","5","0","0","0","","0","0","0","","",""
"080359","0002","0","359000","359500","360000","360500","361000","361500","362000","362500","363000","363500","358500","358000","357500","357000","356500","356000","355500","355000","354500","354000","218","335","332","443","373","157","192","150","400","74","179","335","198","338","171","91","177","343","101","136","2674","2069","0","0","0","0","0","-357500","5","-100.00","2569","0","-10","0","0","","0","0","0","","",""
"080359","0003","0","359000","359500","360000","360500","361000","361500","362000","362500","363000","363500","358500","358000","357500","357000","356500","356000","355500","355000","354500","354000","218","335","332","443","373","157","192","150","400","74","1179","335","198","338","171","91","177","343","101","136","2674","3069","0","0","0","0","0","-357500","5","-100.00","2569","0","1000","0","0","","0","0","0","","",""
"080400","0000","0","359000","359500","360000","360500","361000","361500","362000","362500","363000","363500","358500","358000","357500","357000","356500","356000","355500","355000","354500","354000","218","335","332","443","373","157","192","151","400","74","1179","335","203","338","171","91","177","343","101","136","2675","3074","0","0","0","0","0","-357500","5","-100.00","2569","0","5","0","0","","0","0","0","","",""
"080400","0001","0","359000","359500","360000","360500","361000","361500","362000","362500","363000","363500","358500","358000","357500","357000","356500","356000","355500","355000","354500","354000","178","335","332","443","373","157","192","151","400","74","1139","334","203","338","171","91","177","343","101","136","2635","3033","0","0","0","0","0","-357500","5","-100.00","2609","0","-1","0","0","","0","0","0","","",""
"080401","0000","0","359000","359500","360000","360500","361000","361500","362000","362500","363000","363500","358500","358000","357500","357000","356500","356000","355500","355000","354500","354000","178","335","332","443","373","157","192","151","400","74","1141","334","203","338","171","91","177","343","101","136","2635","3035","0","0","0","0","0","-357500","5","-100.00","2609","0","2","0","0","","0","0","0","","",""
"080401","0001","0","359000","359500","360000","360500","361000","361500","362000","362500","363000","363500","358500","358000","357500","357000","356500","356000","355500","355000","354500","354000","178","335","332","443","373","157","192","151","400","74","1131","334","203","339","171","91","177","343","101","136","2635","3026","0","0","0","0","0","-357500","5","-100.00","2609","0","-10","0","0","","0","0","0","","",""
"080401","0002","0","359000","359500","360000","360500","361000","361500","362000","362500","363000","363500","358500","358000","357500","357000","356500","356000","355500","355000","354500","354000","178","335","332","443","373","157","192","151","400","74","1131","334","203","339","171","91","178","343","101","136","2635","3027","0","0","0","0","0","-357500","5","-100.00","2609","0","1","0","0","","0","0","0","","",""
"080402","0000","0","359000","359500","360000","360500","361000","361500","362000","362500","363000","363500","358500","358000","357500","357000","356500","356000","355500","355000","354500","354000","178","335","332","443","373","157","192","151","400","74","1131","334","203","339","171","80","178","343","101","136","2635","3016","0","0","0","0","0","-357500","5","-100.00","2609","0","-11","0","0","","0","0","0","","",""
"080403","0000","0","359000","359500","360000","360500","361000","361500","362000","362500","363000","363500","358500","358000","357500","357000","356500","356000","355500","355000","354500","354000","178","335","332","443","373","157","192","151","400","74","1131","334","203","338","171","80","178","343","101","136","2635","3015","0","0","0","0","0","-357500","5","-100.00","2609","0","-1","0","0","","0","0","0","","",""
"080404","0000","0","359000","359500","360000","360500","361000","361500","362000","362500","363000","363500","358500","358000","357500","357000","356500","356000","355500","355000","354500","354000","178","335","332","443","373","157","192","151","400","74","1014","334","203","338","171","80","178","343","101","136","2635","2898","0","0","0","0","0","-357500","5","-100.00","2726","0","-117","0","0","","0","0","0","","",""
"080404","0001","0","359000","359500","360000","360500","361000","361500","362000","362500","363000","363500","358500","358000","357500","357000","356500","356000","355500","355000","354500","354000","178","335","332","443","373","157","192","151","400","74","1014","334","203","343","171","80","178","343","101","136","2635","2903","0","0","0","0","0","-357500","5","-100.00","2726","0","5","0","0","","0","0","0","","",""
