"time","millisec","HOUR_CLS_CODE","ASKP1","ASKP2","ASKP3","ASKP4","ASKP5","ASKP6","ASKP7","ASKP8","ASKP9","ASKP10","BIDP1","BIDP2","BIDP3","BIDP4","BIDP5","BIDP6","BIDP7","BIDP8","BIDP9","BIDP10","ASKP_RSQN1","ASKP_RSQN2","ASKP_RSQN3","ASKP_RSQN4","ASKP_RSQN5","ASKP_RSQN6","ASKP_RSQN7","ASKP_RSQN8","ASKP_RSQN9","ASKP_RSQN10","BIDP_RSQN1","BIDP_RSQN2","BIDP_RSQN3","BIDP_RSQN4","BIDP_RSQN5","BIDP_RSQN6","BIDP_RSQN7","BIDP_RSQN8","BIDP_RSQN9","BIDP_RSQN10","TOTAL_ASKP_RSQN","TOTAL_BIDP_RSQN","OVTM_TOTAL_ASKP_RSQN","OVTM_TOTAL_BIDP_RSQN","ANTC_CNPR","ANTC_CNQN","ANTC_VOL","ANTC_CNTG_VRSS","ANTC_CNTG_VRSS_SIGN","ANTC_CNTG_PRDY_CTRT","ACML_VOL","TOTAL_ASKP_RSQN_ICDC","TOTAL_BIDP_RSQN_ICDC","OVTM_TOTAL_ASKP_ICDC","OVTM_TOTAL_BIDP_ICDC","STCK_DEAL_CLS_CODE","KMID_PRC","KMID_TOTAL_RSQN","KMID_CLS_CODE","NMID_PRC","NMID_TOTAL_RSQN","NMID_CLS_CODE"
"080000","0000","0","606000","607000","609000","0","0","0","0","0","0","0","560000","520000","0","0","0","0","0","0","0","0","1","1","2","0","0","0","0","0","0","0","3","50","0","0","0","0","0","0","0","0","4","53","0","0","0","0","0","-600000","5","-100.00","0","0","0","0","0","","0","0","0","","",""
"080000","0001","0","600000","606000","607000","609000","616000","620000","681000","690000","0","0","582000","560000","540000","520000","0","0","0","0","0","0","30","1","1","2","52","16","43","5","0","0","26","3","1","50","0","0","0","0","0","0","150","80","0","0","0","0","0","-600000","5","-100.00","0","146","27","0","0","","0","0","0","","",""
"080001","0000","0","600000","605000","606000","607000","609000","615000","616000","620000","632000","635000","587000","583000","582000","580000","560000","540000","534000","520000","0","0","30","2","1","1","2","2","52","16","100","5","2","5","27","10","3","11","1","50","0","0","211","109","0","0","0","0","0","-600000","5","-100.00","0","61","29","0","0","","0","0","0","","",""
"080001","0001","0","600000","602000","603000","604000","605000","606000","607000","609000","615000","616000","588000","587000","586000","584000","583000","582000","580000","560000","546000","540000","30","1","1","1","3","1","21","2","2","52","1","3","2","1","5","28","11","4","14","11","114","80","0","0","0","0","0","-600000","5","-100.00","0","-97","-29","0","0","","0","0","0","","",""
"080002","0000","0","600000","602000","603000","604000","605000","606000","607000","609000","615000","616000","596000","588000","587000","586000","584000","583000","582000","580000","560000","546000","52","1","1","1","3","1","21","2","2","52","30","1","3","2","1","5","28","11","4","14","136","99","0","0","0","0","0","-600000","5","-100.00","18","22","19","0","0","","0","0","0","","",""
"080002","0001","0","600000","602000","603000","604000","605000","606000","607000","609000","615000","616000","596000","588000","587000","586000","584000","583000","582000","580000","560000","553000","52","1","1","1","3","19","21","2","26","52","30","3","3","3","1","5","28","11","4","1","178","89","0","0","0","0","0","-600000","5","-100.00","18","42","-10","0","0","","0","0","0","","",""
"080002","0002","0","600000","602000","603000","604000","605000","606000","607000","609000","611000","612000","596000","588000","587000","586000","584000","583000","582000","580000","560000","553000","52","1","1","1","3","19","21","2","9","9","30","3","3","3","1","5","28","11","4","1","118","89","0","0","0","0","0","-600000","5","-100.00","18","-60","0","0","0","","0","0","0","","",""
"080003","0000","0","600000","602000","603000","604000","605000","606000","607000","609000","611000","612000","596000","590000","588000","587000","586000","584000","583000","582000","580000","578000","146","1","1","1","3","19","21","2","9","9","30","3","3","3","3","1","5","28","11","10","212","97","0","0","0","0","0","-600000","5","-100.00","18","94","8","0","0","","0","0","0","","",""
"080003","0001","0","600000","602000","603000","604000","605000","606000","607000","609000","611000","612000","596000","590000","588000","587000","586000","584000","583000","582000","580000","578000","146","1","1","1","12","19","21","2","9","9","30","3","3","3","3","52","5","28","11","10","221","148","0","0","0","0","0","-600000","5","-100.00","18","9","51","0","0","","0","0","0","","",""
"080004","0000","0","600000","602000","603000","604000","605000","606000","607000","609000","611000","612000","596000","590000","588000","587000","586000","584000","583000","582000","580000","578000","106","1","1","1","10","19","21","2","9","9","30","3","3","4","3","52","5","28","11","30","179","169","0","0","0","0","0","-600000","5","-100.00","58","-42","21","0","0","","0","0","0","","",""
"080004","0001","0","600000","602000","603000","604000","605000","606000","607000","608000","609000","611000","596000","590000","589000","588000","587000","586000","584000","583000","582000","580000","108","1","2","1","10","19","21","1","2","9","30","3","1","3","4","3","52","5","28","12","174","141","0","0","0","0","0","-600000","5","-100.00","58","-5","-28","0","0","","0","0","0","","",""
"080004","0002","0","600000","602000","603000","604000","605000","606000","607000","608000","609000","611000","596000","590000","589000","588000","587000","586000","584000","583000","582000","580000","108","1","2","1","10","19","21","1","2","9","30","3","1","2","4","3","52","5","28","12","174","140","0","0","0","0","0","-600000","5","-100.00","58","0","-1","0","0","","0","0","0","","",""
"080005","0000","0","600000","602000","603000","604000","605000","606000","607000","608000","609000","611000","596000","590000","589000","588000","587000","586000","584000","583000","582000","580000","107","2","2","1","10","19","21","1","2","9","30","3","1","2","4","3","52","5","28","12","174","140","0","0","0","0","0","-600000","5","-100.00","59","1","0","0","0","","0","0","0","","",""
"080006","0000","0","600000","602000","603000","604000","605000","606000","607000","608000","609000","610000","596000","590000","589000","588000","587000","586000","584000","583000","582000","580000","107","2","2","1","10","19","21","2","2","1","30","3","1","2","4","3","52","5","28","12","167","140","0","0","0","0","0","-600000","5","-100.00","59","-7","0","0","0","","0","0","0","","",""
"080006","0001","0","600000","602000","603000","604000","605000","606000","607000","608000","609000","610000","596000","590000","589000","588000","587000","586000","584000","583000","582000","580000","106","2","2","1","10","19","21","2","2","2","30","3","1","2","4","3","52","5","28","12","167","140","0","0","0","0","0","-600000","5","-100.00","60","-1","0","0","0","","0","0","0","","",""
"080007","0000","0","600000","602000","603000","604000","605000","606000","607000","608000","609000","610000","596000","590000","589000","588000","587000","586000","584000","583000","582000","580000","106","2","2","1","10","19","21","2","2","2","30","3","1","2","4","3","52","5","28","13","167","141","0","0","0","0","0","-600000","5","-100.00","60","0","1","0","0","","0","0","0","","",""
"080007","0001","0","600000","602000","603000","604000","605000","606000","607000","608000","609000","610000","596000","590000","589000","588000","587000","586000","584000","583000","582000","580000","106","2","2","1","10","19","21","2","2","2","30","3","31","2","4","3","52","5","28","13","167","171","0","0","0","0","0","-600000","5","-100.00","60","0","30","0","0","","0","0","0","","",""
"080007","0002","0","600000","602000","603000","604000","605000","606000","607000","608000","609000","610000","596000","591000","590000","589000","587000","586000","584000","583000","582000","580000","106","2","2","1","10","19","21","2","2","2","30","2","3","31","4","3","52","5","28","13","167","171","0","0","0","0","0","-600000","5","-100.00","60","0","0","0","0","","0","0","0","","",""
"080008","0000","0","600000","602000","603000","604000","605000","606000","607000","608000","609000","610000","596000","591000","590000","589000","587000","586000","584000","583000","582000","580000","106","2","2","1","10","19","21","2","2","2","30","4","3","31","4","3","52","5","28","13","167","173","0","0","0","0","0","-600000","5","-100.00","60","0","2","0","0","","0","0","0","","",""
"080008","0001","0","600000","602000","603000","604000","605000","606000","607000","608000","609000","610000","596000","591000","590000","589000","587000","586000","584000","583000","582000","580000","115","2","2","1","10","19","21","2","2","2","30","4","4","31","4","3","52","5","28","13","176","174","0","0","0","0","0","-600000","5","-100.00","60","0","1","0","0","","0","0","0","","",""
"080009","0000","0","600000","602000","603000","604000","605000","606000","607000","608000","609000","610000","596000","591000","590000","589000","587000","586000","584000","583000","582000","580000","115","2","2","1","10","19","21","2","2","17","30","4","4","31","4","3","52","5","28","13","191","174","0","0","0","0","0","-600000","5","-100.00","60","15","0","0","0","","0","0","0","","",""
"080009","0001","0","600000","602000","603000","604000","605000","606000","607000","608000","609000","610000","596000","592000","591000","590000","589000","587000","586000","584000","583000","582000","115","2","2","1","10","19","21","2","2","17","30","40","4","4","31","4","3","52","5","28","191","201","0","0","0","0","0","-600000","5","-100.00","60","0","27","0","0","","0","0","0","","",""
"080009","0002","0","600000","602000","603000","604000","605000","606000","607000","608000","609000","610000","596000","592000","591000","590000","589000","587000","586000","584000","583000","582000","115","2","2","1","10","19","21","2","2","17","30","40","4","4","31","4","3","52","5","78","191","251","0","0","0","0","0","-600000","5","-100.00","60","0","50","0","0","","0","0","0","","",""
"080010","0000","0","600000","602000","603000","604000","605000","606000","607000","608000","609000","610000","596000","592000","591000","590000","589000","587000","586000","584000","583000","582000","115","2","2","1","10","19","21","2","2","17","30","40","4","4","31","4","3","52","5","79","191","252","0","0","0","0","0","-600000","5","-100.00","60","0","1","0","0","","0","0","0","","",""
"080010","0001","0","599000","600000","602000","603000","604000","605000","606000","607000","608000","609000","596000","592000","591000","590000","589000","587000","586000","584000","583000","582000","15","130","2","3","1","11","19","21","2","2","30","40","4","4","31","4","3","52","5","79","206","252","0","0","0","0","0","-600000","5","-100.00","60","11","0","0","0","","0","0","0","","",""
"080010","0002","0","599000","600000","602000","603000","604000","605000","606000","607000","608000","609000","596000","592000","591000","590000","589000","587000","586000","584000","583000","582000","12","130","2","3","1","11","19","22","2","3","30","40","7","4","32","5","3","52","5","79","205","257","0","0","0","0","0","-600000","5","-100.00","63","0","5","0","0","","0","0","0","","",""
"080010","0003","0","599000","600000","602000","603000","604000","605000","606000","607000","608000","609000","596000","592000","591000","590000","589000","587000","586000","585000","584000","583000","12","130","2","3","1","11","19","22","2","3","30","40","7","4","32","5","3","1","52","6","205","180","0","0","0","0","0","-600000","5","-100.00","63","0","-77","0","0","","0","0","0","","",""
"080011","0000","0","599000","600000","602000","603000","604000","605000","606000","607000","608000","609000","596000","592000","591000","590000","589000","587000","586000","585000","584000","583000","12","130","2","3","1","11","19","22","2","3","30","40","7","4","32","5","3","6","52","6","205","185","0","0","0","0","0","-600000","5","-100.00","63","0","5","0","0","","0","0","0","","",""
"080012","0000","0","600000","602000","603000","604000","605000","606000","607000","608000","609000","610000","596000","592000","591000","590000","589000","587000","586000","585000","584000","583000","115","2","3","1","11","19","22","2","3","21","30","40","7","4","32","5","3","6","52","6","199","185","0","0","0","0","0","-600000","5","-100.00","63","-6","0","0","0","","0","0","0","","",""
"080012","0001","0","600000","602000","603000","604000","605000","606000","607000","608000","609000","610000","596000","593000","592000","591000","590000","589000","587000","586000","585000","584000","115","2","3","1","11","19","22","2","3","21","30","2","40","5","4","32","5","3","6","52","199","179","0","0","0","0","0","-600000","5","-100.00","63","0","-6","0","0","","0","0","0","","",""
"080013","0000","0","600000","602000","603000","604000","605000","606000","607000","608000","609000","610000","596000","593000","592000","591000","590000","589000","587000","586000","585000","584000","115","2","3","1","11","19","22","2","3","21","29","2","40","5","4","32","5","3","6","53","199","179","0","0","0","0","0","-600000","5","-100.00","64","0","0","0","0","","0","0","0","","",""
"080013","0001","0","600000","602000","603000","604000","605000","606000","607000","608000","609000","610000","597000","596000","593000","592000","591000","590000","589000","587000","586000","585000","115","2","3","1","11","19","22","2","3","21","2","29","2","40","5","4","32","5","3","6","199","128","0","0","0","0","0","-600000","5","-100.00","64","0","-51","0","0","","0","0","0","","",""
"080013","0002","0","600000","602000","603000","604000","605000","606000","607000","608000","609000","610000","597000","596000","593000","592000","591000","590000","589000","587000","586000","585000","115","2","3","1","11","19","22","2","5","21","2","29","2","40","5","4","32","5","3","6","201","128","0","0","0","0","0","-600000","5","-100.00","64","2","0","0","0","","0","0","0","","",""
"080014","0000","0","599000","600000","602000","603000","604000","605000","606000","607000","608000","609000","597000","596000","592000","591000","590000","589000","587000","586000","585000","584000","1","115","4","3","1","11","19","22","2","5","2","29","40","5","4","32","5","3","6","53","183","179","0","0","0","0","0","-600000","5","-100.00","64","0","51","0","0","","0","0","0","","",""
"080014","0001","0","599000","600000","601000","602000","603000","604000","605000","606000","607000","608000","597000","596000","592000","591000","590000","589000","587000","586000","585000","584000","1","115","150","4","3","1","11","19","22","2","2","29","40","5","4","32","5","3","6","53","328","179","0","0","0","0","0","-600000","5","-100.00","64","145","0","0","0","","0","0","0","","",""
"080014","0002","0","599000","600000","601000","602000","603000","604000","605000","606000","607000","608000","597000","596000","592000","591000","590000","589000","587000","586000","585000","584000","1","117","150","4","3","1","11","19","22","2","2","29","40","5","4","32","5","3","6","53","330","179","0","0","0","0","0","-600000","5","-100.00","64","2","0","0","0","","0","0","0","","",""
"080015","0000","0","599000","600000","601000","602000","603000","604000","605000","606000","607000","608000","597000","596000","592000","591000","590000","589000","587000","586000","585000","584000","1","117","150","4","3","1","11","19","22","2","2","29","40","5","4","32","5","8","6","53","330","184","0","0","0","0","0","-600000","5","-100.00","64","0","5","0","0","","0","0","0","","",""
"080015","0001","0","599000","600000","601000","602000","603000","604000","605000","606000","607000","608000","597000","596000","592000","591000","590000","589000","587000","586000","585000","584000","1","117","150","4","3","1","11","19","22","2","2","29","40","5","4","32","5","8","6","54","330","185","0","0","0","0","0","-600000","5","-100.00","64","0","1","0","0","","0","0","0","","",""
"080016","0000","0","599000","600000","601000","602000","603000","604000","605000","606000","607000","608000","597000","596000","592000","591000","590000","589000","587000","586000","585000","584000","1","118","150","4","3","1","11","19","22","2","2","29","40","5","4","32","5","8","6","54","331","185","0","0","0","0","0","-600000","5","-100.00","64","1","0","0","0","","0","0","0","","",""
"080016","0001","0","599000","600000","601000","602000","603000","604000","605000","606000","607000","608000","597000","596000","592000","591000","590000","589000","587000","586000","585000","584000","1","118","150","4","3","1","11","19","22","2","2","30","40","5","4","32","5","8","6","54","331","186","0","0","0","0","0","-600000","5","-100.00","64","0","1","0","0","","0","0","0","","",""
"080017","0000","0","599000","600000","601000","602000","603000","604000","605000","606000","607000","608000","597000","596000","592000","591000","590000","589000","587000","586000","585000","584000","1","118","150","4","3","1","11","19","22","11","2","30","40","5","4","32","5","8","6","54","340","186","0","0","0","0","0","-600000","5","-100.00","64","9","0","0","0","","0","0","0","","",""
"080017","0001","0","599000","600000","601000","602000","603000","604000","605000","606000","607000","608000","597000","596000","592000","591000","590000","589000","587000","586000","585000","584000","10","118","150","4","3","1","2","19","22","11","2","30","40","5","4","32","6","8","6","54","340","187","0","0","0","0","0","-600000","5","-100.00","64","0","1","0","0","","0","0","0","","",""
"080018","0000","0","597000","599000","600000","601000","602000","603000","604000","605000","606000","607000","596000","592000","591000","590000","589000","587000","586000","585000","584000","583000","7","10","109","150","4","3","1","2","19","22","30","40","5","4","32","6","8","6","54","6","327","191","0","0","0","0","0","-600000","5","-100.00","66","-13","4","0","0","","0","0","0","","",""
"080018","0001","0","597000","599000","600000","601000","602000","603000","604000","605000","606000","607000","596000","593000","592000","591000","590000","589000","587000","586000","585000","584000","7","10","109","150","4","3","1","3","19","22","30","1","40","5","4","32","6","8","7","54","328","187","0","0","0","0","0","-600000","5","-100.00","66","1","-5","0","0","","0","0","0","","",""
"080019","0000","0","597000","599000","600000","601000","602000","603000","604000","605000","606000","607000","596000","595000","593000","592000","591000","590000","589000","587000","586000","585000","7","10","109","150","4","3","1","3","19","22","30","1","1","40","5","4","32","6","8","7","328","134","0","0","0","0","0","-600000","5","-100.00","66","0","-53","0","0","","0","0","0","","",""
"080019","0001","0","597000","599000","600000","601000","602000","603000","604000","605000","606000","607000","596000","595000","593000","592000","591000","590000","589000","587000","586000","585000","7","10","109","150","4","3","1","3","19","22","28","1","1","40","5","4","32","6","8","7","328","132","0","0","0","0","0","-600000","5","-100.00","68","0","-2","0","0","","0","0","0","","",""
"080019","0002","0","596000","597000","599000","600000","601000","602000","603000","604000","605000","606000","595000","593000","592000","591000","590000","589000","587000","586000","585000","584000","46","7","10","109","150","4","3","1","3","19","1","1","40","5","4","32","6","8","7","54","352","158","0","0","0","0","0","-600000","5","-100.00","96","24","26","0","0","","0","0","0","","",""
"080021","0000","0","596000","597000","599000","600000","601000","602000","603000","604000","605000","606000","595000","593000","592000","591000","590000","589000","587000","586000","585000","584000","46","7","13","109","150","4","3","1","3","19","1","1","40","5","6","32","6","8","7","54","355","160","0","0","0","0","0","-600000","5","-100.00","96","3","0","0","0","","0","0","0","","",""
"080021","0001","0","596000","597000","599000","600000","601000","602000","603000","604000","605000","606000","595000","593000","592000","591000","590000","589000","587000","586000","585000","584000","46","7","13","197","150","4","3","1","3","19","1","1","40","5","6","32","6","8","7","54","443","160","0","0","0","0","0","-600000","5","-100.00","96","88","0","0","0","","0","0","0","","",""
"080022","0000","0","596000","597000","599000","600000","601000","602000","603000","604000","605000","606000","595000","593000","592000","591000","590000","589000","587000","586000","585000","584000","46","7","13","197","150","4","3","1","3","19","1","1","40","5","6","32","6","8","7","55","443","161","0","0","0","0","0","-600000","5","-100.00","96","0","1","0","0","","0","0","0","","",""
"080022","0001","0","596000","597000","599000","600000","601000","602000","603000","604000","605000","606000","595000","593000","592000","591000","590000","589000","587000","586000","585000","584000","46","7","13","197","150","4","3","1","3","19","1","1","40","5","12","32","6","8","7","55","443","167","0","0","0","0","0","-600000","5","-100.00","96","0","6","0","0","","0","0","0","","",""
"080022","0002","0","596000","597000","599000","600000","601000","602000","603000","604000","605000","606000","595000","593000","592000","591000","590000","589000","587000","586000","585000","584000","45","7","13","197","150","4","3","1","3","19","1","1","40","5","12","32","6","8","7","55","442","167","0","0","0","0","0","-600000","5","-100.00","97","-1","0","0","0","","0","0","0","","",""
"080023","0000","0","596000","597000","599000","600000","601000","602000","603000","604000","605000","606000","595000","593000","592000","591000","590000","589000","587000","586000","585000","584000","57","7","12","197","150","4","3","1","3","19","1","1","40","5","12","32","6","8","7","55","453","167","0","0","0","0","0","-600000","5","-100.00","97","0","0","0","0","","0","0","0","","",""
"080023","0001","0","596000","597000","599000","600000","601000","602000","603000","604000","605000","606000","595000","593000","592000","591000","590000","589000","587000","586000","585000","584000","54","7","12","197","150","4","3","1","3","19","1","1","40","5","12","32","6","10","7","57","450","171","0","0","0","0","0","-600000","5","-100.00","100","-3","4","0","0","","0","0","0","","",""
"080025","0000","0","596000","597000","599000","600000","601000","602000","603000","604000","605000","606000","595000","593000","592000","591000","590000","589000","587000","586000","585000","584000","54","7","12","200","150","4","3","1","3","19","1","1","40","5","12","32","6","10","10","57","453","174","0","0","0","0","0","-600000","5","-100.00","100","3","0","0","0","","0","0","0","","",""
"080025","0001","0","596000","597000","599000","600000","601000","602000","603000","604000","605000","606000","595000","593000","592000","591000","590000","589000","587000","586000","585000","584000","54","7","12","200","150","4","3","1","3","19","1","2","40","5","12","32","6","10","10","57","453","175","0","0","0","0","0","-600000","5","-100.00","100","0","1","0","0","","0","0","0","","",""
"080026","0000","0","596000","597000","599000","600000","601000","602000","603000","604000","605000","606000","595000","594000","593000","592000","591000","590000","589000","587000","586000","585000","54","7","12","200","150","4","3","1","5","19","1","1","2","40","5","12","32","6","10","10","455","119","0","0","0","0","0","-600000","5","-100.00","100","0","-56","0","0","","0","0","0","","",""
"080026","0001","0","596000","597000","599000","600000","601000","602000","603000","604000","605000","606000","595000","594000","593000","592000","591000","590000","589000","587000","586000","585000","54","7","12","200","150","4","3","1","5","19","1","1","2","40","5","15","32","6","10","10","455","122","0","0","0","0","0","-600000","5","-100.00","100","0","3","0","0","","0","0","0","","",""
"080026","0002","0","596000","597000","599000","600000","601000","602000","603000","604000","605000","606000","595000","594000","593000","592000","591000","590000","589000","587000","586000","585000","54","10","18","200","150","4","3","1","5","19","1","1","2","40","5","15","32","6","10","10","464","122","0","0","0","0","0","-600000","5","-100.00","100","9","0","0","0","","0","0","0","","",""
"080026","0003","0","596000","597000","599000","600000","601000","602000","603000","604000","605000","606000","595000","594000","593000","592000","591000","590000","589000","587000","586000","585000","54","10","18","200","150","4","3","1","5","19","1","1","2","40","5","15","32","6","10","10","464","122","0","0","0","0","0","-600000","5","-100.00","100","0","0","0","0","","0","0","0","","",""
"080026","0004","0","596000","597000","599000","600000","601000","602000","603000","604000","605000","606000","595000","594000","593000","592000","591000","590000","589000","587000","586000","585000","54","10","18","200","150","4","3","1","5","19","1","1","2","40","5","15","32","6","10","30","464","142","0","0","0","0","0","-600000","5","-100.00","100","0","20","0","0","","0","0","0","","",""
"080027","0000","0","596000","597000","599000","600000","601000","602000","603000","604000","605000","606000","595000","594000","593000","592000","591000","590000","589000","587000","586000","585000","55","10","18","200","150","4","3","1","5","19","1","1","2","40","5","15","32","6","10","30","465","142","0","0","0","0","0","-600000","5","-100.00","100","1","0","0","0","","0","0","0","","",""
"080029","0000","0","596000","597000","599000","600000","601000","602000","603000","604000","605000","606000","595000","594000","593000","592000","591000","590000","589000","587000","586000","585000","57","10","18","200","150","4","3","1","5","19","2","1","2","40","5","15","32","6","10","30","467","143","0","0","0","0","0","-600000","5","-100.00","100","2","0","0","0","","0","0","0","","",""
"080029","0001","0","596000","597000","599000","600000","601000","602000","603000","604000","605000","606000","595000","594000","593000","592000","591000","590000","589000","587000","586000","585000","57","27","18","200","150","4","4","1","5","19","2","1","2","40","5","15","32","6","10","30","485","143","0","0","0","0","0","-600000","5","-100.00","100","18","0","0","0","","0","0","0","","",""
"080030","0000","0","596000","597000","599000","600000","601000","602000","603000","604000","605000","606000","595000","594000","593000","592000","591000","590000","589000","587000","586000","585000","57","27","18","200","150","4","4","1","5","19","3","1","2","40","5","15","32","6","10","30","485","144","0","0","0","0","0","-600000","5","-100.00","100","0","1","0","0","","0","0","0","","",""
"080030","0001","0","596000","597000","599000","600000","601000","602000","603000","604000","605000","606000","595000","594000","593000","592000","591000","590000","589000","587000","586000","585000","25","27","18","200","150","4","4","1","5","19","3","1","2","40","5","15","32","6","10","30","453","144","0","0","0","0","0","-600000","5","-100.00","132","-32","0","0","0","","0","0","0","","",""
"080031","0000","0","596000","597000","599000","600000","601000","602000","603000","604000","605000","606000","595000","594000","593000","592000","591000","590000","589000","587000","586000","585000","24","27","18","200","150","4","4","1","5","19","4","1","2","40","5","15","32","6","11","30","452","146","0","0","0","0","0","-600000","5","-100.00","133","-1","1","0","0","","0","0","0","","",""
"080031","0001","0","596000","597000","599000","600000","601000","602000","603000","604000","605000","606000","595000","594000","593000","592000","591000","590000","589000","587000","586000","585000","24","27","18","200","150","4","4","1","5","19","4","2","2","40","5","15","32","6","11","30","452","147","0","0","0","0","0","-600000","5","-100.00","133","0","1","0","0","","0","0","0","","",""
"080031","0002","0","596000","597000","599000","600000","601000","602000","603000","604000","605000","606000","595000","594000","593000","592000","591000","590000","589000","587000","586000","585000","19","27","18","200","150","4","4","1","5","19","4","2","2","40","5","15","32","6","11","30","447","147","0","0","0","0","0","-600000","5","-100.00","138","-5","0","0","0","","0","0","0","","",""
"080031","0003","0","596000","597000","599000","600000","601000","602000","603000","604000","605000","606000","595000","594000","593000","592000","591000","590000","589000","587000","586000","585000","29","27","18","200","150","4","4","1","5","19","4","2","2","40","5","15","32","6","11","30","457","147","0","0","0","0","0","-600000","5","-100.00","138","10","0","0","0","","0","0","0","","",""
"080032","0000","0","596000","597000","599000","600000","601000","602000","603000","604000","605000","606000","595000","594000","593000","592000","591000","590000","589000","587000","586000","585000","29","27","18","200","160","4","4","1","5","19","4","2","2","40","5","15","32","6","11","30","467","147","0","0","0","0","0","-600000","5","-100.00","138","10","0","0","0","","0","0","0","","",""
"080032","0001","0","596000","597000","599000","600000","601000","602000","603000","604000","605000","606000","595000","594000","593000","592000","591000","590000","589000","587000","586000","585000","29","27","18","200","160","4","4","1","5","19","4","3","2","40","5","15","32","6","11","30","467","148","0","0","0","0","0","-600000","5","-100.00","138","0","1","0","0","","0","0","0","","",""
"080032","0002","0","596000","597000","599000","600000","601000","602000","603000","604000","605000","606000","595000","594000","593000","592000","591000","590000","589000","587000","586000","585000","29","27","18","200","160","4","4","1","5","19","4","3","2","40","5","15","32","6","15","30","467","152","0","0","0","0","0","-600000","5","-100.00","138","0","4","0","0","","0","0","0","","",""
"080033","0000","0","596000","597000","599000","600000","601000","602000","603000","604000","605000","606000","595000","594000","593000","592000","591000","590000","589000","587000","586000","585000","39","27","18","202","160","4","4","1","5","19","4","3","2","40","5","15","32","6","15","30","479","152","0","0","0","0","0","-600000","5","-100.00","138","2","0","0","0","","0","0","0","","",""
"080033","0001","0","596000","597000","599000","600000","601000","602000","603000","604000","605000","606000","595000","594000","593000","592000","591000","590000","589000","587000","586000","585000","35","27","18","202","160","4","4","1","5","19","4","3","2","41","5","15","32","6","15","30","475","153","0","0","0","0","0","-600000","5","-100.00","142","-4","0","0","0","","0","0","0","","",""
"080033","0002","0","596000","597000","599000","600000","601000","602000","603000","604000","605000","606000","595000","594000","593000","592000","591000","590000","589000","587000","586000","585000","30","27","18","202","160","4","4","1","5","19","4","3","2","41","5","15","32","6","15","30","470","153","0","0","0","0","0","-600000","5","-100.00","147","-5","0","0","0","","0","0","0","","",""
"080033","0003","0","596000","597000","599000","600000","601000","602000","603000","604000","605000","606000","595000","594000","593000","592000","591000","590000","589000","587000","586000","585000","30","27","18","202","160","4","4","1","105","19","4","3","2","41","5","15","32","6","15","30","570","153","0","0","0","0","0","-600000","5","-100.00","147","100","0","0","0","","0","0","0","","",""
"080033","0004","0","596000","597000","599000","600000","601000","602000","603000","604000","605000","606000","595000","594000","593000","592000","591000","590000","589000","587000","586000","585000","30","27","18","202","161","5","6","4","109","19","4","3","2","41","5","15","32","6","15","30","581","153","0","0","0","0","0","-600000","5","-100.00","147","4","0","0","0","","0","0","0","","",""
"080034","0000","0","596000","597000","599000","600000","601000","602000","603000","604000","605000","606000","595000","594000","593000","592000","591000","590000","589000","587000","586000","585000","32","27","18","200","161","5","6","4","109","19","4","3","2","41","5","15","32","6","15","30","581","153","0","0","0","0","0","-600000","5","-100.00","147","0","0","0","0","","0","0","0","","",""
"080034","0001","0","596000","597000","599000","600000","601000","602000","603000","604000","605000","606000","595000","594000","593000","592000","591000","590000","589000","587000","586000","585000","31","27","18","200","161","5","6","4","109","19","4","3","2","41","5","15","32","6","15","30","580","153","0","0","0","0","0","-600000","5","-100.00","148","-1","0","0","0","","0","0","0","","",""
"080034","0002","0","596000","597000","599000","600000","601000","602000","603000","604000","605000","606000","595000","594000","593000","592000","591000","590000","589000","587000","586000","585000","31","27","18","200","161","5","6","4","109","19","4","3","3","41","5","15","32","6","15","30","580","154","0","0","0","0","0","-600000","5","-100.00","148","0","1","0","0","","0","0","0","","",""
"080035","0000","0","596000","597000","599000","600000","601000","602000","603000","604000","605000","606000","595000","594000","593000","592000","591000","590000","589000","587000","586000","585000","31","27","18","200","161","5","6","5","108","19","4","3","3","41","5","15","32","6","15","30","580","154","0","0","0","0","0","-600000","5","-100.00","148","0","0","0","0","","0","0","0","","",""
"080035","0001","0","596000","597000","599000","600000","601000","602000","603000","604000","605000","606000","595000","594000","593000","592000","591000","590000","589000","587000","586000","585000","31","27","18","200","161","5","6","5","108","19","5","3","3","41","5","16","32","6","15","30","580","156","0","0","0","0","0","-600000","5","-100.00","148","0","1","0","0","","0","0","0","","",""
"080035","0002","0","595000","596000","597000","599000","600000","601000","602000","603000","604000","605000","594000","593000","592000","591000","590000","589000","587000","586000","585000","584000","17","31","27","18","200","161","5","6","5","108","3","3","41","5","16","32","6","15","30","58","578","209","0","0","0","0","0","-600000","5","-100.00","153","-2","53","0","0","","0","0","0","","",""
"080036","0000","0","595000","596000","597000","599000","600000","601000","602000","603000","604000","605000","594000","593000","592000","591000","590000","589000","587000","586000","585000","584000","7","31","27","18","200","161","5","6","5","108","3","3","41","5","16","32","6","15","30","58","568","209","0","0","0","0","0","-600000","5","-100.00","163","-10","0","0","0","","0","0","0","","",""
"080036","0001","0","595000","596000","597000","599000","600000","601000","602000","603000","604000","605000","594000","593000","592000","591000","590000","589000","587000","586000","585000","584000","7","40","27","18","200","161","5","6","5","108","3","3","41","5","16","32","6","15","30","58","577","209","0","0","0","0","0","-600000","5","-100.00","163","9","0","0","0","","0","0","0","","",""
"080036","0002","0","595000","596000","597000","599000","600000","601000","602000","603000","604000","605000","594000","593000","592000","591000","590000","589000","587000","586000","585000","584000","7","40","27","18","200","161","5","6","5","108","3","4","41","5","16","32","6","15","30","58","577","210","0","0","0","0","0","-600000","5","-100.00","163","0","1","0","0","","0","0","0","","",""
"080036","0003","0","595000","596000","597000","599000","600000","601000","602000","603000","604000","605000","594000","593000","592000","591000","590000","589000","587000","586000","585000","584000","7","40","27","18","200","161","5","6","5","108","3","5","41","5","16","32","6","15","30","58","577","211","0","0","0","0","0","-600000","5","-100.00","163","0","1","0","0","","0","0","0","","",""
"080037","0000","0","595000","596000","597000","599000","600000","601000","602000","603000","604000","605000","594000","593000","592000","591000","590000","589000","587000","586000","585000","584000","7","40","27","18","200","161","5","6","5","108","3","5","42","5","16","32","6","15","30","58","577","212","0","0","0","0","0","-600000","5","-100.00","163","0","1","0","0","","0","0","0","","",""
"080037","0001","0","595000","596000","597000","599000","600000","601000","602000","603000","604000","605000","594000","593000","592000","591000","590000","589000","587000","586000","585000","584000","6","50","27","18","200","161","5","6","5","108","3","5","42","5","16","32","6","15","30","58","586","212","0","0","0","0","0","-600000","5","-100.00","164","9","0","0","0","","0","0","0","","",""
"080037","0002","0","595000","596000","597000","599000","600000","601000","602000","603000","604000","605000","594000","593000","592000","591000","590000","589000","587000","586000","585000","584000","6","50","27","18","218","161","5","6","5","108","3","5","42","5","16","32","6","15","30","58","604","212","0","0","0","0","0","-600000","5","-100.00","164","18","0","0","0","","0","0","0","","",""
"080038","0000","0","596000","597000","599000","600000","601000","602000","603000","604000","605000","606000","594000","593000","592000","591000","590000","589000","587000","586000","585000","584000","39","27","18","218","161","5","6","5","108","19","3","5","42","5","16","32","6","15","30","58","606","212","0","0","0","0","0","-600000","5","-100.00","181","2","0","0","0","","0","0","0","","",""
"080038","0001","0","596000","597000","599000","600000","601000","602000","603000","604000","605000","606000","595000","594000","593000","592000","591000","590000","589000","587000","586000","585000","39","27","18","218","161","5","6","5","108","19","1","3","5","42","5","16","32","6","15","30","606","155","0","0","0","0","0","-600000","5","-100.00","181","0","-57","0","0","","0","0","0","","",""
"080039","0000","0","596000","597000","599000","600000","601000","602000","603000","604000","605000","606000","595000","594000","593000","592000","591000","590000","589000","587000","586000","585000","39","27","18","218","161","5","6","5","108","19","1","3","5","42","5","17","32","6","15","30","606","156","0","0","0","0","0","-600000","5","-100.00","181","0","1","0","0","","0","0","0","","",""
"080039","0001","0","596000","597000","599000","600000","601000","602000","603000","604000","605000","606000","595000","594000","593000","592000","591000","590000","589000","587000","586000","585000","39","27","18","218","161","7","6","5","108","19","1","3","5","42","5","17","32","6","15","30","608","156","0","0","0","0","0","-600000","5","-100.00","181","2","0","0","0","","0","0","0","","",""
"080040","0000","0","596000","597000","599000","600000","601000","602000","603000","604000","605000","606000","595000","594000","593000","592000","591000","590000","589000","587000","586000","585000","69","27","18","218","161","7","6","5","108","19","1","3","7","42","5","17","32","6","15","30","638","158","0","0","0","0","0","-600000","5","-100.00","181","30","0","0","0","","0","0","0","","",""
"080041","0000","0","596000","597000","599000","600000","601000","602000","603000","604000","605000","606000","595000","594000","593000","592000","591000","590000","589000","587000","586000","585000","69","27","18","218","161","7","6","5","108","19","1","3","9","42","5","17","31","6","15","73","638","202","0","0","0","0","0","-600000","5","-100.00","181","0","0","0","0","","0","0","0","","",""
"080041","0001","0","595000","596000","597000","599000","600000","601000","602000","603000","604000","605000","594000","593000","592000","591000","590000","589000","587000","586000","585000","584000","27","69","27","18","218","161","7","6","5","108","3","9","42","5","17","31","6","15","73","58","646","259","0","0","0","0","0","-600000","5","-100.00","182","8","57","0","0","","0","0","0","","",""
"080041","0002","0","595000","596000","597000","599000","600000","601000","602000","603000","604000","605000","594000","593000","592000","591000","590000","589000","587000","586000","585000","584000","27","69","27","18","218","161","7","6","5","108","2","10","42","5","17","31","6","15","73","58","646","259","0","0","0","0","0","-600000","5","-100.00","182","0","0","0","0","","0","0","0","","",""
"080042","0000","0","595000","596000","597000","599000","600000","601000","602000","603000","604000","605000","594000","593000","592000","591000","590000","589000","587000","586000","585000","584000","26","69","27","18","218","161","7","6","5","108","2","10","62","5","17","31","6","15","73","58","645","279","0","0","0","0","0","-600000","5","-100.00","183","-1","20","0","0","","0","0","0","","",""
"080042","0001","0","595000","596000","597000","599000","600000","601000","602000","603000","604000","605000","594000","593000","592000","591000","590000","589000","587000","586000","585000","584000","26","69","27","18","218","161","7","6","5","108","2","10","62","5","17","31","6","15","73","57","645","278","0","0","0","0","0","-600000","5","-100.00","183","0","-1","0","0","","0","0","0","","",""
"080042","0002","0","595000","596000","597000","599000","600000","601000","602000","603000","604000","605000","594000","593000","592000","591000","590000","589000","587000","586000","585000","584000","26","69","27","9","218","161","7","6","5","108","2","10","62","5","17","31","6","15","73","57","636","278","0","0","0","0","0","-600000","5","-100.00","183","-9","0","0","0","","0","0","0","","",""
"080043","0000","0","595000","596000","597000","599000","600000","601000","602000","603000","604000","605000","594000","593000","592000","591000","590000","589000","587000","586000","585000","584000","25","69","27","9","218","161","7","6","5","108","2","10","62","5","17","31","6","15","73","57","635","278","0","0","0","0","0","-600000","5","-100.00","184","-1","0","0","0","","0","0","0","","",""
"080044","0000","0","595000","596000","597000","599000","600000","601000","602000","603000","604000","605000","594000","593000","592000","591000","590000","589000","587000","586000","585000","584000","25","69","27","9","218","161","7","6","5","108","2","10","62","5","18","31","6","15","73","57","635","279","0","0","0","0","0","-600000","5","-100.00","184","0","1","0","0","","0","0","0","","",""
"080044","0001","0","595000","596000","597000","599000","600000","601000","602000","603000","604000","605000","594000","593000","592000","591000","590000","589000","587000","586000","585000","584000","25","69","27","9","218","161","7","6","5","108","3","10","62","5","18","31","6","15","73","57","635","280","0","0","0","0","0","-600000","5","-100.00","184","0","1","0","0","","0","0","0","","",""
"080044","0002","0","595000","596000","597000","599000","600000","601000","602000","603000","604000","605000","594000","593000","592000","591000","590000","589000","587000","586000","585000","584000","25","69","27","9","218","161","7","6","5","108","3","10","62","5","18","31","6","20","74","57","635","286","0","0","0","0","0","-600000","5","-100.00","184","0","5","0","0","","0","0","0","","",""
"080044","0003","0","595000","596000","597000","599000","600000","601000","602000","603000","604000","605000","594000","593000","592000","591000","590000","589000","587000","586000","585000","584000","34","60","27","9","218","161","7","6","5","108","3","10","62","5","18","31","6","20","74","57","635","286","0","0","0","0","0","-600000","5","-100.00","184","0","0","0","0","","0","0","0","","",""
"080045","0000","0","595000","596000","597000","599000","600000","601000","602000","603000","604000","605000","594000","593000","592000","591000","590000","589000","587000","586000","585000","584000","64","30","27","9","218","161","7","6","5","108","3","10","62","5","18","31","6","20","74","57","635","286","0","0","0","0","0","-600000","5","-100.00","184","0","0","0","0","","0","0","0","","",""
"080045","0001","0","595000","596000","597000","599000","600000","601000","602000","603000","604000","605000","594000","593000","592000","591000","590000","589000","587000","586000","585000","584000","50","30","27","9","218","161","7","6","5","108","3","10","62","5","18","31","6","20","74","57","621","286","0","0","0","0","0","-600000","5","-100.00","198","-14","0","0","0","","0","0","0","","",""
"080046","0000","0","595000","596000","597000","599000","600000","601000","602000","603000","604000","605000","594000","593000","592000","591000","590000","589000","587000","586000","585000","584000","50","30","27","9","218","161","7","6","5","108","3","10","62","5","18","31","6","20","79","57","621","291","0","0","0","0","0","-600000","5","-100.00","198","0","5","0","0","","0","0","0","","",""
"080046","0001","0","595000","596000","597000","599000","600000","601000","602000","603000","604000","605000","594000","593000","592000","591000","590000","589000","587000","586000","585000","584000","149","30","27","9","218","161","7","6","5","108","3","10","62","5","18","31","6","20","79","57","720","291","0","0","0","0","0","-600000","5","-100.00","199","100","0","0","0","","0","0","0","","",""
"080047","0000","0","595000","596000","597000","599000","600000","601000","602000","603000","604000","605000","594000","593000","592000","591000","590000","589000","587000","586000","585000","584000","160","30","27","9","218","161","7","6","5","108","3","10","62","5","18","31","6","20","79","57","731","291","0","0","0","0","0","-600000","5","-100.00","199","11","0","0","0","","0","0","0","","",""
"080048","0000","0","595000","596000","597000","599000","600000","601000","602000","603000","604000","605000","594000","593000","592000","591000","590000","589000","587000","586000","585000","584000","160","30","27","9","218","161","7","6","5","108","21","10","62","5","18","31","6","20","79","57","731","309","0","0","0","0","0","-600000","5","-100.00","199","0","18","0","0","","0","0","0","","",""
"080048","0001","0","595000","596000","597000","599000","600000","601000","602000","603000","604000","605000","594000","593000","592000","591000","590000","589000","587000","586000","585000","584000","160","30","27","9","218","161","7","6","5","108","30","10","62","5","18","31","6","20","79","57","731","318","0","0","0","0","0","-600000","5","-100.00","199","0","9","0","0","","0","0","0","","",""
"080049","0000","0","595000","596000","597000","599000","600000","601000","602000","603000","604000","605000","594000","593000","592000","591000","590000","589000","587000","586000","585000","584000","210","30","27","9","218","161","7","6","5","108","30","10","62","5","18","31","6","20","79","57","781","318","0","0","0","0","0","-600000","5","-100.00","199","50","0","0","0","","0","0","0","","",""
"080050","0000","0","595000","596000","597000","599000","600000","601000","602000","603000","604000","605000","594000","593000","592000","591000","590000","589000","587000","586000","585000","584000","210","30","27","9","218","161","7","6","5","108","30","10","62","5","18","31","9","20","79","57","781","321","0","0","0","0","0","-600000","5","-100.00","199","0","3","0","0","","0","0","0","","",""
"080050","0001","0","595000","596000","597000","599000","600000","601000","602000","603000","604000","605000","594000","593000","592000","591000","590000","589000","587000","586000","585000","584000","210","30","27","9","218","161","7","6","5","108","30","20","62","5","18","31","9","20","79","57","781","331","0","0","0","0","0","-600000","5","-100.00","199","0","10","0","0","","0","0","0","","",""
"080051","0000","0","595000","596000","597000","599000","600000","601000","602000","603000","604000","605000","594000","593000","592000","591000","590000","589000","587000","586000","585000","584000","210","47","10","9","218","161","7","6","5","108","30","20","62","5","18","31","9","20","79","57","781","331","0","0","0","0","0","-600000","5","-100.00","199","0","0","0","0","","0","0","0","","",""
"080052","0000","0","595000","596000","597000","599000","600000","601000","602000","603000","604000","605000","594000","593000","592000","591000","590000","589000","587000","586000","585000","584000","207","47","10","9","218","161","7","6","5","108","30","20","62","5","18","31","9","20","79","57","778","331","0","0","0","0","0","-600000","5","-100.00","202","-3","0","0","0","","0","0","0","","",""
"080053","0000","0","595000","596000","597000","599000","600000","601000","602000","603000","604000","605000","594000","593000","592000","591000","590000","589000","587000","586000","585000","584000","206","37","10","9","218","161","7","6","5","108","30","20","62","5","18","31","9","20","79","57","767","331","0","0","0","0","0","-600000","5","-100.00","203","-1","0","0","0","","0","0","0","","",""
"080053","0001","0","595000","596000","597000","599000","600000","601000","602000","603000","604000","605000","594000","593000","592000","591000","590000","589000","587000","586000","585000","584000","206","37","10","9","218","161","7","6","5","108","30","20","62","5","18","31","10","20","79","58","767","333","0","0","0","0","0","-600000","5","-100.00","203","0","2","0","0","","0","0","0","","",""
"080053","0002","0","595000","596000","597000","599000","600000","601000","602000","603000","604000","605000","594000","593000","592000","591000","590000","589000","587000","586000","585000","584000","208","35","10","9","218","161","7","6","5","108","30","20","62","5","18","31","10","20","79","58","767","333","0","0","0","0","0","-600000","5","-100.00","204","0","0","0","0","","0","0","0","","",""
"080054","0000","0","595000","596000","597000","599000","600000","601000","602000","603000","604000","605000","594000","593000","592000","591000","590000","589000","587000","586000","585000","584000","208","35","10","9","218","161","7","6","5","108","30","20","62","5","18","31","10","20","79","58","767","333","0","0","0","0","0","-600000","5","-100.00","204","0","0","0","0","","0","0","0","","",""
"080054","0001","0","595000","596000","597000","599000","600000","601000","602000","603000","604000","605000","594000","593000","592000","591000","590000","589000","587000","586000","585000","584000","212","35","10","9","218","161","7","6","5","108","30","20","62","5","21","31","10","20","79","58","771","336","0","0","0","0","0","-600000","5","-100.00","204","4","0","0","0","","0","0","0","","",""
"080054","0002","0","595000","596000","597000","599000","600000","601000","602000","603000","604000","605000","594000","593000","592000","591000","590000","589000","588000","587000","586000","585000","211","35","10","9","218","161","7","6","5","108","31","20","62","6","21","31","5","10","20","79","770","285","0","0","0","0","0","-600000","5","-100.00","205","0","2","0","0","","0","0","0","","",""
"080055","0000","0","595000","596000","597000","599000","600000","601000","602000","603000","604000","605000","594000","593000","592000","591000","590000","589000","588000","587000","586000","585000","211","35","10","9","218","161","7","6","5","108","31","20","62","6","21","35","5","15","20","79","770","294","0","0","0","0","0","-600000","5","-100.00","205","0","3","0","0","","0","0","0","","",""
"080055","0001","0","595000","596000","597000","599000","600000","601000","602000","603000","604000","605000","594000","593000","592000","591000","590000","589000","588000","587000","586000","585000","211","35","10","9","218","161","7","6","5","108","31","20","62","9","21","35","5","15","20","79","770","297","0","0","0","0","0","-600000","5","-100.00","205","0","3","0","0","","0","0","0","","",""
"080055","0002","0","595000","596000","597000","599000","600000","601000","602000","603000","604000","605000","594000","593000","592000","591000","590000","589000","588000","587000","586000","585000","211","35","10","9","218","161","7","6","5","108","31","20","62","12","21","35","5","15","20","79","770","300","0","0","0","0","0","-600000","5","-100.00","205","0","3","0","0","","0","0","0","","",""
"080055","0003","0","595000","596000","597000","599000","600000","601000","602000","603000","604000","605000","594000","593000","592000","591000","590000","589000","588000","587000","586000","585000","210","35","10","9","218","161","7","6","5","108","32","20","62","12","21","35","5","15","20","79","769","301","0","0","0","0","0","-600000","5","-100.00","206","-1","0","0","0","","0","0","0","","",""
"080056","0000","0","595000","596000","597000","599000","600000","601000","602000","603000","604000","605000","594000","593000","592000","591000","590000","589000","588000","587000","586000","585000","243","35","10","9","218","161","7","6","5","108","32","20","62","12","21","35","5","15","20","79","802","301","0","0","0","0","0","-600000","5","-100.00","206","33","0","0","0","","0","0","0","","",""
"080056","0001","0","595000","596000","597000","599000","600000","601000","602000","603000","604000","605000","594000","593000","592000","591000","590000","589000","588000","587000","586000","585000","243","35","10","9","218","161","7","6","5","108","32","20","62","12","21","40","5","15","20","79","802","306","0","0","0","0","0","-600000","5","-100.00","206","0","5","0","0","","0","0","0","","",""
"080056","0002","0","595000","596000","597000","599000","600000","601000","602000","603000","604000","605000","594000","593000","592000","591000","590000","589000","588000","587000","586000","585000","242","35","10","9","218","161","7","6","5","108","32","20","62","12","21","40","5","15","20","79","801","306","0","0","0","0","0","-600000","5","-100.00","207","-1","0","0","0","","0","0","0","","",""
"080056","0003","0","595000","596000","597000","599000","600000","601000","602000","603000","604000","605000","594000","593000","592000","591000","590000","589000","588000","587000","586000","585000","242","35","10","9","218","161","7","6","5","108","52","20","62","12","21","40","5","15","20","79","801","326","0","0","0","0","0","-600000","5","-100.00","207","0","20","0","0","","0","0","0","","",""
"080057","0000","0","595000","596000","597000","599000","600000","601000","602000","603000","604000","605000","594000","593000","592000","591000","590000","589000","588000","587000","586000","585000","242","35","10","9","218","161","7","6","5","108","52","20","62","12","21","40","5","15","20","80","801","327","0","0","0","0","0","-600000","5","-100.00","207","0","1","0","0","","0","0","0","","",""
"080057","0001","0","595000","596000","597000","599000","600000","601000","602000","603000","604000","605000","594000","593000","592000","591000","590000","589000","588000","587000","586000","585000","241","35","10","9","218","161","7","6","5","108","52","20","62","12","21","40","5","15","20","80","800","327","0","0","0","0","0","-600000","5","-100.00","208","-1","0","0","0","","0","0","0","","",""
"080057","0002","0","595000","596000","597000","599000","600000","601000","602000","603000","604000","605000","594000","593000","592000","591000","590000","589000","588000","587000","586000","585000","241","35","10","9","218","161","7","6","5","108","52","20","62","12","21","40","5","15","20","80","800","327","0","0","0","0","0","-600000","5","-100.00","208","0","0","0","0","","0","0","0","","",""
"080058","0000","0","595000","596000","597000","599000","600000","601000","602000","603000","604000","605000","594000","593000","592000","591000","590000","589000","588000","587000","586000","585000","32","35","10","9","218","161","7","6","5","108","22","20","62","12","21","40","5","15","20","80","591","297","0","0","0","0","0","-600000","5","-100.00","417","-209","-30","0","0","","0","0","0","","",""
"080058","0001","0","596000","597000","599000","600000","601000","602000","603000","604000","605000","606000","594000","593000","592000","591000","590000","589000","588000","587000","586000","585000","35","10","9","218","161","7","6","5","108","20","23","20","62","12","21","40","5","15","20","80","579","298","0","0","0","0","0","-600000","5","-100.00","449","-12","1","0","0","","0","0","0","","",""
"080058","0002","0","596000","597000","599000","600000","601000","602000","603000","604000","605000","606000","594000","593000","592000","591000","590000","589000","588000","587000","586000","585000","35","10","9","218","161","7","6","5","108","20","23","20","62","12","21","40","5","15","20","81","579","299","0","0","0","0","0","-600000","5","-100.00","449","0","1","0","0","","0","0","0","","",""
"080059","0000","0","596000","597000","599000","600000","601000","602000","603000","604000","605000","606000","594000","593000","592000","591000","590000","589000","588000","587000","586000","585000","35","10","9","218","161","7","6","5","108","20","23","20","62","12","21","40","5","15","20","39","579","257","0","0","0","0","0","-600000","5","-100.00","459","0","-42","0","0","","0","0","0","","",""
"080059","0001","0","594000","596000","597000","599000","600000","601000","602000","603000","604000","605000","593000","592000","591000","590000","589000","588000","587000","586000","585000","584000","26","35","10","9","218","161","7","6","5","108","20","62","12","21","40","5","15","20","39","7","585","241","0","0","0","0","0","-600000","5","-100.00","482","6","-16","0","0","","0","0","0","","",""
"080059","0002","0","594000","596000","597000","599000","600000","601000","602000","603000","604000","605000","593000","592000","591000","590000","589000","588000","587000","586000","585000","584000","33","35","3","9","218","161","7","6","5","108","20","62","12","21","40","5","15","20","39","7","585","241","0","0","0","0","0","-600000","5","-100.00","482","0","0","0","0","","0","0","0","","",""
"080100","0000","0","594000","596000","597000","599000","600000","601000","602000","603000","604000","605000","593000","592000","591000","590000","589000","588000","587000","586000","585000","584000","33","35","3","10","218","161","7","6","5","108","20","62","12","21","40","5","15","20","39","7","586","241","0","0","0","0","0","-600000","5","-100.00","482","1","0","0","0","","0","0","0","","",""
"080100","0001","0","594000","596000","597000","599000","600000","601000","602000","603000","604000","605000","593000","592000","591000","590000","589000","588000","587000","586000","585000","584000","33","35","3","10","218","161","7","6","5","228","20","62","12","21","40","15","15","20","39","7","706","251","0","0","0","0","0","-600000","5","-100.00","482","0","10","0","0","","0","0","0","","",""
"080100","0002","0","594000","595000","596000","597000","599000","600000","601000","602000","603000","604000","593000","592000","591000","590000","589000","588000","587000","586000","585000","584000","30","2","35","3","10","218","161","7","6","5","20","62","12","21","40","15","15","21","39","7","477","252","0","0","0","0","0","-600000","5","-100.00","485","-229","1","0","0","","0","0","0","","",""
"080100","0003","0","594000","595000","596000","597000","599000","600000","601000","602000","603000","604000","593000","592000","591000","590000","589000","588000","587000","586000","585000","584000","30","2","35","3","10","218","161","7","6","5","20","62","12","21","40","15","15","21","40","7","477","253","0","0","0","0","0","-600000","5","-100.00","485","0","1","0","0","","0","0","0","","",""
"080100","0004","0","594000","595000","596000","597000","599000","600000","601000","602000","603000","604000","593000","592000","591000","590000","589000","588000","587000","586000","585000","584000","30","20","35","3","10","200","161","7","6","5","20","62","12","21","40","15","15","21","40","7","477","253","0","0","0","0","0","-600000","5","-100.00","485","0","0","0","0","","0","0","0","","",""
"080101","0000","0","594000","595000","596000","597000","599000","600000","601000","602000","603000","604000","593000","592000","591000","590000","589000","588000","587000","586000","585000","584000","29","20","35","3","10","200","161","7","6","5","20","62","12","121","40","15","15","21","40","7","476","353","0","0","0","0","0","-600000","5","-100.00","486","-1","100","0","0","","0","0","0","","",""
"080101","0001","0","594000","595000","596000","597000","599000","600000","601000","602000","603000","604000","593000","592000","591000","590000","589000","588000","587000","586000","585000","584000","29","20","35","3","10","200","161","7","6","5","20","62","12","121","41","15","15","21","40","7","476","354","0","0","0","0","0","-600000","5","-100.00","486","0","1","0","0","","0","0","0","","",""
"080102","0000","0","594000","595000","596000","597000","599000","600000","601000","602000","603000","604000","593000","592000","591000","590000","589000","588000","587000","586000","585000","584000","29","20","35","3","10","200","161","7","6","5","20","63","12","121","41","15","15","21","40","7","476","355","0","0","0","0","0","-600000","5","-100.00","486","0","1","0","0","","0","0","0","","",""
"080102","0001","0","594000","595000","596000","597000","599000","600000","601000","602000","603000","604000","593000","592000","591000","590000","589000","588000","587000","586000","585000","584000","39","20","35","3","10","200","161","7","6","5","20","63","12","121","41","15","15","21","40","7","486","355","0","0","0","0","0","-600000","5","-100.00","497","10","0","0","0","","0","0","0","","",""
"080102","0002","0","594000","595000","596000","597000","599000","600000","601000","602000","603000","604000","593000","592000","591000","590000","589000","588000","587000","586000","585000","584000","39","20","35","3","10","200","161","7","6","5","20","63","13","121","41","15","15","21","40","7","486","356","0","0","0","0","0","-600000","5","-100.00","497","0","1","0","0","","0","0","0","","",""
"080103","0000","0","594000","595000","596000","597000","599000","600000","601000","602000","603000","604000","593000","592000","591000","590000","589000","588000","587000","586000","585000","584000","38","20","35","3","10","200","161","7","6","5","20","63","13","121","41","15","15","21","40","7","485","356","0","0","0","0","0","-600000","5","-100.00","498","-1","0","0","0","","0","0","0","","",""
"080103","0001","0","594000","595000","596000","597000","599000","600000","601000","602000","603000","604000","593000","592000","591000","590000","589000","588000","587000","586000","585000","584000","36","20","35","3","10","200","161","7","6","5","16","63","13","121","41","15","15","21","40","7","483","352","0","0","0","0","0","-600000","5","-100.00","504","-2","-4","0","0","","0","0","0","","",""
"080104","0000","0","594000","595000","596000","597000","599000","600000","601000","602000","603000","604000","593000","592000","591000","590000","589000","588000","587000","586000","585000","584000","36","20","35","3","10","200","161","7","6","5","17","63","13","121","41","15","15","21","40","7","483","353","0","0","0","0","0","-600000","5","-100.00","504","0","1","0","0","","0","0","0","","",""
"080105","0000","0","594000","595000","596000","597000","599000","600000","601000","602000","603000","604000","593000","592000","591000","590000","589000","588000","587000","586000","585000","584000","34","20","35","3","10","200","161","7","6","5","19","64","13","121","41","15","15","21","40","7","481","356","0","0","0","0","0","-600000","5","-100.00","506","0","1","0","0","","0","0","0","","",""
"080105","0001","0","594000","595000","596000","597000","599000","600000","601000","602000","603000","604000","593000","592000","591000","590000","589000","588000","587000","586000","585000","584000","33","20","35","3","10","200","161","7","6","5","19","64","13","121","41","15","15","21","40","7","480","356","0","0","0","0","0","-600000","5","-100.00","507","-1","0","0","0","","0","0","0","","",""
"080106","0000","0","593000","594000","595000","596000","597000","599000","600000","601000","602000","603000","592000","591000","590000","589000","588000","587000","586000","585000","584000","583000","11","33","20","35","3","10","200","161","7","6","64","13","121","41","15","15","21","40","7","8","486","345","0","0","0","0","0","-600000","5","-100.00","526","6","-11","0","0","","0","0","0","","",""
"080339","0000","0","599000","600000","601000","602000","603000","604000","605000","606000","607000","608000","598000","597000","596000","595000","594000","593000","592000","591000","590000","589000","33","236","162","41","1275","54","240","21","28","108","63","76","166","209","101","114","398","103","171","110","2198","1511","0","0","0","0","0","-600000","5","-100.00","1289","0","10","0","0","","0","0","0","","",""
"080339","0001","0","598000","599000","600000","601000","602000","603000","604000","605000","606000","607000","597000","596000","595000","594000","593000","592000","591000","590000","589000","588000","39","85","236","162","46","1275","54","240","21","28","76","166","209","101","114","398","103","171","110","64","2186","1512","0","0","0","0","0","-600000","5","-100.00","1352","-17","1","0","0","","0","0","0","","",""
"080340","0000","0","598000","599000","600000","601000","602000","603000","604000","605000","606000","607000","597000","596000","595000","594000","593000","592000","591000","590000","589000","588000","25","85","236","162","46","1275","54","240","21","28","76","166","209","101","114","398","103","171","110","64","2172","1512","0","0","0","0","0","-600000","5","-100.00","1366","-4","0","0","0","","0","0","0","","",""
"080341","0000","0","598000","599000","600000","601000","602000","603000","604000","605000","606000","607000","597000","596000","595000","594000","593000","592000","591000","590000","589000","588000","25","85","236","162","52","1275","54","240","21","28","78","166","209","101","114","398","103","171","110","64","2178","1514","0","0","0","0","0","-600000","5","-100.00","1366","6","0","0","0","","0","0","0","","",""
"080341","0001","0","598000","599000","600000","601000","602000","603000","604000","605000","606000","607000","597000","596000","595000","594000","593000","592000","591000","590000","589000","588000","25","85","236","162","52","1275","54","240","21","28","78","166","209","101","114","404","103","171","110","64","2178","1520","0","0","0","0","0","-600000","5","-100.00","1366","0","6","0","0","","0","0","0","","",""
"080341","0002","0","598000","599000","600000","601000","602000","603000","604000","605000","606000","607000","597000","596000","595000","594000","593000","592000","591000","590000","589000","588000","24","85","236","162","52","1275","54","240","21","28","78","166","209","101","114","404","103","171","110","64","2177","1520","0","0","0","0","0","-600000","5","-100.00","1367","-1","0","0","0","","0","0","0","","",""
"080342","0000","0","598000","599000","600000","601000","602000","603000","604000","605000","606000","607000","597000","596000","595000","594000","593000","592000","591000","590000","589000","588000","24","100","221","162","52","1275","54","240","21","28","78","166","209","101","114","404","103","171","110","64","2177","1520","0","0","0","0","0","-600000","5","-100.00","1367","0","0","0","0","","0","0","0","","",""
"080342","0001","0","598000","599000","600000","601000","602000","603000","604000","605000","606000","607000","597000","596000","595000","594000","593000","592000","591000","590000","589000","588000","24","100","221","162","52","1275","54","240","21","28","78","166","209","102","114","404","103","171","110","64","2177","1521","0","0","0","0","0","-600000","5","-100.00","1367","0","1","0","0","","0","0","0","","",""
"080342","0002","0","598000","599000","600000","601000","602000","603000","604000","605000","606000","607000","597000","596000","595000","594000","593000","592000","591000","590000","589000","588000","24","100","221","162","52","1275","54","240","21","28","78","166","209","102","115","403","103","171","110","64","2177","1521","0","0","0","0","0","-600000","5","-100.00","1367","0","0","0","0","","0","0","0","","",""
"080342","0003","0","598000","599000","600000","601000","602000","603000","604000","605000","606000","607000","597000","596000","595000","594000","593000","592000","591000","590000","589000","588000","24","101","221","162","52","1275","54","240","21","28","78","166","209","102","115","403","103","171","110","64","2178","1521","0","0","0","0","0","-600000","5","-100.00","1367","1","0","0","0","","0","0","0","","",""
"080343","0000","0","597000","598000","599000","600000","601000","602000","603000","604000","605000","606000","596000","595000","594000","593000","592000","591000","590000","589000","588000","587000","39","24","90","221","162","52","1275","54","240","21","166","209","102","115","403","103","171","110","64","43","2178","1486","0","0","0","0","0","-600000","5","-100.00","1445","0","-35","0","0","","0","0","0","","",""
"080343","0001","0","597000","598000","599000","600000","601000","602000","603000","604000","605000","606000","596000","595000","594000","593000","592000","591000","590000","589000","588000","587000","39","34","90","221","162","52","1275","54","240","21","166","209","102","115","403","103","171","110","64","43","2188","1486","0","0","0","0","0","-600000","5","-100.00","1445","10","0","0","0","","0","0","0","","",""
"080343","0002","0","597000","598000","599000","600000","601000","602000","603000","604000","605000","606000","596000","595000","594000","593000","592000","591000","590000","589000","588000","587000","29","34","90","221","162","52","1275","54","240","21","166","209","102","115","403","103","171","110","64","43","2178","1486","0","0","0","0","0","-600000","5","-100.00","1455","-10","0","0","0","","0","0","0","","",""
"080343","0003","0","597000","598000","599000","600000","601000","602000","603000","604000","605000","606000","596000","595000","594000","593000","592000","591000","590000","589000","588000","587000","2","21","91","221","162","52","1275","54","240","21","166","209","102","115","403","103","171","110","64","43","2139","1486","0","0","0","0","0","-600000","5","-100.00","1465","1","0","0","0","","0","0","0","","",""
"080344","0000","0","597000","598000","599000","600000","601000","602000","603000","604000","605000","606000","596000","595000","594000","593000","592000","591000","590000","589000","588000","587000","2","22","91","221","162","52","1275","54","240","21","166","209","102","115","403","103","171","110","64","43","2140","1486","0","0","0","0","0","-600000","5","-100.00","1465","1","0","0","0","","0","0","0","","",""
"080344","0001","0","598000","599000","600000","601000","602000","603000","604000","605000","606000","607000","596000","595000","594000","593000","592000","591000","590000","589000","588000","587000","13","91","221","162","52","1275","54","240","21","28","166","154","102","115","403","103","171","110","64","43","2157","1431","0","0","0","0","0","-600000","5","-100.00","1520","17","-55","0","0","","0","0","0","","",""
"080345","0000","0","598000","599000","600000","601000","602000","603000","604000","605000","606000","607000","596000","595000","594000","593000","592000","591000","590000","589000","588000","587000","13","91","221","162","52","1275","54","240","21","29","166","154","102","115","403","103","171","110","64","43","2158","1431","0","0","0","0","0","-600000","5","-100.00","1520","1","0","0","0","","0","0","0","","",""
"080346","0000","0","598000","599000","600000","601000","602000","603000","604000","605000","606000","607000","596000","595000","594000","593000","592000","591000","590000","589000","588000","587000","24","91","221","162","52","1275","54","240","21","29","166","154","102","115","403","103","171","110","64","43","2169","1431","0","0","0","0","0","-600000","5","-100.00","1520","11","0","0","0","","0","0","0","","",""
"080346","0001","0","597000","598000","599000","600000","601000","602000","603000","604000","605000","606000","596000","595000","594000","593000","592000","591000","590000","589000","588000","587000","11","26","91","221","162","52","1275","54","240","21","166","154","102","115","403","103","171","110","64","43","2153","1431","0","0","0","0","0","-600000","5","-100.00","1520","-16","0","0","0","","0","0","0","","",""
"080346","0002","0","597000","598000","599000","600000","601000","602000","603000","604000","605000","606000","596000","595000","594000","593000","592000","591000","590000","589000","588000","587000","11","13","91","221","162","52","1275","54","240","21","166","154","102","115","403","103","171","110","74","43","2140","1441","0","0","0","0","0","-600000","5","-100.00","1520","-13","10","0","0","","0","0","0","","",""
"080347","0000","0","597000","598000","599000","600000","601000","602000","603000","604000","605000","606000","596000","595000","594000","593000","592000","591000","590000","589000","588000","587000","11","13","91","221","162","52","1275","54","240","21","166","154","102","115","403","104","171","110","74","43","2140","1442","0","0","0","0","0","-600000","5","-100.00","1520","0","1","0","0","","0","0","0","","",""
"080348","0000","0","597000","598000","599000","600000","601000","602000","603000","604000","605000","606000","596000","595000","594000","593000","592000","591000","590000","589000","588000","587000","11","48","91","221","162","52","1275","54","240","21","166","154","102","115","403","104","171","110","74","43","2175","1442","0","0","0","0","0","-600000","5","-100.00","1520","35","0","0","0","","0","0","0","","",""
"080348","0001","0","597000","598000","599000","600000","601000","602000","603000","604000","605000","606000","596000","595000","594000","593000","592000","591000","590000","589000","588000","587000","11","53","91","221","162","52","1275","54","240","21","166","154","102","115","403","104","171","110","74","43","2180","1442","0","0","0","0","0","-600000","5","-100.00","1520","5","0","0","0","","0","0","0","","",""
"080349","0000","0","597000","598000","599000","600000","601000","602000","603000","604000","605000","606000","596000","595000","594000","593000","592000","591000","590000","589000","588000","587000","17","53","91","221","162","52","1275","54","240","21","162","154","102","115","407","104","171","110","74","43","2186","1442","0","0","0","0","0","-600000","5","-100.00","1540","0","0","0","0","","0","0","0","","",""
"080350","0000","0","597000","598000","599000","600000","601000","602000","603000","604000","605000","606000","596000","595000","594000","593000","592000","591000","590000","589000","588000","587000","17","53","91","221","162","52","1275","54","240","21","163","154","102","115","407","104","171","110","74","43","2186","1443","0","0","0","0","0","-600000","5","-100.00","1540","0","1","0","0","","0","0","0","","",""
"080351","0000","0","597000","598000","599000","600000","601000","602000","603000","604000","605000","606000","596000","595000","594000","593000","592000","591000","590000","589000","588000","587000","17","53","91","221","162","52","1275","54","240","21","163","154","103","115","407","104","171","110","74","43","2186","1444","0","0","0","0","0","-600000","5","-100.00","1540","0","1","0","0","","0","0","0","","",""
"080351","0001","0","597000","598000","599000","600000","601000","602000","603000","604000","605000","606000","596000","595000","594000","593000","592000","591000","590000","589000","588000","587000","17","53","91","221","162","52","1275","54","240","21","173","154","103","115","407","104","171","110","74","43","2186","1454","0","0","0","0","0","-600000","5","-100.00","1540","0","10","0","0","","0","0","0","","",""
"080351","0002","0","597000","598000","599000","600000","601000","602000","603000","604000","605000","606000","596000","595000","594000","593000","592000","591000","590000","589000","588000","587000","17","123","92","221","162","51","1275","54","240","21","173","154","103","115","407","104","171","110","74","43","2256","1454","0","0","0","0","0","-600000","5","-100.00","1540","0","0","0","0","","0","0","0","","",""
"080351","0003","0","597000","598000","599000","600000","601000","602000","603000","604000","605000","606000","596000","595000","594000","593000","592000","591000","590000","589000","588000","587000","17","123","92","221","162","51","1275","54","240","21","173","154","103","115","407","104","181","110","74","43","2256","1464","0","0","0","0","0","-600000","5","-100.00","1540","0","10","0","0","","0","0","0","","",""
"080352","0000","0","597000","598000","599000","600000","601000","602000","603000","604000","605000","606000","596000","595000","594000","593000","592000","591000","590000","589000","588000","587000","17","123","94","221","162","51","1275","54","240","21","173","154","103","115","407","104","181","110","74","43","2258","1464","0","0","0","0","0","-600000","5","-100.00","1540","2","0","0","0","","0","0","0","","",""
"080352","0001","0","597000","598000","599000","600000","601000","602000","603000","604000","605000","606000","596000","595000","594000","593000","592000","591000","590000","589000","588000","587000","17","123","96","221","162","51","1275","54","240","21","173","154","103","115","407","104","181","110","74","43","2260","1464","0","0","0","0","0","-600000","5","-100.00","1540","2","0","0","0","","0","0","0","","",""
"080353","0000","0","597000","598000","599000","600000","601000","602000","603000","604000","605000","606000","596000","595000","594000","593000","592000","591000","590000","589000","588000","587000","17","123","96","221","162","51","1275","54","240","21","173","155","103","115","407","104","181","110","74","43","2260","1465","0","0","0","0","0","-600000","5","-100.00","1540","0","1","0","0","","0","0","0","","",""
"080353","0001","0","597000","598000","599000","600000","601000","602000","603000","604000","605000","606000","596000","595000","594000","593000","592000","591000","590000","589000","588000","587000","17","123","96","221","163","51","1275","54","240","21","173","155","103","115","407","104","181","110","74","43","2261","1465","0","0","0","0","0","-600000","5","-100.00","1540","1","0","0","0","","0","0","0","","",""
"080355","0000","0","597000","598000","599000","600000","601000","602000","603000","604000","605000","606000","596000","595000","594000","593000","592000","591000","590000","589000","588000","587000","17","123","96","221","163","51","1275","54","240","21","173","155","103","116","407","104","181","110","74","43","2261","1466","0","0","0","0","0","-600000","5","-100.00","1540","0","1","0","0","","0","0","0","","",""
"080355","0001","0","597000","598000","599000","600000","601000","602000","603000","604000","605000","606000","596000","595000","594000","593000","592000","591000","590000","589000","588000","587000","18","123","96","221","163","51","1275","54","240","21","173","155","103","116","403","104","181","110","74","47","2262","1466","0","0","0","0","0","-600000","5","-100.00","1540","0","0","0","0","","0","0","0","","",""
"080355","0002","0","597000","598000","599000","600000","601000","602000","603000","604000","605000","606000","596000","595000","594000","593000","592000","591000","590000","589000","588000","587000","18","123","96","221","163","51","1275","54","240","21","173","255","103","116","403","104","181","110","74","47","2262","1566","0","0","0","0","0","-600000","5","-100.00","1540","0","100","0","0","","0","0","0","","",""
"080356","0000","0","597000","598000","599000","600000","601000","602000","603000","604000","605000","606000","596000","595000","594000","593000","592000","591000","590000","589000","588000","587000","18","123","96","221","163","51","1275","54","240","21","173","255","103","116","404","104","181","110","74","47","2262","1567","0","0","0","0","0","-600000","5","-100.00","1540","0","1","0","0","","0","0","0","","",""
"080356","0001","0","597000","598000","599000","600000","601000","602000","603000","604000","605000","606000","596000","595000","594000","593000","592000","591000","590000","589000","588000","587000","17","123","96","221","163","51","1275","54","240","21","173","255","103","116","404","104","181","110","74","47","2261","1567","0","0","0","0","0","-600000","5","-100.00","1541","-1","0","0","0","","0","0","0","","",""
"080356","0002","0","597000","598000","599000","600000","601000","602000","603000","604000","605000","606000","596000","595000","594000","593000","592000","591000","590000","589000","588000","587000","19","123","96","221","163","51","1275","54","240","21","173","255","103","116","404","104","181","110","74","47","2263","1567","0","0","0","0","0","-600000","5","-100.00","1542","3","0","0","0","","0","0","0","","",""
"080356","0003","0","597000","598000","599000","600000","601000","602000","603000","604000","605000","606000","596000","595000","594000","593000","592000","591000","590000","589000","588000","587000","20","123","96","221","163","51","1275","54","240","21","173","255","103","117","404","104","181","110","74","47","2264","1568","0","0","0","0","0","-600000","5","-100.00","1542","1","1","0","0","","0","0","0","","",""
"080357","0000","0","597000","598000","599000","600000","601000","602000","603000","604000","605000","606000","596000","595000","594000","593000","592000","591000","590000","589000","588000","587000","22","123","96","221","163","51","1275","54","240","21","173","255","103","117","404","104","181","110","74","47","2266","1568","0","0","0","0","0","-600000","5","-100.00","1542","2","0","0","0","","0","0","0","","",""
"080357","0001","0","597000","598000","599000","600000","601000","602000","603000","604000","605000","606000","596000","595000","594000","593000","592000","591000","590000","589000","588000","587000","22","123","96","221","163","51","1275","54","240","21","174","255","103","118","404","104","181","110","74","47","2266","1570","0","0","0","0","0","-600000","5","-100.00","1542","0","1","0","0","","0","0","0","","",""
"080358","0000","0","597000","598000","599000","600000","601000","602000","603000","604000","605000","606000","596000","595000","594000","593000","592000","591000","590000","589000","588000","587000","22","123","96","262","163","51","1275","54","240","21","174","255","103","118","404","104","181","110","74","47","2307","1570","0","0","0","0","0","-600000","5","-100.00","1542","41","0","0","0","","0","0","0","","",""
"080358","0001","0","597000","598000","599000","600000","601000","602000","603000","604000","605000","606000","596000","595000","594000","593000","592000","591000","590000","589000","588000","587000","20","123","96","265","163","51","1275","54","240","21","174","255","101","118","404","104","181","110","74","47","2308","1568","0","0","0","0","0","-600000","5","-100.00","1544","3","0","0","0","","0","0","0","","",""
"080358","0002","0","597000","598000","599000","600000","601000","602000","603000","604000","605000","606000","596000","595000","594000","593000","592000","591000","590000","589000","588000","587000","20","123","96","265","163","51","1275","54","240","21","174","255","101","118","405","104","181","110","74","47","2308","1569","0","0","0","0","0","-600000","5","-100.00","1544","0","1","0","0","","0","0","0","","",""
"080359","0000","0","597000","598000","599000","600000","601000","602000","603000","604000","605000","606000","596000","595000","594000","593000","592000","591000","590000","589000","588000","587000","20","123","96","265","163","51","1275","54","240","21","174","255","101","123","405","104","181","110","74","47","2308","1574","0","0","0","0","0","-600000","5","-100.00","1544","0","5","0","0","","0","0","0","","",""
"080359","0001","0","597000","598000","599000","600000","601000","602000","603000","604000","605000","606000","596000","595000","594000","593000","592000","591000","590000","589000","588000","587000","19","123","96","265","163","51","1275","54","240","21","174","255","101","123","405","104","181","110","74","47","2307","1574","0","0","0","0","0","-600000","5","-100.00","1545","-1","0","0","0","","0","0","0","","",""
"080359","0002","0","597000","598000","599000","600000","601000","602000","603000","604000","605000","606000","596000","595000","594000","593000","592000","591000","590000","589000","588000","587000","20","123","96","265","163","51","1275","54","240","21","174","255","101","123","405","104","181","110","74","47","2308","1574","0","0","0","0","0","-600000","5","-100.00","1545","1","0","0","0","","0","0","0","","",""
"080400","0000","0","597000","598000","599000","600000","601000","602000","603000","604000","605000","606000","596000","595000","594000","593000","592000","591000","590000","589000","588000","587000","20","123","96","265","163","51","1275","54","240","21","172","255","101","125","405","104","181","110","74","47","2308","1574","0","0","0","0","0","-600000","5","-100.00","1545","0","0","0","0","","0","0","0","","",""
"080400","0001","0","597000","598000","599000","600000","601000","602000","603000","604000","605000","606000","596000","595000","594000","593000","592000","591000","590000","589000","588000","587000","20","129","96","265","163","51","1275","54","240","21","172","255","101","125","405","104","181","110","74","47","2314","1574","0","0","0","0","0","-600000","5","-100.00","1545","6","0","0","0","","0","0","0","","",""
"080401","0000","0","597000","598000","599000","600000","601000","602000","603000","604000","605000","606000","596000","595000","594000","593000","592000","591000","590000","589000","588000","587000","8","129","96","265","163","51","1275","54","240","21","172","255","101","125","405","104","181","110","74","47","2302","1574","0","0","0","0","0","-600000","5","-100.00","1566","-12","0","0","0","","0","0","0","","",""
"080401","0001","0","597000","598000","599000","600000","601000","602000","603000","604000","605000","606000","596000","595000","594000","593000","592000","591000","590000","589000","588000","587000","11","129","96","265","163","51","1275","54","240","21","172","255","101","125","405","105","181","110","74","47","2305","1575","0","0","0","0","0","-600000","5","-100.00","1566","3","1","0","0","","0","0","0","","",""
"080401","0002","0","597000","598000","599000","600000","601000","602000","603000","604000","605000","606000","596000","595000","594000","593000","592000","591000","590000","589000","588000","587000","11","129","96","265","163","51","1275","54","240","21","172","253","103","125","405","105","181","110","74","47","2305","1575","0","0","0","0","0","-600000","5","-100.00","1566","0","0","0","0","","0","0","0","","",""
"080401","0003","0","597000","598000","599000","600000","601000","602000","603000","604000","605000","606000","596000","595000","594000","593000","592000","591000","590000","589000","588000","587000","31","118","96","265","163","51","1275","54","240","21","173","253","103","125","405","105","181","110","74","47","2314","1576","0","0","0","0","0","-600000","5","-100.00","1666","9","0","0","0","","0","0","0","","",""
"080401","0004","0","597000","598000","599000","600000","601000","602000","603000","604000","605000","606000","596000","595000","594000","593000","592000","591000","590000","589000","588000","587000","30","118","96","265","163","51","1275","54","240","21","173","253","103","125","405","105","181","110","74","47","2313","1576","0","0","0","0","0","-600000","5","-100.00","1667","-1","0","0","0","","0","0","0","","",""
"080402","0000","0","597000","598000","599000","600000","601000","602000","603000","604000","605000","606000","596000","595000","594000","593000","592000","591000","590000","589000","588000","587000","30","118","96","265","163","51","1275","54","240","21","173","253","103","125","406","105","181","110","74","47","2313","1577","0","0","0","0","0","-600000","5","-100.00","1667","0","1","0","0","","0","0","0","","",""
"080403","0000","0","597000","598000","599000","600000","601000","602000","603000","604000","605000","606000","596000","595000","594000","593000","592000","591000","590000","589000","588000","587000","20","118","96","265","163","51","1275","54","240","21","173","253","103","125","406","105","181","110","74","47","2303","1577","0","0","0","0","0","-600000","5","-100.00","1677","-10","0","0","0","","0","0","0","","",""
"080403","0001","0","597000","598000","599000","600000","601000","602000","603000","604000","605000","606000","596000","595000","594000","593000","592000","591000","590000","589000","588000","587000","20","118","96","265","163","51","1275","54","240","21","173","253","103","125","406","105","181","110","74","47","2303","1577","0","0","0","0","0","-600000","5","-100.00","1677","0","0","0","0","","0","0","0","","",""
"080405","0000","0","597000","598000","599000","600000","601000","602000","603000","604000","605000","606000","596000","595000","594000","593000","592000","591000","590000","589000","588000","587000","20","118","96","269","163","51","1275","54","240","21","173","253","103","125","406","105","181","110","74","47","2307","1577","0","0","0","0","0","-600000","5","-100.00","1677","4","0","0","0","","0","0","0","","",""
"080405","0001","0","597000","598000","599000","600000","601000","602000","603000","604000","605000","606000","596000","595000","594000","593000","592000","591000","590000","589000","588000","587000","19","118","96","269","163","51","1275","54","240","21","173","253","103","125","406","105","181","110","74","47","2306","1577","0","0","0","0","0","-600000","5","-100.00","1678","-1","0","0","0","","0","0","0","","",""
"080405","0002","0","597000","598000","599000","600000","601000","602000","603000","604000","605000","606000","596000","595000","594000","593000","592000","591000","590000","589000","588000","587000","20","118","96","269","163","51","1275","54","240","21","173","253","103","125","406","105","181","110","74","47","2307","1577","0","0","0","0","0","-600000","5","-100.00","1678","1","0","0","0","","0","0","0","","",""
"080406","0000","0","597000","598000","599000","600000","601000","602000","603000","604000","605000","606000","596000","595000","594000","593000","592000","591000","590000","589000","588000","587000","20","118","96","269","163","51","1275","54","240","21","173","253","104","125","406","105","181","110","74","47","2307","1578","0","0","0","0","0","-600000","5","-100.00","1678","0","1","0","0","","0","0","0","","",""
"080406","0001","0","597000","598000","599000","600000","601000","602000","603000","604000","605000","606000","596000","595000","594000","593000","592000","591000","590000","589000","588000","587000","20","118","96","269","163","51","1275","54","240","21","175","253","104","125","406","105","181","110","74","47","2307","1580","0","0","0","0","0","-600000","5","-100.00","1678","0","2","0","0","","0","0","0","","",""
"080407","0000","0","597000","598000","599000","600000","601000","602000","603000","604000","605000","606000","596000","595000","594000","593000","592000","591000","590000","589000","588000","587000","20","118","96","269","163","61","1275","54","240","21","175","253","104","125","406","105","181","110","74","47","2317","1580","0","0","0","0","0","-600000","5","-100.00","1678","10","0","0","0","","0","0","0","","",""
"080407","0001","0","597000","598000","599000","600000","601000","602000","603000","604000","605000","606000","596000","595000","594000","593000","592000","591000","590000","589000","588000","587000","20","118","96","269","163","61","1275","54","240","21","175","253","105","124","406","105","181","110","74","47","2317","1580","0","0","0","0","0","-600000","5","-100.00","1678","0","0","0","0","","0","0","0","","",""
"080408","0000","0","597000","598000","599000","600000","601000","602000","603000","604000","605000","606000","596000","595000","594000","593000","592000","591000","590000","589000","588000","587000","23","118","96","269","163","61","1275","54","240","21","185","253","105","124","406","105","181","110","74","47","2320","1590","0","0","0","0","0","-600000","5","-100.00","1678","3","0","0","0","","0","0","0","","",""
"080408","0001","0","597000","598000","599000","600000","601000","602000","603000","604000","605000","606000","596000","595000","594000","593000","592000","591000","590000","589000","588000","587000","23","118","205","277","163","61","1275","54","240","21","185","253","105","124","406","105","181","110","74","47","2437","1590","0","0","0","0","0","-600000","5","-100.00","1678","8","0","0","0","","0","0","0","","",""
"080408","0002","0","597000","598000","599000","600000","601000","602000","603000","604000","605000","606000","596000","595000","594000","593000","592000","591000","590000","589000","588000","587000","23","118","205","277","163","61","1275","54","240","21","185","253","105","124","406","105","181","110","74","47","2437","1590","0","0","0","0","0","-600000","5","-100.00","1678","0","0","0","0","","0","0","0","","",""
"080408","0003","0","597000","598000","599000","600000","601000","602000","603000","604000","605000","606000","596000","595000","594000","593000","592000","591000","590000","589000","588000","587000","23","118","205","277","163","61","1275","54","240","21","185","253","105","124","407","105","181","110","74","47","2437","1591","0","0","0","0","0","-600000","5","-100.00","1678","0","1","0","0","","0","0","0","","",""
"080409","0000","0","597000","598000","599000","600000","601000","602000","603000","604000","605000","606000","596000","595000","594000","593000","592000","591000","590000","589000","588000","587000","23","118","205","277","163","71","1275","54","240","21","185","253","105","124","407","105","181","110","74","47","2447","1591","0","0","0","0","0","-600000","5","-100.00","1678","10","0","0","0","","0","0","0","","",""
"080409","0001","0","597000","598000","599000","600000","601000","602000","603000","604000","605000","606000","596000","595000","594000","593000","592000","591000","590000","589000","588000","587000","23","118","205","277","163","71","1275","54","240","21","185","253","105","124","417","105","181","110","74","47","2447","1601","0","0","0","0","0","-600000","5","-100.00","1678","0","10","0","0","","0","0","0","","",""
"080410","0000","0","597000","598000","599000","600000","601000","602000","603000","604000","605000","606000","596000","595000","594000","593000","592000","591000","590000","589000","588000","587000","23","118","205","277","163","71","1275","54","240","21","185","253","105","124","417","107","181","110","74","47","2447","1603","0","0","0","0","0","-600000","5","-100.00","1678","0","2","0","0","","0","0","0","","",""
"080411","0000","0","597000","598000","599000","600000","601000","602000","603000","604000","605000","606000","596000","595000","594000","593000","592000","591000","590000","589000","588000","587000","23","118","205","277","163","71","1275","54","240","21","185","253","105","124","417","107","181","110","74","47","2447","1603","0","0","0","0","0","-600000","5","-100.00","1678","0","0","0","0","","0","0","0","","",""
"080411","0001","0","597000","598000","599000","600000","601000","602000","603000","604000","605000","606000","596000","595000","594000","593000","592000","591000","590000","589000","588000","587000","23","118","205","277","163","71","1275","54","240","21","185","253","105","124","417","107","181","110","74","48","2447","1604","0","0","0","0","0","-600000","5","-100.00","1678","0","1","0","0","","0","0","0","","",""
"080411","0002","0","597000","598000","599000","600000","601000","602000","603000","604000","605000","606000","596000","595000","594000","593000","592000","591000","590000","589000","588000","587000","17","118","205","277","163","71","1275","54","240","21","185","253","105","124","417","107","181","110","74","48","2441","1604","0","0","0","0","0","-600000","5","-100.00","1684","-6","0","0","0","","0","0","0","","",""
"080412","0000","0","597000","598000","599000","600000","601000","602000","603000","604000","605000","606000","596000","595000","594000","593000","592000","591000","590000","589000","588000","587000","17","118","205","277","163","71","1275","54","240","21","185","253","105","124","417","107","181","110","74","48","2441","1604","0","0","0","0","0","-600000","5","-100.00","1684","0","0","0","0","","0","0","0","","",""
"080412","0001","0","597000","598000","599000","600000","601000","602000","603000","604000","605000","606000","596000","595000","594000","593000","592000","591000","590000","589000","588000","587000","17","118","205","277","163","71","1275","54","240","21","185","254","105","124","417","107","181","110","74","48","2441","1605","0","0","0","0","0","-600000","5","-100.00","1684","0","1","0","0","","0","0","0","","",""
"080412","0002","0","597000","598000","599000","600000","601000","602000","603000","604000","605000","606000","596000","595000","594000","593000","592000","591000","590000","589000","588000","587000","16","118","205","277","163","71","1275","54","240","21","185","254","105","124","417","107","181","110","75","48","2440","1606","0","0","0","0","0","-600000","5","-100.00","1685","-1","0","0","0","","0","0","0","","",""
"080412","0003","0","597000","598000","599000","600000","601000","602000","603000","604000","605000","606000","596000","595000","594000","593000","592000","591000","590000","589000","588000","587000","16","118","205","277","163","71","1275","54","240","21","185","254","105","124","420","107","181","110","75","48","2440","1609","0","0","0","0","0","-600000","5","-100.00","1685","0","3","0","0","","0","0","0","","",""
"080413","0000","0","597000","598000","599000","600000","601000","602000","603000","604000","605000","606000","596000","595000","594000","593000","592000","591000","590000","589000","588000","587000","15","118","205","277","163","71","1275","54","240","21","185","254","105","124","420","107","181","110","75","48","2439","1609","0","0","0","0","0","-600000","5","-100.00","1686","-1","0","0","0","","0","0","0","","",""
"080413","0001","0","597000","598000","599000","600000","601000","602000","603000","604000","605000","606000","596000","595000","594000","593000","592000","591000","590000","589000","588000","587000","15","118","205","277","163","71","1275","54","240","241","185","254","105","124","420","107","181","110","75","48","2659","1609","0","0","0","0","0","-600000","5","-100.00","1686","220","0","0","0","","0","0","0","","",""
"080413","0002","0","597000","598000","599000","600000","601000","602000","603000","604000","605000","606000","596000","595000","594000","593000","592000","591000","590000","589000","588000","587000","13","118","205","277","163","71","1275","54","240","241","185","254","105","124","420","107","181","110","75","48","2657","1609","0","0","0","0","0","-600000","5","-100.00","1688","-2","0","0","0","","0","0","0","","",""
"080413","0003","0","597000","598000","599000","600000","601000","602000","603000","604000","605000","606000","596000","595000","594000","593000","592000","591000","590000","589000","588000","587000","13","118","205","277","163","71","1275","54","240","241","185","224","135","124","420","107","181","110","75","48","2657","1609","0","0","0","0","0","-600000","5","-100.00","1688","0","0","0","0","","0","0","0","","",""
"080414","0000","0","597000","598000","599000","600000","601000","602000","603000","604000","605000","606000","596000","595000","594000","593000","592000","591000","590000","589000","588000","587000","13","118","205","277","163","71","1275","54","240","241","185","224","135","119","420","107","181","110","75","48","2657","1604","0","0","0","0","0","-600000","5","-100.00","1688","0","-5","0","0","","0","0","0","","",""
"080414","0001","0","597000","598000","599000","600000","601000","602000","603000","604000","605000","606000","596000","595000","594000","593000","592000","591000","590000","589000","588000","587000","13","118","205","277","163","71","1275","54","240","241","185","224","135","119","421","107","181","110","75","48","2657","1605","0","0","0","0","0","-600000","5","-100.00","1688","0","1","0","0","","0","0","0","","",""
"080415","0000","0","597000","598000","599000","600000","601000","602000","603000","604000","605000","606000","596000","595000","594000","593000","592000","591000","590000","589000","588000","587000","13","118","205","277","163","71","1275","54","240","241","185","224","135","119","422","107","181","110","75","48","2657","1606","0","0","0","0","0","-600000","5","-100.00","1688","0","1","0","0","","0","0","0","","",""
