"time","millisec","HOUR_CLS_CODE","ASKP1","ASKP2","ASKP3","ASKP4","ASKP5","ASKP6","ASKP7","ASKP8","ASKP9","ASKP10","BIDP1","BIDP2","BIDP3","BIDP4","BIDP5","BIDP6","BIDP7","BIDP8","BIDP9","BIDP10","ASKP_RSQN1","ASKP_RSQN2","ASKP_RSQN3","ASKP_RSQN4","ASKP_RSQN5","ASKP_RSQN6","ASKP_RSQN7","ASKP_RSQN8","ASKP_RSQN9","ASKP_RSQN10","BIDP_RSQN1","BIDP_RSQN2","BIDP_RSQN3","BIDP_RSQN4","BIDP_RSQN5","BIDP_RSQN6","BIDP_RSQN7","BIDP_RSQN8","BIDP_RSQN9","BIDP_RSQN10","TOTAL_ASKP_RSQN","TOTAL_BIDP_RSQN","OVTM_TOTAL_ASKP_RSQN","OVTM_TOTAL_BIDP_RSQN","ANTC_CNPR","ANTC_CNQN","ANTC_VOL","ANTC_CNTG_VRSS","ANTC_CNTG_VRSS_SIGN","ANTC_CNTG_PRDY_CTRT","ACML_VOL","TOTAL_ASKP_RSQN_ICDC","TOTAL_BIDP_RSQN_ICDC","OVTM_TOTAL_ASKP_ICDC","OVTM_TOTAL_BIDP_ICDC","STCK_DEAL_CLS_CODE","KMID_PRC","KMID_TOTAL_RSQN","KMID_CLS_CODE","NMID_PRC","NMID_TOTAL_RSQN","NMID_CLS_CODE"
"080000","0000","0","159500","160000","164000","170000","187700","0","0","0","0","0","152900","149000","145500","0","0","0","0","0","0","0","20","100","3","92","150","0","0","0","0","0","10","4","100","0","0","0","0","0","0","0","365","114","0","0","0","0","0","-153500","5","-100.00","0","0","0","0","0","","0","0","0","","",""
"080000","0001","0","154500","156800","157000","158000","159400","159500","160000","161600","163000","164000","152900","151200","150000","149000","145500","140000","135000","130000","125000","0","1","40","25","1","5","20","100","2","77","3","20","5","100","4","100","1","10","1","20","0","274","261","0","0","0","0","0","-153500","5","-100.00","0","-91","147","0","0","","0","0","0","","",""
"080001","0000","0","154500","156800","157000","158000","159400","159500","160000","161600","162100","163000","152900","151200","150000","149000","148000","145500","145200","140000","135000","134300","1","45","25","1","5","20","100","2","10","77","20","5","100","4","2","100","11","1","10","2","286","255","0","0","0","0","0","-153500","5","-100.00","0","12","-6","0","0","","0","0","0","","",""
"080001","0001","0","153300","154500","154600","154800","155300","156800","157000","157300","158000","159000","152900","151200","151000","150600","150200","150100","150000","149000","148400","148000","20","1","1","1","3","45","25","3","1","3","20","5","1","1","4","3","230","4","3","2","103","273","0","0","0","0","0","-153500","5","-100.00","0","-183","18","0","0","","0","0","0","","",""
"080002","0000","0","154400","154500","154600","154800","155300","156300","156800","157000","157300","157900","152900","152000","151600","151200","151000","150600","150400","150200","150100","150000","7","1","1","1","3","20","45","25","4","361","20","16","10","5","1","1","1","4","3","230","468","291","0","0","0","0","0","-153500","5","-100.00","20","365","18","0","0","","0","0","0","","",""
"080002","0001","0","154400","154500","154600","154800","155300","156300","156800","157000","157300","157900","152900","152500","152000","151700","151600","151200","151000","150600","150400","150200","7","1","1","1","3","20","45","25","4","361","20","2","16","40","65","5","1","1","1","4","468","155","0","0","0","0","0","-153500","5","-100.00","20","0","-136","0","0","","0","0","0","","",""
"080002","0002","0","154400","154500","154600","154800","155300","156300","156800","157000","157300","157900","152900","152500","152000","151700","151600","151200","151000","150600","150400","150200","7","1","1","1","3","20","45","25","249","431","20","2","16","40","65","5","1","1","1","4","783","155","0","0","0","0","0","-153500","5","-100.00","20","315","0","0","0","","0","0","0","","",""
"080003","0000","0","154400","154500","154600","154800","155300","155800","156300","156800","157000","157300","152900","152500","152000","151700","151600","151200","151000","150600","150400","150200","7","1","1","1","3","3","20","45","25","249","20","2","16","40","65","5","1","1","1","4","355","155","0","0","0","0","0","-153500","5","-100.00","20","-428","0","0","0","","0","0","0","","",""
"080003","0001","0","154400","154500","154600","154800","155300","155800","156300","156800","157000","157300","152900","152500","152000","151700","151600","151200","151000","150600","150400","150200","7","1","1","1","3","3","20","45","25","249","20","2","16","40","65","5","1","1","1","18","355","169","0","0","0","0","0","-153500","5","-100.00","20","0","14","0","0","","0","0","0","","",""
"080003","0002","0","154600","154800","155300","155800","156300","156800","157000","157300","157500","157900","154500","152900","152500","152000","151700","151600","151200","151000","150600","150400","1","1","3","11","20","45","25","249","20","431","2","20","2","16","40","65","5","1","1","1","806","153","0","0","0","0","0","-153500","5","-100.00","28","451","-16","0","0","","0","0","0","","",""
"080004","0000","0","153800","154600","154800","155300","155800","156300","156800","157000","157300","157500","152900","152500","152000","151700","151600","151200","151000","150600","150400","150200","198","1","1","3","11","20","45","25","249","20","20","2","16","40","65","5","1","1","1","18","573","169","0","0","0","0","0","-153500","5","-100.00","30","-233","16","0","0","","0","0","0","","",""
"080004","0001","0","153800","154600","154800","155300","155800","156300","156800","157000","157300","157500","152900","152500","152000","151700","151600","151200","151000","150600","150400","150200","198","1","1","3","11","20","45","75","249","20","20","2","16","40","65","5","1","1","1","18","623","169","0","0","0","0","0","-153500","5","-100.00","30","50","0","0","0","","0","0","0","","",""
"080004","0002","0","153800","154600","154800","155300","155800","156300","156800","157000","157300","157500","145200","145000","140000","135000","134300","130000","126700","125000","120000","0","198","1","1","3","11","20","45","75","249","20","11","4","6","10","2","101","2","20","20","0","623","176","0","0","0","0","0","-153500","5","-100.00","545","0","0","0","0","","0","0","0","","",""
"080022","0000","0","153800","155300","155800","156300","156800","157000","157300","157500","157900","158000","145200","145000","140000","135000","134300","130000","126700","125000","120000","0","198","3","11","20","45","75","249","20","431","1","11","4","6","10","2","101","2","20","20","0","1053","176","0","0","0","0","0","-153500","5","-100.00","545","430","0","0","0","","0","0","0","","",""
"080059","0000","0","153800","155300","155800","156300","156800","157000","157300","157500","157900","158000","145200","145000","140000","135000","134300","130000","126700","125000","120000","0","198","3","11","20","45","75","249","20","431","1","11","4","6","10","2","101","2","20","20","0","1053","176","0","0","0","0","0","-153500","5","-100.00","545","0","0","0","0","","0","0","0","","",""
"080339","0000","0","152600","152900","153000","153200","153300","153400","153500","153600","153700","153800","152300","152200","152100","152000","151900","151800","151700","151600","151500","151400","109","234","355","3","102","82","189","102","133","575","12","1","147","282","57","95","149","277","135","74","1884","1229","0","0","0","0","0","-153500","5","-100.00","4133","100","0","0","0","","0","0","0","","",""
"080339","0001","0","152600","152900","153000","153200","153300","153400","153500","153600","153700","153800","152300","152200","152100","152000","151900","151800","151700","151600","151500","151400","109","234","355","3","102","82","189","102","133","575","12","1","147","284","57","95","149","277","135","74","1884","1231","0","0","0","0","0","-153500","5","-100.00","4133","0","2","0","0","","0","0","0","","",""
"080339","0002","0","152600","152900","153000","153200","153300","153400","153500","153600","153700","153800","152300","152200","152100","152000","151900","151800","151700","151600","151500","151400","109","234","355","3","102","82","189","102","133","575","12","6","147","284","57","95","149","277","135","74","1884","1236","0","0","0","0","0","-153500","5","-100.00","4133","0","5","0","0","","0","0","0","","",""
"080340","0000","0","152600","152900","153000","153200","153300","153400","153500","153600","153700","153800","152300","152200","152100","152000","151900","151800","151700","151600","151500","151400","109","234","355","3","102","82","189","102","133","575","13","6","147","284","57","95","149","277","135","74","1884","1237","0","0","0","0","0","-153500","5","-100.00","4133","0","1","0","0","","0","0","0","","",""
"080340","0001","0","152600","152900","153000","153200","153300","153400","153500","153600","153700","153800","152300","152200","152100","152000","151900","151800","151700","151600","151500","151400","109","234","355","3","102","82","189","102","133","575","13","20","147","284","57","95","149","277","132","74","1884","1248","0","0","0","0","0","-153500","5","-100.00","4133","0","10","0","0","","0","0","0","","",""
"080341","0000","0","152300","152600","152900","153000","153200","153300","153400","153500","153600","153700","152200","152100","152000","151900","151800","151700","151600","151500","151400","151300","42","109","234","355","3","102","82","189","102","133","22","147","284","57","96","149","277","132","74","76","1351","1314","0","0","0","0","0","-153500","5","-100.00","4146","-533","64","0","0","","0","0","0","","",""
"080341","0001","0","152600","152900","153000","153200","153300","153400","153500","153600","153700","153800","152200","152100","152000","151900","151800","151700","151600","151500","151400","151300","109","234","355","3","102","82","189","102","133","575","22","147","284","57","96","149","277","131","74","76","1884","1313","0","0","0","0","0","-153500","5","-100.00","4146","533","0","0","0","","0","0","0","","",""
"080341","0002","0","152600","152900","153000","153200","153300","153400","153500","153600","153700","153800","152200","152100","152000","151900","151800","151700","151600","151500","151400","151300","109","234","355","3","102","82","189","102","133","575","22","147","284","57","96","149","277","132","74","76","1884","1314","0","0","0","0","0","-153500","5","-100.00","4188","0","1","0","0","","0","0","0","","",""
"080341","0003","0","152600","152900","153000","153200","153300","153400","153500","153600","153700","153800","152200","152100","152000","151900","151800","151700","151600","151500","151400","151300","109","234","355","3","102","82","189","102","133","575","22","151","280","57","96","149","277","133","74","76","1884","1315","0","0","0","0","0","-153500","5","-100.00","4188","0","1","0","0","","0","0","0","","",""
"080342","0000","0","152600","152900","153000","153200","153300","153400","153500","153600","153700","153800","152200","152100","152000","151900","151800","151700","151600","151500","151400","151300","109","234","355","3","102","82","189","102","133","575","22","151","280","57","96","149","277","133","64","76","1884","1305","0","0","0","0","0","-153500","5","-100.00","4188","0","-10","0","0","","0","0","0","","",""
"080342","0001","0","152600","152900","153000","153200","153300","153400","153500","153600","153700","153800","152200","152100","152000","151900","151800","151700","151600","151500","151400","151300","104","234","355","3","102","82","189","102","133","575","22","151","280","57","96","149","277","133","64","76","1879","1305","0","0","0","0","0","-153500","5","-100.00","4188","-5","0","0","0","","0","0","0","","",""
"080342","0002","0","152600","152900","153000","153200","153300","153400","153500","153600","153700","153800","152200","152100","152000","151900","151800","151700","151600","151500","151400","151300","104","234","355","3","102","82","189","102","133","575","32","151","280","57","96","149","277","138","64","76","1879","1320","0","0","0","0","0","-153500","5","-100.00","4188","0","10","0","0","","0","0","0","","",""
"080342","0003","0","152600","152900","153000","153200","153300","153400","153500","153600","153700","153800","152200","152100","152000","151900","151800","151700","151600","151500","151400","151300","105","234","355","3","102","82","189","102","133","575","32","151","280","57","96","149","277","138","64","76","1880","1320","0","0","0","0","0","-153500","5","-100.00","4188","1","0","0","0","","0","0","0","","",""
"080343","0000","0","152500","152600","152900","153000","153200","153300","153400","153500","153600","153700","152200","152100","152000","151900","151800","151700","151600","151500","151400","151300","4","105","234","355","3","102","82","185","102","133","32","151","280","57","96","149","277","138","64","76","1305","1320","0","0","0","0","0","-153500","5","-100.00","4188","-575","0","0","0","","0","0","0","","",""
"080343","0001","0","152500","152600","152900","153000","153200","153300","153400","153500","153600","153700","152200","152100","152000","151900","151800","151700","151600","151500","151400","151300","4","105","234","355","3","102","82","185","102","133","67","161","280","57","96","149","277","138","64","76","1305","1365","0","0","0","0","0","-153500","5","-100.00","4188","0","30","0","0","","0","0","0","","",""
"080343","0002","0","152500","152600","152900","153000","153200","153300","153400","153500","153600","153700","152200","152100","152000","151900","151800","151700","151600","151500","151400","151300","4","105","234","355","3","102","82","185","102","133","68","161","280","57","96","149","277","138","64","76","1305","1366","0","0","0","0","0","-153500","5","-100.00","4188","0","1","0","0","","0","0","0","","",""
"080343","0003","0","152500","152600","152900","153000","153200","153300","153400","153500","153600","153700","152400","152300","152200","152100","152000","151900","151800","151700","151600","151500","4","105","234","355","3","102","82","185","102","133","15","1","68","161","280","57","96","139","277","138","1305","1232","0","0","0","0","0","-153500","5","-100.00","4188","0","-10","0","0","","0","0","0","","",""
"080344","0000","0","152500","152600","152900","153000","153200","153300","153400","153500","153600","153700","152400","152300","152200","152100","152000","151900","151800","151700","151600","151500","4","105","234","355","3","102","82","185","102","133","13","1","68","161","280","57","96","139","277","138","1305","1230","0","0","0","0","0","-153500","5","-100.00","4190","0","-2","0","0","","0","0","0","","",""
"080344","0001","0","152500","152600","152900","153000","153200","153300","153400","153500","153600","153700","152400","152300","152200","152100","152000","151900","151800","151700","151600","151500","4","105","234","355","3","102","82","185","102","133","13","1","68","161","280","57","96","140","277","138","1305","1231","0","0","0","0","0","-153500","5","-100.00","4190","0","1","0","0","","0","0","0","","",""
"080344","0002","0","152500","152600","152900","153000","153200","153300","153400","153500","153600","153700","152400","152300","152200","152100","152000","151900","151800","151700","151600","151500","4","105","234","355","3","102","82","185","102","133","12","1","68","161","280","57","96","140","277","138","1305","1230","0","0","0","0","0","-153500","5","-100.00","4191","0","-1","0","0","","0","0","0","","",""
"080345","0000","0","152500","152600","152900","153000","153200","153300","153400","153500","153600","153700","152400","152300","152200","152100","152000","151900","151800","151700","151600","151500","4","105","234","355","3","102","82","185","102","133","12","1","68","161","280","57","96","140","282","138","1305","1235","0","0","0","0","0","-153500","5","-100.00","4191","0","5","0","0","","0","0","0","","",""
"080345","0001","0","152500","152600","152900","153000","153200","153300","153400","153500","153600","153700","152400","152300","152200","152100","152000","151900","151800","151700","151600","151500","4","105","234","355","3","102","82","185","102","133","12","1","76","163","280","57","96","112","282","138","1305","1217","0","0","0","0","0","-153500","5","-100.00","4191","0","8","0","0","","0","0","0","","",""
"080346","0000","0","152500","152600","152900","153000","153200","153300","153400","153500","153600","153700","152400","152300","152200","152100","152000","151900","151800","151700","151600","151500","4","105","234","355","3","102","82","185","102","133","9","1","77","163","280","57","96","112","282","138","1305","1215","0","0","0","0","0","-153500","5","-100.00","4194","0","-3","0","0","","0","0","0","","",""
"080346","0001","0","152500","152600","152900","153000","153200","153300","153400","153500","153600","153700","152400","152300","152200","152100","152000","151900","151800","151700","151600","151500","4","105","234","355","3","102","82","185","102","133","9","5","79","163","280","57","96","112","282","138","1305","1221","0","0","0","0","0","-153500","5","-100.00","4194","0","1","0","0","","0","0","0","","",""
"080346","0002","0","152400","152500","152600","152900","153000","153200","153300","153400","153500","153600","152300","152200","152100","152000","151900","151800","151700","151600","151500","151400","1","104","105","234","355","3","102","82","185","102","5","79","163","280","57","96","112","282","138","64","1273","1276","0","0","0","0","0","-153500","5","-100.00","4203","-32","55","0","0","","0","0","0","","",""
"080347","0000","0","152400","152500","152600","152900","153000","153200","153300","153400","153500","153600","152300","152200","152100","152000","151900","151800","151700","151600","151500","151400","1","104","105","234","355","3","102","82","185","102","5","79","163","280","56","96","112","282","138","64","1273","1275","0","0","0","0","0","-153500","5","-100.00","4203","0","-1","0","0","","0","0","0","","",""
"080347","0001","0","152400","152500","152600","152900","153000","153200","153300","153400","153500","153600","152300","152200","152100","152000","151900","151800","151700","151600","151500","151400","1","104","105","234","355","3","102","82","185","102","5","79","163","310","56","96","112","282","138","64","1273","1305","0","0","0","0","0","-153500","5","-100.00","4203","0","30","0","0","","0","0","0","","",""
"080347","0002","0","152400","152500","152600","152900","153000","153200","153300","153400","153500","153600","152300","152200","152100","152000","151900","151800","151700","151600","151500","151400","1","104","105","234","355","3","102","82","185","102","5","179","163","310","56","96","112","282","138","64","1273","1405","0","0","0","0","0","-153500","5","-100.00","4203","0","100","0","0","","0","0","0","","",""
"080347","0003","0","152500","152600","152900","153000","153200","153300","153400","153500","153600","153700","152400","152300","152200","152100","152000","151900","151800","151700","151600","151500","104","105","234","355","3","102","82","185","102","133","1","5","179","163","340","56","46","112","282","138","1405","1322","0","0","0","0","0","-153500","5","-100.00","4204","132","-63","0","0","","0","0","0","","",""
"080348","0000","0","152400","152500","152600","152900","153000","153200","153300","153400","153500","153600","152300","152200","152100","152000","151900","151800","151700","151600","151500","151400","1","104","105","234","355","3","102","82","185","102","5","179","163","340","56","46","112","282","138","64","1273","1385","0","0","0","0","0","-153500","5","-100.00","4215","-132","63","0","0","","0","0","0","","",""
"080348","0001","0","152500","152600","152900","153000","153200","153300","153400","153500","153600","153700","152300","152200","152100","152000","151900","151800","151700","151600","151500","151400","104","105","234","355","3","102","82","185","102","133","25","186","163","340","56","46","112","282","138","64","1405","1412","0","0","0","0","0","-153500","5","-100.00","4216","0","7","0","0","","0","0","0","","",""
"080348","0002","0","152500","152600","152900","153000","153200","153300","153400","153500","153600","153700","152300","152200","152100","152000","151900","151800","151700","151600","151500","151400","104","105","234","355","3","102","82","185","102","133","25","186","163","340","56","46","112","284","138","64","1405","1414","0","0","0","0","0","-153500","5","-100.00","4216","0","1","0","0","","0","0","0","","",""
"080348","0003","0","152500","152600","152900","153000","153200","153300","153400","153500","153600","153700","152300","152200","152100","152000","151900","151800","151700","151600","151500","151400","104","105","234","355","3","102","82","185","102","133","25","190","159","340","56","46","112","284","138","64","1405","1414","0","0","0","0","0","-153500","5","-100.00","4216","0","0","0","0","","0","0","0","","",""
"080348","0004","0","152500","152600","152900","153000","153200","153300","153400","153500","153600","153700","152300","152200","152100","152000","151900","151800","151700","151600","151500","151400","104","105","234","355","3","102","82","185","102","133","25","190","159","340","56","46","112","294","138","64","1405","1424","0","0","0","0","0","-153500","5","-100.00","4216","0","10","0","0","","0","0","0","","",""
"080349","0000","0","152500","152600","152900","153000","153200","153300","153400","153500","153600","153700","152300","152200","152100","152000","151900","151800","151700","151600","151500","151400","104","105","234","355","3","102","82","185","102","133","65","190","159","340","56","46","112","294","138","64","1405","1464","0","0","0","0","0","-153500","5","-100.00","4216","0","10","0","0","","0","0","0","","",""
"080349","0001","0","152500","152600","152900","153000","153200","153300","153400","153500","153600","153700","152300","152200","152100","152000","151900","151800","151700","151600","151500","151400","104","105","234","355","3","102","82","185","102","133","66","190","159","340","56","46","112","294","138","64","1405","1465","0","0","0","0","0","-153500","5","-100.00","4216","0","1","0","0","","0","0","0","","",""
"080349","0002","0","152500","152600","152900","153000","153200","153300","153400","153500","153600","153700","152300","152200","152100","152000","151900","151800","151700","151600","151500","151400","104","105","234","355","3","102","82","185","102","133","71","190","159","340","57","46","114","294","138","64","1405","1473","0","0","0","0","0","-153500","5","-100.00","4216","0","6","0","0","","0","0","0","","",""
"080349","0003","0","152500","152600","152900","153000","153200","153300","153400","153500","153600","153700","152300","152200","152100","152000","151900","151800","151700","151600","151500","151400","104","105","234","355","3","102","82","185","102","133","21","190","159","340","57","46","114","294","138","64","1405","1423","0","0","0","0","0","-153500","5","-100.00","4266","0","-50","0","0","","0","0","0","","",""
"080350","0000","0","152500","152600","152900","153000","153200","153300","153400","153500","153600","153700","152300","152200","152100","152000","151900","151800","151700","151600","151500","151400","104","105","234","355","3","102","82","185","102","133","21","190","159","340","57","46","114","294","138","65","1405","1424","0","0","0","0","0","-153500","5","-100.00","4266","0","1","0","0","","0","0","0","","",""
"080350","0001","0","152500","152600","152900","153000","153200","153300","153400","153500","153600","153700","152300","152200","152100","152000","151900","151800","151700","151600","151500","151400","104","105","234","355","3","102","82","185","102","133","21","190","159","340","57","46","114","294","138","65","1405","1424","0","0","0","0","0","-153500","5","-100.00","4266","0","0","0","0","","0","0","0","","",""
"080350","0002","0","152400","152500","152600","152900","153000","153200","153300","153400","153500","153600","152300","152200","152100","152000","151900","151800","151700","151600","151500","151400","30","104","105","234","355","3","102","82","185","102","21","190","159","340","57","46","114","294","138","65","1302","1424","0","0","0","0","0","-153500","5","-100.00","4266","-103","0","0","0","","0","0","0","","",""
"080350","0003","0","152400","152500","152600","152900","153000","153200","153300","153400","153500","153600","152300","152200","152100","152000","151900","151800","151700","151600","151500","151400","30","104","105","234","355","3","102","82","185","102","51","190","159","340","57","46","114","294","138","65","1302","1454","0","0","0","0","0","-153500","5","-100.00","4266","0","30","0","0","","0","0","0","","",""
"080350","0004","0","152600","152900","153000","153200","153300","153400","153500","153600","153700","153800","152400","152300","152200","152100","152000","151900","151800","151700","151600","151500","105","234","355","3","102","82","185","102","133","575","30","51","190","159","340","57","46","114","294","138","1876","1419","0","0","0","0","0","-153500","5","-100.00","4440","574","-35","0","0","","0","0","0","","",""
"080351","0000","0","152600","152900","153000","153200","153300","153400","153500","153600","153700","153800","152400","152300","152200","152100","152000","151900","151800","151700","151600","151500","105","234","355","3","102","82","185","102","133","575","30","51","190","160","340","57","46","114","294","138","1876","1420","0","0","0","0","0","-153500","5","-100.00","4440","0","1","0","0","","0","0","0","","",""
"080351","0001","0","152600","152900","153000","153200","153300","153400","153500","153600","153700","153800","152400","152300","152200","152100","152000","151900","151800","151700","151600","151500","105","234","355","3","102","82","188","102","133","575","30","151","190","160","340","57","46","114","294","138","1879","1520","0","0","0","0","0","-153500","5","-100.00","4440","0","100","0","0","","0","0","0","","",""
"080351","0002","0","152600","152900","153000","153200","153300","153400","153500","153600","153700","153800","152400","152300","152200","152100","152000","151900","151800","151700","151600","151500","105","234","355","3","102","82","188","102","133","575","30","151","190","160","342","57","46","114","294","138","1879","1522","0","0","0","0","0","-153500","5","-100.00","4440","0","2","0","0","","0","0","0","","",""
"080352","0000","0","152600","152900","153000","153200","153300","153400","153500","153600","153700","153800","152400","152300","152200","152100","152000","151900","151800","151700","151600","151500","105","234","355","3","102","82","188","102","133","575","30","151","190","160","342","57","46","114","294","145","1879","1529","0","0","0","0","0","-153500","5","-100.00","4440","0","7","0","0","","0","0","0","","",""
"080352","0001","0","152600","152900","153000","153200","153300","153400","153500","153600","153700","153800","152300","152200","152100","152000","151900","151800","151700","151600","151500","151400","105","234","355","3","102","82","188","102","133","575","151","190","160","342","57","46","114","295","145","65","1879","1565","0","0","0","0","0","-153500","5","-100.00","4591","0","1","0","0","","0","0","0","","",""
"080352","0002","0","152600","152900","153000","153200","153300","153400","153500","153600","153700","153800","152300","152200","152100","152000","151900","151800","151700","151600","151500","151400","105","234","355","3","102","82","188","102","133","575","137","190","160","342","57","46","114","295","145","65","1879","1551","0","0","0","0","0","-153500","5","-100.00","4605","0","-14","0","0","","0","0","0","","",""
"080352","0003","0","152600","152900","153000","153200","153300","153400","153500","153600","153700","153800","152300","152200","152100","152000","151900","151800","151700","151600","151500","151400","105","234","355","3","102","82","188","102","133","575","140","190","160","342","57","46","114","295","148","65","1879","1557","0","0","0","0","0","-153500","5","-100.00","4605","0","1","0","0","","0","0","0","","",""
"080353","0000","0","152600","152900","153000","153200","153300","153400","153500","153600","153700","153800","152300","152200","152100","152000","151900","151800","151700","151600","151500","151400","105","234","355","3","102","82","188","102","133","575","140","191","159","342","57","46","114","295","148","65","1879","1557","0","0","0","0","0","-153500","5","-100.00","4605","0","0","0","0","","0","0","0","","",""
"080353","0001","0","152600","152900","153000","153200","153300","153400","153500","153600","153700","153800","152400","152300","152200","152100","152000","151900","151800","151700","151600","151500","105","234","355","3","102","82","188","102","133","575","5","140","193","159","342","57","46","114","295","148","1879","1499","0","0","0","0","0","-153500","5","-100.00","4605","0","2","0","0","","0","0","0","","",""
"080353","0002","0","152600","152900","153000","153200","153300","153400","153500","153600","153700","153800","152400","152300","152200","152100","152000","151900","151800","151700","151600","151500","105","234","355","3","102","82","188","102","133","575","5","340","193","159","343","57","46","114","295","153","1879","1705","0","0","0","0","0","-153500","5","-100.00","4605","0","200","0","0","","0","0","0","","",""
"080354","0000","0","152600","152900","153000","153200","153300","153400","153500","153600","153700","153800","152400","152300","152200","152100","152000","151900","151800","151700","151600","151500","105","234","355","3","102","82","188","102","133","575","5","340","193","159","353","57","46","114","295","153","1879","1715","0","0","0","0","0","-153500","5","-100.00","4605","0","10","0","0","","0","0","0","","",""
"080354","0001","0","152600","152900","153000","153200","153300","153400","153500","153600","153700","153800","152300","152200","152100","152000","151900","151800","151700","151600","151500","151400","5","234","355","3","102","82","188","102","133","575","333","193","159","353","57","46","114","295","153","65","1779","1768","0","0","0","0","0","-153500","5","-100.00","4617","-100","0","0","0","","0","0","0","","",""
"080354","0002","0","152600","152900","153000","153200","153300","153400","153500","153600","153700","153800","152300","152200","152100","152000","151900","151800","151700","151600","151500","151400","5","234","355","3","102","82","188","102","133","575","333","194","159","353","57","46","114","295","153","65","1779","1769","0","0","0","0","0","-153500","5","-100.00","4617","0","1","0","0","","0","0","0","","",""
"080355","0000","0","152900","153000","153200","153300","153400","153500","153600","153700","153800","153900","152500","152300","152200","152100","152000","151900","151800","151700","151600","151500","234","355","3","102","82","188","102","133","575","9","20","343","194","159","353","57","46","114","295","153","1783","1734","0","0","0","0","0","-153500","5","-100.00","4619","0","10","0","0","","0","0","0","","",""
"080355","0001","0","152900","153000","153200","153300","153400","153500","153600","153700","153800","153900","152500","152300","152200","152100","152000","151900","151800","151700","151600","151500","234","356","3","102","82","188","102","133","575","9","20","353","194","159","363","47","46","114","295","153","1784","1744","0","0","0","0","0","-153500","5","-100.00","4619","0","10","0","0","","0","0","0","","",""
"080356","0000","0","152900","153000","153200","153300","153400","153500","153600","153700","153800","153900","152500","152300","152200","152100","152000","151900","151800","151700","151600","151500","234","356","3","102","82","188","102","133","575","9","20","353","194","159","313","48","46","117","295","153","1784","1698","0","0","0","0","0","-153500","5","-100.00","4619","0","1","0","0","","0","0","0","","",""
"080356","0001","0","152900","153000","153200","153300","153400","153500","153600","153700","153800","153900","152500","152300","152200","152100","152000","151900","151800","151700","151600","151500","234","356","3","102","82","188","102","133","575","9","20","353","194","159","313","48","46","117","295","153","1784","1698","0","0","0","0","0","-153500","5","-100.00","4619","0","0","0","0","","0","0","0","","",""
"080357","0000","0","152900","153000","153200","153300","153400","153500","153600","153700","153800","153900","152500","152300","152200","152100","152000","151900","151800","151700","151600","151500","234","356","3","102","82","188","102","133","575","9","13","353","196","159","313","48","46","117","295","153","1784","1693","0","0","0","0","0","-153500","5","-100.00","4626","0","0","0","0","","0","0","0","","",""
"080357","0001","0","152900","153000","153200","153300","153400","153500","153600","153700","153800","153900","152500","152300","152200","152100","152000","151900","151800","151700","151600","151500","234","356","3","102","82","188","102","133","575","9","13","353","196","159","313","48","46","117","295","153","1784","1693","0","0","0","0","0","-153500","5","-100.00","4626","0","0","0","0","","0","0","0","","",""
"080357","0002","0","152900","153000","153200","153300","153400","153500","153600","153700","153800","153900","152500","152300","152200","152100","152000","151900","151800","151700","151600","151500","234","356","3","102","82","188","102","133","575","9","13","354","296","159","313","48","46","117","295","153","1784","1794","0","0","0","0","0","-153500","5","-100.00","4626","0","101","0","0","","0","0","0","","",""
"080358","0000","0","152900","153000","153200","153300","153400","153500","153600","153700","153800","153900","152500","152300","152200","152100","152000","151900","151800","151700","151600","151500","234","356","3","102","82","188","102","133","575","9","13","355","296","159","313","48","46","117","295","153","1784","1795","0","0","0","0","0","-153500","5","-100.00","4626","0","1","0","0","","0","0","0","","",""
"080358","0001","0","152900","153000","153200","153300","153400","153500","153600","153700","153800","153900","152500","152300","152200","152100","152000","151900","151800","151700","151600","151500","234","356","113","102","82","188","102","133","575","9","13","355","296","159","313","48","46","117","295","153","1894","1795","0","0","0","0","0","-153500","5","-100.00","4626","110","0","0","0","","0","0","0","","",""
"080358","0002","0","152900","153000","153200","153300","153400","153500","153600","153700","153800","153900","152500","152300","152200","152100","152000","151900","151800","151700","151600","151500","234","356","113","102","82","188","102","133","575","9","13","356","296","159","313","48","46","117","295","153","1894","1796","0","0","0","0","0","-153500","5","-100.00","4626","0","1","0","0","","0","0","0","","",""
"080359","0000","0","152900","153000","153200","153300","153400","153500","153600","153700","153800","153900","152500","152300","152200","152100","152000","151900","151800","151700","151600","151500","234","356","113","102","82","188","102","133","575","9","13","360","292","158","313","48","46","116","295","153","1894","1794","0","0","0","0","0","-153500","5","-100.00","4626","0","0","0","0","","0","0","0","","",""
"080359","0001","0","152800","152900","153000","153200","153300","153400","153500","153600","153700","153800","152300","152200","152100","152000","151900","151800","151700","151600","151500","151400","15","234","356","113","102","82","188","102","133","575","362","292","169","313","48","46","116","295","153","66","1900","1860","0","0","0","0","0","-153500","5","-100.00","4645","-5","0","0","0","","0","0","0","","",""
"080359","0002","0","152800","152900","153000","153200","153300","153400","153500","153600","153700","153800","152300","152200","152100","152000","151900","151800","151700","151600","151500","151400","15","234","356","113","102","82","188","102","133","575","363","292","169","313","48","46","116","295","153","66","1900","1861","0","0","0","0","0","-153500","5","-100.00","4645","0","1","0","0","","0","0","0","","",""
"080359","0003","0","152800","152900","153000","153200","153300","153400","153500","153600","153700","153800","152300","152200","152100","152000","151900","151800","151700","151600","151500","151400","15","234","356","113","102","82","188","102","133","575","363","292","169","313","48","46","116","295","153","66","1900","1861","0","0","0","0","0","-153500","5","-100.00","4650","0","61","0","0","","0","0","0","","",""
"080400","0000","0","152500","152800","152900","153000","153200","153300","153400","153500","153600","153700","152300","152200","152100","152000","151900","151800","151700","151600","151500","151400","1","3","234","356","113","102","82","188","102","133","157","292","169","313","48","46","116","295","153","66","1314","1655","0","0","0","0","0","-153500","5","-100.00","4857","-586","-206","0","0","","0","0","0","","",""
"080400","0001","0","152800","152900","153000","153200","153300","153400","153500","153600","153700","153800","152300","152200","152100","152000","151900","151800","151700","151600","151500","151400","3","234","356","113","102","82","188","102","133","575","157","292","169","313","48","46","116","295","153","66","1888","1655","0","0","0","0","0","-153500","5","-100.00","4858","574","0","0","0","","0","0","0","","",""
"080400","0002","0","152500","152600","152800","152900","153000","153200","153300","153400","153500","153600","152200","152100","152000","151900","151800","151700","151600","151500","151400","151300","12","21","3","234","356","113","102","82","188","102","292","169","314","48","46","116","295","153","66","90","1213","1589","0","0","0","0","0","-153500","5","-100.00","5025","0","0","0","0","","0","0","0","","",""
"080400","0003","0","152500","152600","152800","152900","153000","153200","153300","153400","153500","153600","152200","152100","152000","151900","151800","151700","151600","151500","151400","151300","12","21","3","210","356","113","102","82","188","102","292","169","314","48","46","116","295","153","66","90","1189","1589","0","0","0","0","0","-153500","5","-100.00","5025","-24","0","0","0","","0","0","0","","",""
"080400","0004","0","152500","152600","152800","152900","153000","153200","153300","153400","153500","153600","152200","152100","152000","151900","151800","151700","151600","151500","151400","151300","12","21","3","210","356","113","102","82","188","102","292","169","314","58","46","116","295","153","66","90","1189","1599","0","0","0","0","0","-153500","5","-100.00","5025","0","10","0","0","","0","0","0","","",""
"080401","0000","0","152500","152600","152800","152900","153000","153200","153300","153400","153500","153600","152200","152100","152000","151900","151800","151700","151600","151500","151400","151300","12","21","3","210","356","113","102","82","188","102","292","169","314","58","46","116","295","153","66","90","1189","1599","0","0","0","0","0","-153500","5","-100.00","5025","0","0","0","0","","0","0","0","","",""
"080401","0001","0","152500","152600","152800","152900","153000","153200","153300","153400","153500","153600","152200","152100","152000","151900","151800","151700","151600","151500","151400","151300","12","21","3","210","356","113","102","82","188","102","295","169","314","58","46","116","295","153","66","90","1189","1602","0","0","0","0","0","-153500","5","-100.00","5025","0","3","0","0","","0","0","0","","",""
"080401","0002","0","152500","152600","152800","152900","153000","153200","153300","153400","153500","153600","152200","152100","152000","151900","151800","151700","151600","151500","151400","151300","12","21","3","210","356","113","102","82","188","102","295","169","314","58","46","116","295","153","66","90","1189","1602","0","0","0","0","0","-153500","5","-100.00","5027","0","0","0","0","","0","0","0","","",""
"080402","0000","0","152500","152600","152800","152900","153000","153200","153300","153400","153500","153600","152200","152100","152000","151900","151800","151700","151600","151500","151400","151300","12","21","3","210","356","147","102","82","188","102","295","169","314","58","46","116","295","153","66","90","1223","1602","0","0","0","0","0","-153500","5","-100.00","5029","0","0","0","0","","0","0","0","","",""
"080402","0001","0","152400","152500","152600","152800","152900","153000","153200","153300","153400","153500","152200","152100","152000","151900","151800","151700","151600","151500","151400","151300","12","37","9","3","210","356","147","102","82","188","295","169","314","58","32","116","295","153","66","90","1146","1588","0","0","0","0","0","-153500","5","-100.00","5043","-77","-14","0","0","","0","0","0","","",""
"080402","0002","0","152400","152500","152600","152800","152900","153000","153200","153300","153400","153500","152200","152100","152000","151900","151800","151700","151600","151500","151400","151300","12","37","9","3","210","356","147","102","82","188","295","169","314","58","32","116","297","153","66","90","1146","1590","0","0","0","0","0","-153500","5","-100.00","5043","0","2","0","0","","0","0","0","","",""
"080402","0003","0","152400","152500","152600","152800","152900","153000","153200","153300","153400","153500","152200","152100","152000","151900","151800","151700","151600","151500","151400","151300","12","37","9","3","210","356","147","102","82","188","295","169","314","58","32","116","297","153","66","90","1146","1590","0","0","0","0","0","-153500","5","-100.00","5043","0","0","0","0","","0","0","0","","",""
"080403","0000","0","152400","152500","152600","152800","152900","153000","153200","153300","153400","153500","152200","152100","152000","151900","151800","151700","151600","151500","151400","151300","12","37","9","9","210","356","147","102","82","188","295","169","314","58","32","116","297","154","66","90","1152","1591","0","0","0","0","0","-153500","5","-100.00","5043","0","1","0","0","","0","0","0","","",""
"080403","0001","0","151900","152100","152600","152800","152900","153000","153200","153300","153400","153500","151800","151700","151600","151500","151400","151300","151200","151100","151000","150900","24","25","9","6","210","356","147","102","82","188","32","116","297","154","66","90","19","71","144","54","1149","1043","0","0","0","0","0","-153500","5","-100.00","5881","-3","-549","0","0","","0","0","0","","",""
"080403","0002","0","151900","152100","152600","152800","152900","153000","153200","153300","153400","153500","151800","151700","151600","151500","151400","151300","151200","151100","151000","150900","24","25","9","6","210","356","147","102","82","188","32","116","297","154","66","91","19","71","144","54","1149","1044","0","0","0","0","0","-153500","5","-100.00","5881","0","1","0","0","","0","0","0","","",""
"080403","0003","0","152000","152100","152600","152800","152900","153000","153200","153300","153400","153500","151800","151700","151600","151500","151400","151300","151200","151100","151000","150900","12","37","9","6","210","356","147","102","82","188","32","116","297","154","66","91","19","71","144","54","1149","1044","0","0","0","0","0","-153500","5","-100.00","5901","0","0","0","0","","0","0","0","","",""
"080404","0000","0","152100","152600","152800","152900","153000","153200","153300","153400","153500","153600","151800","151700","151600","151500","151400","151300","151200","151100","151000","150900","37","9","6","210","356","147","102","82","188","102","32","116","297","154","66","91","19","71","144","54","1239","1044","0","0","0","0","0","-153500","5","-100.00","5912","90","0","0","0","","0","0","0","","",""
"080404","0001","0","152100","152600","152800","152900","153000","153200","153300","153400","153500","153600","151900","151800","151700","151600","151500","151400","151300","151200","151100","151000","37","9","6","210","356","147","102","82","188","102","10","32","116","297","154","66","91","19","71","144","1239","1000","0","0","0","0","0","-153500","5","-100.00","5912","0","-44","0","0","","0","0","0","","",""
"080404","0002","0","152100","152600","152800","152900","153000","153200","153300","153400","153500","153600","151900","151800","151700","151600","151500","151400","151300","151200","151100","151000","36","9","6","210","356","147","102","82","188","102","10","32","116","297","154","66","91","19","71","144","1238","1000","0","0","0","0","0","-153500","5","-100.00","5913","-1","0","0","0","","0","0","0","","",""
"080404","0003","0","152500","152600","152800","152900","153000","153200","153300","153400","153500","153600","151900","151800","151700","151600","151500","151400","151300","151200","151100","151000","12","34","6","210","356","147","102","82","188","102","10","32","116","297","154","66","91","19","71","144","1239","1000","0","0","0","0","0","-153500","5","-100.00","5968","1","0","0","0","","0","0","0","","",""
"080405","0000","0","152400","152500","152600","152800","152900","153000","153200","153300","153400","153500","151900","151800","151700","151600","151500","151400","151300","151200","151100","151000","12","12","22","6","210","356","147","102","82","188","10","32","116","297","154","66","91","19","71","144","1137","1000","0","0","0","0","0","-153500","5","-100.00","5988","-102","0","0","0","","0","0","0","","",""
"080405","0001","0","152400","152500","152600","152800","152900","153000","153200","153300","153400","153500","151900","151800","151700","151600","151500","151400","151300","151200","151100","151000","12","12","22","6","210","356","147","102","82","188","10","32","116","297","154","66","91","19","71","144","1137","1000","0","0","0","0","0","-153500","5","-100.00","5988","0","0","0","0","","0","0","0","","",""
"080405","0002","0","152400","152500","152600","152800","152900","153000","153200","153300","153400","153500","152100","152000","151900","151800","151700","151600","151500","151400","151300","151200","12","12","9","6","210","356","147","102","82","188","1","1","10","32","116","297","154","66","91","19","1124","787","0","0","0","0","0","-153500","5","-100.00","5988","0","-70","0","0","","0","0","0","","",""
"080406","0000","0","152400","152500","152600","152800","152900","153000","153200","153300","153400","153500","152100","152000","151900","151800","151700","151600","151500","151400","151300","151200","12","12","9","6","210","356","147","102","82","188","1","11","10","32","116","297","154","66","91","19","1124","797","0","0","0","0","0","-153500","5","-100.00","5988","0","10","0","0","","0","0","0","","",""
"080406","0001","0","152400","152500","152600","152800","152900","153000","153200","153300","153400","153500","152100","152000","151900","151800","151700","151600","151500","151400","151300","151200","12","12","9","6","210","356","147","102","82","188","1","11","10","32","116","297","154","66","91","19","1124","797","0","0","0","0","0","-153500","5","-100.00","5988","0","0","0","0","","0","0","0","","",""
"080406","0002","0","152400","152500","152600","152800","152900","153000","153200","153300","153400","153500","152100","152000","151900","151800","151700","151600","151500","151400","151300","151200","12","12","9","6","210","356","147","102","82","188","1","11","12","32","116","297","154","66","91","19","1124","799","0","0","0","0","0","-153500","5","-100.00","5988","0","2","0","0","","0","0","0","","",""
"080407","0000","0","152400","152500","152600","152800","152900","153000","153200","153300","153400","153500","152100","152000","151900","151800","151700","151600","151500","151400","151300","151200","12","12","9","6","210","356","147","102","82","188","1","11","12","32","116","297","154","86","91","19","1124","819","0","0","0","0","0","-153500","5","-100.00","5988","0","0","0","0","","0","0","0","","",""
"080407","0001","0","152400","152500","152600","152800","152900","153000","153200","153300","153400","153500","152100","152000","151900","151800","151700","151600","151500","151400","151300","151200","12","12","9","6","210","356","147","102","82","188","6","11","12","32","116","297","154","86","91","19","1124","824","0","0","0","0","0","-153500","5","-100.00","5988","0","5","0","0","","0","0","0","","",""
"080407","0002","0","152400","152500","152600","152800","152900","153000","153200","153300","153400","153500","152100","152000","151900","151800","151700","151600","151500","151400","151300","151200","12","12","9","6","210","356","147","102","82","188","6","11","12","32","116","297","154","86","91","20","1124","825","0","0","0","0","0","-153500","5","-100.00","5988","0","1","0","0","","0","0","0","","",""
"080408","0000","0","152300","152400","152500","152600","152800","152900","153000","153200","153300","153400","152000","151900","151800","151700","151600","151500","151400","151300","151200","151100","12","25","100","9","6","210","356","147","102","82","11","12","32","116","297","154","86","91","20","71","1049","890","0","0","0","0","0","-153500","5","-100.00","5996","-175","65","0","0","","0","0","0","","",""
"080408","0001","0","152300","152400","152500","152600","152800","152900","153000","153200","153300","153400","152000","151900","151800","151700","151600","151500","151400","151300","151200","151100","12","25","100","9","6","210","356","147","102","82","13","12","32","116","297","154","86","91","20","71","1049","892","0","0","0","0","0","-153500","5","-100.00","5996","0","2","0","0","","0","0","0","","",""
"080408","0002","0","152300","152400","152500","152600","152800","152900","153000","153200","153300","153400","151900","151800","151700","151600","151500","151400","151300","151200","151100","151000","12","25","100","9","6","210","356","147","102","82","12","32","116","297","154","86","91","20","71","144","1049","1023","0","0","0","0","0","-153500","5","-100.00","6011","0","131","0","0","","0","0","0","","",""
"080409","0000","0","152200","152300","152500","152600","152800","152900","153000","153200","153300","153400","151900","151800","151700","151600","151500","151400","151300","151200","151100","151000","12","12","100","9","6","210","356","147","102","82","12","33","116","297","154","86","91","20","71","144","1036","1024","0","0","0","0","0","-153500","5","-100.00","6020","0","1","0","0","","0","0","0","","",""
"080409","0001","0","152200","152300","152500","152600","152800","152900","153000","153200","153300","153400","151900","151800","151700","151600","151500","151400","151300","151200","151100","151000","12","12","100","9","6","210","356","147","102","82","12","33","116","297","159","86","91","20","71","144","1036","1029","0","0","0","0","0","-153500","5","-100.00","6020","0","5","0","0","","0","0","0","","",""
"080409","0002","0","152200","152300","152500","152600","152800","152900","153000","153200","153300","153400","151900","151800","151700","151600","151500","151400","151300","151200","151100","151000","12","12","100","9","6","210","356","147","102","82","12","33","116","297","159","86","91","20","51","144","1036","1009","0","0","0","0","0","-153500","5","-100.00","6020","0","-20","0","0","","0","0","0","","",""
"080409","0003","0","152100","152200","152500","152600","152800","152900","153000","153200","153300","153400","151900","151800","151700","151600","151500","151400","151300","151200","151100","151000","12","25","124","9","6","210","356","147","102","82","12","533","116","297","159","86","91","20","51","144","1073","1509","0","0","0","0","0","-153500","5","-100.00","6021","0","500","0","0","","0","0","0","","",""
"080410","0000","0","152100","152200","152500","152600","152800","152900","153000","153200","153300","153400","151900","151800","151700","151600","151500","151400","151300","151200","151100","151000","12","25","124","9","6","210","356","147","102","82","12","538","116","297","159","86","91","20","51","144","1073","1514","0","0","0","0","0","-153500","5","-100.00","6021","0","5","0","0","","0","0","0","","",""
"080410","0001","0","152400","152500","152600","152800","152900","153000","153200","153300","153400","153500","152000","151900","151800","151700","151600","151500","151400","151300","151200","151100","12","136","9","6","210","359","147","102","82","188","50","12","538","116","297","159","86","91","20","51","1251","1420","0","0","0","0","0","-153500","5","-100.00","6021","3","0","0","0","","0","0","0","","",""
"080410","0002","0","152200","152300","152500","152600","152800","152900","153000","153200","153300","153400","152000","151900","151800","151700","151600","151500","151400","151300","151200","151100","12","17","124","9","6","210","359","147","102","82","50","12","538","116","297","169","86","91","20","51","1068","1430","0","0","0","0","0","-153500","5","-100.00","6021","0","10","0","0","","0","0","0","","",""
"080410","0003","0","152200","152300","152500","152600","152800","152900","153000","153200","153300","153400","152000","151900","151800","151700","151600","151500","151400","151300","151200","151100","12","17","124","9","6","210","359","147","102","82","50","12","538","116","297","169","86","91","20","51","1068","1430","0","0","0","0","0","-153500","5","-100.00","6021","0","0","0","0","","0","0","0","","",""
"080411","0000","0","152200","152300","152500","152600","152800","152900","153000","153200","153300","153400","152000","151900","151800","151700","151600","151500","151400","151300","151200","151100","12","17","124","9","6","210","359","147","102","82","50","12","538","116","298","169","86","91","20","51","1068","1431","0","0","0","0","0","-153500","5","-100.00","6021","0","1","0","0","","0","0","0","","",""
"080412","0000","0","152200","152300","152500","152600","152800","152900","153000","153200","153300","153400","152000","151900","151800","151700","151600","151500","151400","151300","151200","151100","12","17","124","9","6","210","359","147","102","82","52","12","538","116","298","169","86","91","20","51","1068","1433","0","0","0","0","0","-153500","5","-100.00","6021","0","2","0","0","","0","0","0","","",""
"080412","0001","0","152300","152500","152600","152800","152900","153000","153200","153300","153400","153500","152000","151900","151800","151700","151600","151500","151400","151300","151200","151100","17","124","9","6","210","359","147","102","82","188","55","14","538","116","298","169","86","91","20","51","1244","1438","0","0","0","0","0","-153500","5","-100.00","6024","0","1","0","0","","0","0","0","","",""
"080412","0002","0","152300","152500","152600","152800","152900","153000","153200","153300","153400","153500","152000","151900","151800","151700","151600","151500","151400","151300","151200","151100","17","124","9","6","210","359","147","102","82","188","55","14","538","116","298","169","86","91","20","52","1244","1439","0","0","0","0","0","-153500","5","-100.00","6024","0","1","0","0","","0","0","0","","",""
"080412","0003","0","152200","152300","152500","152600","152800","152900","153000","153200","153300","153400","152000","151900","151800","151700","151600","151500","151400","151300","151200","151100","12","17","124","9","6","210","359","147","102","82","41","14","716","116","328","169","86","91","20","52","1068","1633","0","0","0","0","0","-153500","5","-100.00","6039","-176","-15","0","0","","0","0","0","","",""
"080413","0000","0","152200","152300","152500","152600","152800","152900","153000","153200","153300","153400","152000","151900","151800","151700","151600","151500","151400","151300","151200","151100","12","17","124","9","6","210","359","147","102","82","51","14","716","116","328","169","86","91","20","52","1068","1643","0","0","0","0","0","-153500","5","-100.00","6039","0","10","0","0","","0","0","0","","",""
"080413","0001","0","152300","152500","152600","152800","152900","153000","153200","153300","153400","153500","152000","151900","151800","151700","151600","151500","151400","151300","151200","151100","17","124","9","6","210","359","147","102","82","188","61","14","716","116","328","169","86","91","20","52","1244","1653","0","0","0","0","0","-153500","5","-100.00","6039","176","10","0","0","","0","0","0","","",""
"080413","0002","0","152300","152500","152600","152800","152900","153000","153200","153300","153400","153500","152000","151900","151800","151700","151600","151500","151400","151300","151200","151100","17","124","9","6","210","359","147","102","82","188","63","14","716","116","328","169","86","91","20","52","1244","1655","0","0","0","0","0","-153500","5","-100.00","6039","0","2","0","0","","0","0","0","","",""
"080414","0000","0","152300","152500","152600","152800","152900","153000","153200","153300","153400","153500","152100","152000","151900","151800","151700","151600","151500","151400","151300","151200","17","124","9","6","210","359","147","102","82","188","1","63","14","716","116","328","169","86","91","20","1244","1604","0","0","0","0","0","-153500","5","-100.00","6039","0","-51","0","0","","0","0","0","","",""
"080414","0001","0","152300","152500","152600","152800","152900","153000","153200","153300","153400","153500","152100","152000","151900","151800","151700","151600","151500","151400","151300","151200","17","124","9","6","210","359","147","102","82","188","1","63","14","716","116","328","171","86","91","20","1244","1606","0","0","0","0","0","-153500","5","-100.00","6039","0","2","0","0","","0","0","0","","",""
"080414","0002","0","152300","152500","152600","152800","152900","153000","153200","153300","153400","153500","152100","152000","151900","151800","151700","151600","151500","151400","151300","151200","17","149","9","6","210","359","147","102","82","188","1","63","14","716","116","328","171","86","91","20","1269","1606","0","0","0","0","0","-153500","5","-100.00","6039","0","0","0","0","","0","0","0","","",""
"080415","0000","0","152300","152500","152600","152800","152900","153000","153200","153300","153400","153500","152100","152000","151900","151800","151700","151600","151500","151400","151300","151200","17","149","9","6","210","359","147","102","82","188","1","63","14","718","116","328","171","86","91","20","1269","1608","0","0","0","0","0","-153500","5","-100.00","6039","0","0","0","0","","0","0","0","","",""
"080415","0001","0","152200","152300","152500","152600","152800","152900","153000","153200","153300","153400","152000","151900","151800","151700","151600","151500","151400","151300","151200","151100","12","17","149","9","6","210","359","147","102","82","44","16","718","116","328","171","86","91","20","53","1093","1643","0","0","0","0","0","-153500","5","-100.00","6059","0","2","0","0","","0","0","0","","",""
"080415","0002","0","152300","152500","152600","152800","152900","153000","153200","153300","153400","153500","152100","152000","151900","151800","151700","151600","151500","151400","151300","151200","17","149","9","6","210","359","147","102","82","188","10","44","16","718","116","328","171","86","91","20","1269","1600","0","0","0","0","0","-153500","5","-100.00","6059","176","-43","0","0","","0","0","0","","",""
"080415","0003","0","152300","152500","152600","152800","152900","153000","153200","153300","153400","153500","152100","152000","151900","151800","151700","151600","151500","151400","151300","151200","17","149","9","6","210","359","147","102","82","188","10","44","16","718","116","328","171","87","91","20","1269","1601","0","0","0","0","0","-153500","5","-100.00","6059","0","1","0","0","","0","0","0","","",""
"080415","0004","0","152300","152500","152600","152800","152900","153000","153200","153300","153400","153500","152100","152000","151900","151800","151700","151600","151500","151400","151300","151200","17","149","9","6","210","359","147","102","82","188","10","44","16","718","116","329","171","87","91","20","1269","1602","0","0","0","0","0","-153500","5","-100.00","6059","0","1","0","0","","0","0","0","","",""
"080416","0000","0","152300","152500","152600","152800","152900","153000","153200","153300","153400","153500","152100","152000","151900","151800","151700","151600","151500","151400","151300","151200","17","149","9","6","210","359","147","102","82","188","10","44","19","719","116","329","171","87","91","20","1269","1606","0","0","0","0","0","-153500","5","-100.00","6059","0","3","0","0","","0","0","0","","",""
"080416","0001","0","152300","152500","152600","152800","152900","153000","153200","153300","153400","153500","152200","152100","152000","151900","151800","151700","151600","151500","151400","151300","17","149","9","6","210","359","147","102","82","188","5","10","45","19","719","116","329","171","87","91","1269","1592","0","0","0","0","0","-153500","5","-100.00","6059","0","1","0","0","","0","0","0","","",""
"080416","0002","0","152300","152500","152600","152800","152900","153000","153200","153300","153400","153500","152200","152100","152000","151900","151800","151700","151600","151500","151400","151300","17","149","9","6","210","359","147","102","82","188","55","10","45","19","719","116","329","171","87","91","1269","1642","0","0","0","0","0","-153500","5","-100.00","6059","0","50","0","0","","0","0","0","","",""
"080417","0000","0","152300","152500","152600","152800","152900","153000","153200","153300","153400","153500","152200","152100","152000","151900","151800","151700","151600","151500","151400","151300","17","149","9","6","210","359","147","102","82","188","55","10","46","19","719","116","329","171","87","91","1269","1643","0","0","0","0","0","-153500","5","-100.00","6059","0","1","0","0","","0","0","0","","",""
"080417","0001","0","152300","152500","152600","152800","152900","153000","153200","153300","153400","153500","152200","152100","152000","151900","151800","151700","151600","151500","151400","151300","17","149","9","6","210","359","147","102","82","188","55","10","46","19","719","116","329","171","118","91","1269","1674","0","0","0","0","0","-153500","5","-100.00","6059","0","31","0","0","","0","0","0","","",""
"080417","0002","0","152300","152500","152600","152800","152900","153000","153200","153300","153400","153500","152200","152100","152000","151900","151800","151700","151600","151500","151400","151300","5","149","9","6","210","359","147","102","82","188","55","10","46","19","719","116","329","171","118","91","1257","1674","0","0","0","0","0","-153500","5","-100.00","6059","-12","0","0","0","","0","0","0","","",""
"080417","0003","0","152300","152500","152600","152800","152900","153000","153200","153300","153400","153500","152200","152100","152000","151900","151800","151700","151600","151500","151400","151300","5","149","9","6","210","359","147","102","82","188","55","20","46","19","729","116","329","171","118","91","1257","1694","0","0","0","0","0","-153500","5","-100.00","6059","0","10","0","0","","0","0","0","","",""
"080417","0004","0","152300","152500","152600","152800","152900","153000","153200","153300","153400","153500","152200","152100","152000","151900","151800","151700","151600","151500","151400","151300","5","149","9","6","210","359","147","102","82","188","55","20","46","21","729","116","329","171","118","91","1257","1696","0","0","0","0","0","-153500","5","-100.00","6059","0","2","0","0","","0","0","0","","",""
"080418","0000","0","152300","152500","152600","152800","152900","153000","153200","153300","153400","153500","152200","152100","152000","151900","151800","151700","151600","151500","151400","151300","5","149","9","6","210","359","147","102","82","188","55","20","47","22","729","116","329","171","118","91","1257","1698","0","0","0","0","0","-153500","5","-100.00","6059","0","1","0","0","","0","0","0","","",""
"080418","0001","0","152300","152500","152600","152800","152900","153000","153200","153300","153400","153500","152200","152100","152000","151900","151800","151700","151600","151500","151400","151300","5","149","9","6","210","359","147","102","82","188","55","20","57","22","729","116","329","171","118","91","1257","1708","0","0","0","0","0","-153500","5","-100.00","6059","0","10","0","0","","0","0","0","","",""
"080418","0002","0","152300","152500","152600","152800","152900","153000","153200","153300","153400","153500","152200","152100","152000","151900","151800","151700","151600","151500","151400","151300","5","149","9","6","210","359","147","102","82","188","54","20","57","22","729","116","329","170","118","91","1257","1706","0","0","0","0","0","-153500","5","-100.00","6060","0","-1","0","0","","0","0","0","","",""
"080418","0003","0","152300","152500","152600","152800","152900","153000","153200","153300","153400","153500","152200","152100","152000","151900","151800","151700","151600","151500","151400","151300","5","149","9","6","210","359","147","102","82","188","54","20","57","22","729","116","329","180","118","91","1257","1716","0","0","0","0","0","-153500","5","-100.00","6060","0","1","0","0","","0","0","0","","",""
"080419","0000","0","152300","152500","152600","152800","152900","153000","153200","153300","153400","153500","152200","152100","152000","151900","151800","151700","151600","151500","151400","151300","5","149","9","6","210","359","147","102","82","188","54","20","57","23","729","118","329","180","118","91","1257","1719","0","0","0","0","0","-153500","5","-100.00","6060","0","2","0","0","","0","0","0","","",""
"080419","0001","0","152200","152300","152500","152600","152800","152900","153000","153200","153300","153400","152100","152000","151900","151800","151700","151600","151500","151400","151300","151200","446","5","149","9","6","210","359","147","102","82","40","62","123","729","118","329","180","118","91","20","1515","1810","0","0","0","0","0","-153500","5","-100.00","6114","258","-34","0","0","","0","0","0","","",""
"080419","0002","0","152200","152300","152500","152600","152800","152900","153000","153200","153300","153400","152000","151900","151800","151700","151600","151500","151400","151300","151200","151100","448","5","149","9","6","210","359","147","102","82","62","123","729","118","329","180","118","91","20","60","1517","1830","0","0","0","0","0","-153500","5","-100.00","6154","2","20","0","0","","0","0","0","","",""
"080419","0003","0","152200","152300","152500","152600","152800","152900","153000","153200","153300","153400","152000","151900","151800","151700","151600","151500","151400","151300","151200","151100","448","5","149","9","6","211","359","147","102","82","62","123","729","118","329","180","118","91","20","60","1518","1830","0","0","0","0","0","-153500","5","-100.00","6154","1","0","0","0","","0","0","0","","",""
"080420","0000","0","152200","152300","152500","152600","152800","152900","153000","153200","153300","153400","152000","151900","151800","151700","151600","151500","151400","151300","151200","151100","448","5","149","9","6","211","359","147","102","82","62","123","729","118","330","180","118","91","20","60","1518","1831","0","0","0","0","0","-153500","5","-100.00","6154","0","1","0","0","","0","0","0","","",""
"080420","0001","0","152200","152300","152500","152600","152800","152900","153000","153200","153300","153400","152000","151900","151800","151700","151600","151500","151400","151300","151200","151100","448","5","149","9","6","211","359","147","102","82","62","123","729","118","331","180","118","91","20","60","1518","1832","0","0","0","0","0","-153500","5","-100.00","6154","0","1","0","0","","0","0","0","","",""
"080420","0002","0","152200","152300","152500","152600","152800","152900","153000","153200","153300","153400","152000","151900","151800","151700","151600","151500","151400","151300","151200","151100","448","5","149","9","6","211","359","147","102","82","62","123","734","118","326","180","118","91","20","60","1518","1832","0","0","0","0","0","-153500","5","-100.00","6154","0","0","0","0","","0","0","0","","",""
"080420","0003","0","152200","152300","152500","152600","152800","152900","153000","153200","153300","153400","152000","151900","151800","151700","151600","151500","151400","151300","151200","151100","451","5","149","9","6","211","359","147","102","82","64","123","744","118","326","180","118","91","20","95","1521","1879","0","0","0","0","0","-153500","5","-100.00","6154","0","1","0","0","","0","0","0","","",""
"080421","0000","0","152100","152200","152300","152500","152600","152800","152900","153000","153200","153300","152000","151900","151800","151700","151600","151500","151400","151300","151200","151100","272","451","5","149","9","6","211","359","147","102","64","123","744","118","326","180","118","91","20","95","1711","1879","0","0","0","0","0","-153500","5","-100.00","6154","190","0","0","0","","0","0","0","","",""
"080421","0001","0","152100","152200","152300","152500","152600","152800","152900","153000","153200","153300","152000","151900","151800","151700","151600","151500","151400","151300","151200","151100","272","451","5","149","9","6","211","359","147","102","65","123","745","118","326","180","118","91","20","95","1711","1881","0","0","0","0","0","-153500","5","-100.00","6154","0","1","0","0","","0","0","0","","",""
"080421","0002","0","152100","152200","152300","152500","152600","152800","152900","153000","153200","153300","152000","151900","151800","151700","151600","151500","151400","151300","151200","151100","273","451","5","149","9","6","211","359","147","102","65","123","745","118","326","180","118","91","20","95","1712","1881","0","0","0","0","0","-153500","5","-100.00","6154","1","0","0","0","","0","0","0","","",""
"080422","0000","0","152100","152200","152300","152500","152600","152800","152900","153000","153200","153300","152000","151900","151800","151700","151600","151500","151400","151300","151200","151100","279","451","5","149","9","6","211","359","147","102","65","123","745","118","326","180","118","191","20","95","1718","1981","0","0","0","0","0","-153500","5","-100.00","6154","0","100","0","0","","0","0","0","","",""
"080422","0001","0","152100","152200","152300","152500","152600","152800","152900","153000","153200","153300","152000","151900","151800","151700","151600","151500","151400","151300","151200","151100","279","451","5","149","9","6","211","359","147","102","70","123","745","118","326","180","118","191","20","95","1718","1986","0","0","0","0","0","-153500","5","-100.00","6154","0","0","0","0","","0","0","0","","",""
"080422","0002","0","152100","152200","152300","152500","152600","152800","152900","153000","153200","153300","152000","151900","151800","151700","151600","151500","151400","151300","151200","151100","279","451","5","149","9","6","211","359","147","102","75","123","745","118","326","180","118","191","20","95","1718","1991","0","0","0","0","0","-153500","5","-100.00","6154","0","5","0","0","","0","0","0","","",""
"080423","0000","0","152100","152200","152300","152500","152600","152800","152900","153000","153200","153300","152000","151900","151800","151700","151600","151500","151400","151300","151200","151100","279","451","5","209","9","6","211","359","147","102","103","123","745","118","326","180","118","191","20","95","1778","2019","0","0","0","0","0","-153500","5","-100.00","6154","60","28","0","0","","0","0","0","","",""
"080423","0001","0","152100","152200","152300","152500","152600","152800","152900","153000","153200","153300","152000","151900","151800","151700","151600","151500","151400","151300","151200","151100","279","451","5","209","9","6","211","359","147","102","105","123","745","118","326","180","118","191","20","95","1778","2021","0","0","0","0","0","-153500","5","-100.00","6154","0","2","0","0","","0","0","0","","",""
"080423","0002","0","152100","152200","152300","152500","152600","152800","152900","153000","153200","153300","152000","151900","151800","151700","151600","151500","151400","151300","151200","151100","279","451","5","209","9","6","211","359","147","102","105","123","745","118","326","180","118","191","20","97","1778","2023","0","0","0","0","0","-153500","5","-100.00","6154","0","2","0","0","","0","0","0","","",""
"080424","0000","0","151900","152000","152100","152200","152300","152500","152800","152900","153000","153200","151800","151700","151600","151500","151400","151300","151200","151100","151000","150900","35","12","279","451","5","209","6","211","359","147","170","118","326","180","118","191","20","97","149","55","1714","1424","0","0","0","0","0","-153500","5","-100.00","6957","-64","-599","0","0","","0","0","0","","",""
"080424","0001","0","151900","152100","152200","152300","152500","152800","152900","153000","153200","153300","151800","151700","151600","151500","151400","151300","151200","151100","151000","150900","27","279","451","5","209","6","211","359","147","102","170","118","326","180","118","191","20","97","149","55","1796","1424","0","0","0","0","0","-153500","5","-100.00","6959","89","0","0","0","","0","0","0","","",""
"080424","0002","0","151900","152000","152100","152200","152300","152500","152800","152900","153000","153200","151800","151700","151600","151500","151400","151300","151200","151100","151000","150900","27","20","379","451","5","209","6","211","359","147","170","118","326","180","118","199","20","97","149","55","1814","1432","0","0","0","0","0","-153500","5","-100.00","6959","0","8","0","0","","0","0","0","","",""
"080424","0003","0","151900","152000","152100","152200","152300","152500","152800","152900","153000","153200","151800","151700","151600","151500","151400","151300","151200","151100","151000","150900","20","20","379","451","5","212","6","211","356","147","170","118","326","180","118","199","20","97","149","55","1807","1432","0","0","0","0","0","-153500","5","-100.00","6979","-7","0","0","0","","0","0","0","","",""
"080424","0004","0","151900","152000","152100","152200","152300","152500","152800","152900","153000","153200","151800","151700","151600","151500","151400","151300","151200","151100","151000","150900","20","20","379","451","5","222","6","211","356","147","170","118","326","180","118","199","20","97","149","55","1817","1432","0","0","0","0","0","-153500","5","-100.00","6979","10","0","0","0","","0","0","0","","",""
"080425","0000","0","152100","152200","152300","152500","152800","152900","153000","153200","153300","153400","151800","151700","151600","151500","151400","151300","151200","151100","151000","150900","159","451","5","222","6","211","356","147","102","82","170","118","327","180","118","199","20","97","149","55","1741","1433","0","0","0","0","0","-153500","5","-100.00","7239","0","1","0","0","","0","0","0","","",""
"080425","0001","0","152100","152200","152300","152500","152800","152900","153000","153200","153300","153400","151900","151800","151700","151600","151500","151400","151300","151200","151100","151000","179","451","5","222","6","211","356","147","102","82","10","170","118","327","180","118","199","20","97","149","1761","1388","0","0","0","0","0","-153500","5","-100.00","7239","0","-45","0","0","","0","0","0","","",""
"080425","0002","0","152100","152200","152300","152500","152800","152900","153000","153200","153300","153400","151900","151800","151700","151600","151500","151400","151300","151200","151100","151000","176","451","5","222","6","211","356","147","102","82","10","170","118","327","180","118","199","20","97","149","1758","1388","0","0","0","0","0","-153500","5","-100.00","7242","-3","0","0","0","","0","0","0","","",""
"080425","0003","0","152100","152200","152300","152500","152800","152900","153000","153200","153300","153400","151900","151800","151700","151600","151500","151400","151300","151200","151100","151000","176","451","5","223","6","211","356","147","102","82","10","170","118","327","180","118","199","20","97","149","1759","1388","0","0","0","0","0","-153500","5","-100.00","7242","1","0","0","0","","0","0","0","","",""
"080426","0000","0","152100","152200","152300","152500","152800","152900","153000","153200","153300","153400","151900","151800","151700","151600","151500","151400","151300","151200","151100","151000","176","451","5","223","6","211","356","147","102","82","10","170","118","327","175","118","199","20","97","149","1759","1383","0","0","0","0","0","-153500","5","-100.00","7242","0","-5","0","0","","0","0","0","","",""
"080426","0001","0","152100","152200","152300","152500","152800","152900","153000","153200","153300","153400","152000","151900","151800","151700","151600","151500","151400","151300","151200","151100","176","451","5","223","6","211","356","147","102","82","10","10","170","118","327","175","118","199","20","97","1759","1244","0","0","0","0","0","-153500","5","-100.00","7242","0","-139","0","0","","0","0","0","","",""
"080426","0002","0","152100","152200","152300","152500","152800","152900","153000","153200","153300","153400","152000","151900","151800","151700","151600","151500","151400","151300","151200","151100","176","451","5","223","6","211","356","147","102","82","10","10","170","118","327","205","118","199","20","97","1759","1274","0","0","0","0","0","-153500","5","-100.00","7242","0","30","0","0","","0","0","0","","",""
"080427","0000","0","152100","152200","152300","152500","152800","152900","153000","153200","153300","153400","152000","151900","151800","151700","151600","151500","151400","151300","151200","151100","176","451","5","223","6","211","356","147","102","82","10","10","170","118","326","206","118","199","20","97","1759","1274","0","0","0","0","0","-153500","5","-100.00","7242","0","1","0","0","","0","0","0","","",""
"080427","0001","0","152100","152200","152300","152500","152800","152900","153000","153200","153300","153400","152000","151900","151800","151700","151600","151500","151400","151300","151200","151100","176","449","5","223","6","211","356","147","102","82","20","10","170","123","326","206","118","199","20","97","1757","1289","0","0","0","0","0","-153500","5","-100.00","7242","-2","5","0","0","","0","0","0","","",""
"080427","0002","0","152100","152200","152300","152500","152800","152900","153000","153200","153300","153400","152000","151900","151800","151700","151600","151500","151400","151300","151200","151100","176","449","5","223","6","211","356","147","102","82","20","10","170","123","327","206","118","199","20","97","1757","1290","0","0","0","0","0","-153500","5","-100.00","7242","0","1","0","0","","0","0","0","","",""
"080427","0003","0","152100","152200","152300","152500","152800","152900","153000","153200","153300","153400","152000","151900","151800","151700","151600","151500","151400","151300","151200","151100","176","449","5","223","6","211","356","147","102","82","20","10","170","123","327","216","118","199","20","102","1757","1305","0","0","0","0","0","-153500","5","-100.00","7242","0","10","0","0","","0","0","0","","",""
"080427","0004","0","152100","152200","152300","152500","152800","152900","153000","153200","153300","153400","152000","151900","151800","151700","151600","151500","151400","151300","151200","151100","176","449","5","223","6","211","356","147","102","82","20","10","170","123","327","216","118","199","20","102","1757","1305","0","0","0","0","0","-153500","5","-100.00","7242","0","0","0","0","","0","0","0","","",""
"080428","0000","0","152100","152200","152300","152500","152800","152900","153000","153200","153300","153400","152000","151900","151800","151700","151600","151500","151400","151300","151200","151100","176","449","5","223","6","211","356","147","102","82","20","20","170","123","327","216","118","199","20","102","1757","1315","0","0","0","0","0","-153500","5","-100.00","7242","0","10","0","0","","0","0","0","","",""
"080428","0001","0","152100","152200","152300","152500","152800","152900","153000","153200","153300","153400","152000","151900","151800","151700","151600","151500","151400","151300","151200","151100","179","446","5","223","6","211","356","147","102","82","20","20","170","123","327","216","118","199","20","102","1757","1315","0","0","0","0","0","-153500","5","-100.00","7242","0","0","0","0","","0","0","0","","",""
"080428","0002","0","152100","152200","152300","152500","152800","152900","153000","153200","153300","153400","152000","151900","151800","151700","151600","151500","151400","151300","151200","151100","149","446","5","223","6","211","356","147","102","82","20","20","170","123","327","216","118","199","20","102","1727","1315","0","0","0","0","0","-153500","5","-100.00","7272","-30","0","0","0","","0","0","0","","",""
"080429","0000","0","152100","152200","152300","152500","152800","152900","153000","153200","153300","153400","152000","151900","151800","151700","151600","151500","151400","151300","151200","151100","149","446","5","223","6","211","356","147","102","82","10","20","170","123","327","216","118","199","20","102","1727","1305","0","0","0","0","0","-153500","5","-100.00","7282","0","-10","0","0","","0","0","0","","",""
"080429","0001","0","152100","152200","152300","152500","152800","152900","153000","153200","153300","153400","151900","151800","151700","151600","151500","151400","151300","151200","151100","151000","188","446","5","223","6","211","356","147","102","82","20","170","123","327","216","118","199","20","102","159","1766","1454","0","0","0","0","0","-153500","5","-100.00","7292","39","149","0","0","","0","0","0","","",""
"080429","0002","0","152000","152100","152200","152300","152500","152800","152900","153000","153200","153300","151900","151800","151700","151600","151500","151400","151300","151200","151100","151000","8","188","446","5","223","6","211","356","147","102","20","170","123","327","216","118","199","20","102","159","1692","1454","0","0","0","0","0","-153500","5","-100.00","7292","-74","0","0","0","","0","0","0","","",""
"080430","0000","0","152000","152100","152200","152300","152500","152800","152900","153000","153200","153300","151900","151800","151700","151600","151500","151400","151300","151200","151100","151000","18","191","446","5","223","6","211","356","147","102","20","170","123","327","216","118","199","20","102","159","1705","1454","0","0","0","0","0","-153500","5","-100.00","7292","10","0","0","0","","0","0","0","","",""
"080430","0001","0","152000","152100","152200","152300","152500","152800","152900","153000","153200","153300","151900","151800","151700","151600","151500","151400","151300","151200","151100","151000","17","191","446","5","223","6","211","356","147","102","20","170","123","327","216","118","199","20","102","159","1704","1454","0","0","0","0","0","-153500","5","-100.00","7293","-1","0","0","0","","0","0","0","","",""
"080430","0002","0","152000","152100","152200","152300","152500","152800","152900","153000","153200","153300","151900","151800","151700","151600","151500","151400","151300","151200","151100","151000","17","191","446","5","223","6","211","356","147","102","20","170","123","327","216","118","199","20","102","159","1704","1454","0","0","0","0","0","-153500","5","-100.00","7293","0","0","0","0","","0","0","0","","",""
"080431","0000","0","152000","152100","152200","152300","152500","152800","152900","153000","153200","153300","151900","151800","151700","151600","151500","151400","151300","151200","151100","151000","17","191","446","5","223","6","211","356","147","102","22","170","123","327","216","118","199","20","102","159","1704","1456","0","0","0","0","0","-153500","5","-100.00","7293","0","2","0","0","","0","0","0","","",""
"080431","0001","0","152000","152100","152200","152300","152500","152800","152900","153000","153200","153300","151900","151800","151700","151600","151500","151400","151300","151200","151100","151000","16","191","446","5","223","6","211","356","147","102","22","170","123","327","216","118","199","21","102","159","1703","1457","0","0","0","0","0","-153500","5","-100.00","7294","0","1","0","0","","0","0","0","","",""
"080431","0002","0","152000","152100","152200","152300","152500","152800","152900","153000","153200","153300","151900","151800","151700","151600","151500","151400","151300","151200","151100","151000","16","191","446","5","223","6","211","356","147","102","42","171","123","327","216","118","199","21","102","159","1703","1478","0","0","0","0","0","-153500","5","-100.00","7294","0","1","0","0","","0","0","0","","",""
"080432","0000","0","152000","152100","152200","152300","152500","152800","152900","153000","153200","153300","151900","151800","151700","151600","151500","151400","151300","151200","151100","151000","17","191","446","5","223","6","211","356","147","102","42","171","123","327","216","118","199","21","102","159","1704","1478","0","0","0","0","0","-153500","5","-100.00","7294","1","0","0","0","","0","0","0","","",""
"080432","0001","0","152000","152100","152200","152300","152500","152800","152900","153000","153200","153300","151900","151800","151700","151600","151500","151400","151300","151200","151100","151000","37","171","446","5","223","6","211","356","147","102","85","171","123","327","216","118","199","21","102","159","1704","1521","0","0","0","0","0","-153500","5","-100.00","7294","0","0","0","0","","0","0","0","","",""
"080432","0002","0","152000","152100","152200","152300","152500","152800","152900","153000","153200","153300","151900","151800","151700","151600","151500","151400","151300","151200","151100","151000","35","171","446","5","223","6","211","356","147","102","85","171","123","327","216","118","199","21","102","159","1702","1521","0","0","0","0","0","-153500","5","-100.00","7302","-8","0","0","0","","0","0","0","","",""
"080432","0003","0","152000","152100","152200","152300","152500","152800","152900","153000","153200","153300","151900","151800","151700","151600","151500","151400","151300","151200","151100","151000","35","171","446","5","223","6","211","356","147","102","111","172","123","327","224","118","199","21","102","159","1702","1556","0","0","0","0","0","-153500","5","-100.00","7302","0","26","0","0","","0","0","0","","",""
"080432","0004","0","152000","152100","152200","152300","152500","152800","152900","153000","153200","153300","151900","151800","151700","151600","151500","151400","151300","151200","151100","151000","31","171","446","5","223","6","211","356","147","102","111","172","123","327","224","118","199","21","102","159","1698","1556","0","0","0","0","0","-153500","5","-100.00","7306","-3","0","0","0","","0","0","0","","",""
"080433","0000","0","152000","152100","152200","152300","152500","152800","152900","153000","153200","153300","151900","151800","151700","151600","151500","151400","151300","151200","151100","151000","31","181","446","5","223","6","211","356","147","102","111","172","123","327","224","148","199","21","102","159","1708","1586","0","0","0","0","0","-153500","5","-100.00","7306","0","30","0","0","","0","0","0","","",""
"080433","0001","0","152000","152100","152200","152300","152500","152800","152900","153000","153200","153300","151900","151800","151700","151600","151500","151400","151300","151200","151100","151000","129","181","446","5","223","6","211","356","147","102","111","172","123","327","224","148","199","21","102","159","1806","1586","0","0","0","0","0","-153500","5","-100.00","7308","-2","0","0","0","","0","0","0","","",""
"080433","0002","0","152000","152100","152200","152300","152500","152800","152900","153000","153200","153300","151900","151800","151700","151600","151500","151400","151300","151200","151100","151000","129","181","446","5","223","6","211","356","147","102","113","172","133","327","224","148","199","21","102","159","1806","1598","0","0","0","0","0","-153500","5","-100.00","7308","0","10","0","0","","0","0","0","","",""
"080433","0003","0","152000","152100","152200","152300","152500","152800","152900","153000","153200","153300","151900","151800","151700","151600","151500","151400","151300","151200","151100","151000","129","181","446","5","199","6","211","356","147","102","113","172","133","327","224","148","199","21","102","159","1782","1598","0","0","0","0","0","-153500","5","-100.00","7308","-24","0","0","0","","0","0","0","","",""
"080434","0000","0","152000","152100","152200","152300","152500","152800","152900","153000","153200","153300","151900","151800","151700","151600","151500","151400","151300","151200","151100","151000","129","181","446","5","199","6","211","356","147","102","113","172","133","327","224","148","199","21","102","159","1782","1598","0","0","0","0","0","-153500","5","-100.00","7308","0","0","0","0","","0","0","0","","",""
"080434","0001","0","152000","152100","152200","152300","152500","152800","152900","153000","153200","153300","151900","151800","151700","151600","151500","151400","151300","151200","151100","151000","129","181","446","5","199","6","211","356","147","102","113","31","133","468","224","148","199","21","102","159","1782","1598","0","0","0","0","0","-153500","5","-100.00","7308","0","0","0","0","","0","0","0","","",""
"080434","0002","0","152000","152100","152200","152300","152500","152800","152900","153000","153200","153300","151900","151800","151700","151600","151500","151400","151300","151200","151100","151000","129","186","446","5","199","6","211","356","147","102","113","31","133","463","224","148","199","26","102","159","1787","1598","0","0","0","0","0","-153500","5","-100.00","7308","5","0","0","0","","0","0","0","","",""
"080434","0003","0","152000","152100","152200","152300","152500","152800","152900","153000","153200","153300","151900","151800","151700","151600","151500","151400","151300","151200","151100","151000","129","186","446","5","199","6","211","356","147","102","113","31","133","463","224","148","199","26","102","162","1787","1601","0","0","0","0","0","-153500","5","-100.00","7308","0","2","0","0","","0","0","0","","",""
"080435","0000","0","152000","152100","152200","152300","152500","152800","152900","153000","153200","153300","151900","151800","151700","151600","151500","151400","151300","151200","151100","151000","124","186","446","5","199","6","211","356","147","102","113","31","134","463","224","148","189","26","102","172","1782","1602","0","0","0","0","0","-153500","5","-100.00","7313","0","1","0","0","","0","0","0","","",""
"080435","0001","0","152000","152100","152200","152300","152500","152800","152900","153000","153200","153300","151900","151800","151700","151600","151500","151400","151300","151200","151100","151000","134","186","446","5","199","6","211","306","147","102","113","31","134","463","224","148","189","26","102","172","1742","1602","0","0","0","0","0","-153500","5","-100.00","7313","-50","0","0","0","","0","0","0","","",""
"080435","0002","0","152000","152100","152200","152300","152500","152800","152900","153000","153200","153300","151900","151800","151700","151600","151500","151400","151300","151200","151100","151000","114","186","446","5","199","6","211","306","147","102","113","31","134","463","224","148","189","26","102","172","1722","1602","0","0","0","0","0","-153500","5","-100.00","7333","-20","0","0","0","","0","0","0","","",""
"080435","0003","0","152000","152100","152200","152300","152500","152800","152900","153000","153200","153300","151900","151800","151700","151600","151500","151400","151300","151200","151100","151000","114","186","446","5","199","6","211","306","147","102","113","31","134","463","224","148","189","26","102","172","1722","1602","0","0","0","0","0","-153500","5","-100.00","7333","0","0","0","0","","0","0","0","","",""
"080435","0004","0","152000","152100","152200","152300","152500","152800","152900","153000","153200","153300","151900","151800","151700","151600","151500","151400","151300","151200","151100","151000","114","186","446","5","199","6","211","306","147","102","113","31","134","463","224","148","189","26","102","173","1722","1603","0","0","0","0","0","-153500","5","-100.00","7333","0","1","0","0","","0","0","0","","",""
"080436","0000","0","152000","152100","152200","152500","152800","152900","153000","153200","153300","153400","151900","151800","151700","151600","151500","151400","151300","151200","151100","151000","119","186","446","199","6","211","306","147","102","82","113","31","134","463","224","148","189","26","102","173","1804","1603","0","0","0","0","0","-153500","5","-100.00","7333","82","0","0","0","","0","0","0","","",""
"080436","0001","0","152000","152100","152200","152500","152800","152900","153000","153200","153300","153400","151900","151800","151700","151600","151500","151400","151300","151200","151100","151000","118","186","446","199","6","211","306","147","102","82","113","31","134","463","224","148","189","26","102","173","1803","1603","0","0","0","0","0","-153500","5","-100.00","7334","-1","0","0","0","","0","0","0","","",""
"080436","0002","0","152000","152100","152200","152500","152800","152900","153000","153200","153300","153400","151900","151800","151700","151600","151500","151400","151300","151200","151100","151000","468","186","446","199","6","211","306","147","102","82","113","31","134","463","224","148","189","26","102","173","2153","1603","0","0","0","0","0","-153500","5","-100.00","7334","350","0","0","0","","0","0","0","","",""
"080436","0003","0","152000","152100","152200","152500","152800","152900","153000","153200","153300","153400","151900","151800","151700","151600","151500","151400","151300","151200","151100","151000","478","186","446","199","6","211","306","147","102","82","113","31","134","463","224","148","189","26","102","189","2163","1619","0","0","0","0","0","-153500","5","-100.00","7334","10","0","0","0","","0","0","0","","",""
"080436","0004","0","152000","152100","152200","152500","152800","152900","153000","153200","153300","153400","151900","151800","151700","151600","151500","151400","151300","151200","151100","151000","478","186","446","199","6","211","306","147","102","82","114","31","134","463","224","148","189","26","104","189","2163","1622","0","0","0","0","0","-153500","5","-100.00","7334","0","2","0","0","","0","0","0","","",""
"080437","0000","0","152000","152100","152200","152500","152800","152900","153000","153200","153300","153400","151900","151800","151700","151600","151500","151400","151300","151200","151100","151000","478","186","446","199","6","211","306","147","102","82","114","31","134","463","224","148","199","26","104","189","2163","1632","0","0","0","0","0","-153500","5","-100.00","7334","0","10","0","0","","0","0","0","","",""
"080437","0001","0","152000","152100","152200","152500","152800","152900","153000","153200","153300","153400","151900","151800","151700","151600","151500","151400","151300","151200","151100","151000","482","186","446","199","6","207","306","147","102","82","114","31","134","463","224","148","199","26","104","189","2163","1632","0","0","0","0","0","-153500","5","-100.00","7334","0","0","0","0","","0","0","0","","",""
"080437","0002","0","152000","152100","152200","152500","152800","152900","153000","153200","153300","153400","151900","151800","151700","151600","151500","151400","151300","151200","151100","151000","481","186","446","199","6","207","306","147","102","82","114","31","134","463","224","148","199","26","104","189","2162","1632","0","0","0","0","0","-153500","5","-100.00","7335","-1","0","0","0","","0","0","0","","",""
"080437","0003","0","152000","152100","152200","152500","152800","152900","153000","153200","153300","153400","151900","151800","151700","151600","151500","151400","151300","151200","151100","151000","480","186","446","199","6","207","306","147","102","82","114","31","134","463","214","148","199","26","114","189","2161","1632","0","0","0","0","0","-153500","5","-100.00","7336","0","0","0","0","","0","0","0","","",""
"080438","0000","0","152000","152100","152200","152500","152800","152900","153000","153200","153300","153400","151900","151800","151700","151600","151500","151400","151300","151200","151100","151000","480","186","446","199","6","207","306","147","102","82","117","31","134","463","214","148","199","26","114","189","2161","1635","0","0","0","0","0","-153500","5","-100.00","7336","0","2","0","0","","0","0","0","","",""
"080438","0001","0","152000","152100","152200","152500","152800","152900","153000","153200","153300","153400","151900","151800","151700","151600","151500","151400","151300","151200","151100","151000","480","186","446","199","6","207","306","147","102","82","117","32","134","463","214","148","199","26","114","189","2161","1636","0","0","0","0","0","-153500","5","-100.00","7336","0","1","0","0","","0","0","0","","",""
"080438","0002","0","152000","152100","152200","152500","152800","152900","153000","153200","153300","153400","151900","151800","151700","151600","151500","151400","151300","151200","151100","151000","512","186","446","199","6","207","306","147","102","82","147","32","134","400","214","148","199","26","114","189","2193","1603","0","0","0","0","0","-153500","5","-100.00","7336","0","30","0","0","","0","0","0","","",""
"080438","0003","0","152000","152100","152200","152500","152800","152900","153000","153200","153300","153400","151900","151800","151700","151600","151500","151400","151300","151200","151100","151000","512","186","446","199","6","207","306","147","102","82","147","32","134","400","214","148","199","26","114","199","2193","1613","0","0","0","0","0","-153500","5","-100.00","7336","0","10","0","0","","0","0","0","","",""
"080438","0004","0","152000","152100","152200","152500","152800","152900","153000","153200","153300","153400","151900","151800","151700","151600","151500","151400","151300","151200","151100","151000","509","186","446","199","6","207","306","147","102","82","147","32","134","400","214","148","199","26","114","199","2190","1613","0","0","0","0","0","-153500","5","-100.00","7339","-3","0","0","0","","0","0","0","","",""
"080439","0000","0","151900","152000","152100","152200","152500","152800","152900","153000","153200","153300","151800","151700","151600","151500","151400","151300","151200","151100","151000","150900","4","512","183","446","199","6","207","306","147","102","32","134","401","214","148","199","26","114","199","46","2112","1513","0","0","0","0","0","-153500","5","-100.00","7486","-78","-1","0","0","","0","0","0","","",""
"080439","0001","0","152000","152100","152200","152500","152800","152900","153000","153200","153300","153400","151800","151700","151600","151500","151400","151300","151200","151100","151000","150900","511","183","446","199","6","307","306","147","102","82","32","134","401","214","148","199","26","114","201","46","2289","1515","0","0","0","0","0","-153500","5","-100.00","7491","0","2","0","0","","0","0","0","","",""
"080439","0002","0","152000","152100","152200","152500","152800","152900","153000","153200","153300","153400","151800","151700","151600","151500","151400","151300","151200","151100","151000","150900","511","183","446","199","6","307","306","147","102","82","32","134","401","214","148","199","26","114","201","46","2289","1515","0","0","0","0","0","-153500","5","-100.00","7491","0","0","0","0","","0","0","0","","",""
"080440","0000","0","152000","152100","152200","152500","152800","152900","153000","153200","153300","153400","151800","151700","151600","151500","151400","151300","151200","151100","151000","150900","511","183","446","199","6","307","306","147","102","82","32","134","401","214","143","199","26","114","201","46","2289","1510","0","0","0","0","0","-153500","5","-100.00","7492","0","0","0","0","","0","0","0","","",""
"080440","0001","0","152000","152100","152200","152500","152800","152900","153000","153200","153300","153400","151800","151700","151600","151500","151400","151300","151200","151100","151000","150900","511","183","446","199","6","307","306","147","102","82","32","137","401","214","143","199","26","114","201","46","2289","1513","0","0","0","0","0","-153500","5","-100.00","7492","0","3","0","0","","0","0","0","","",""
"080440","0002","0","152000","152100","152200","152500","152800","152900","153000","153200","153300","153400","151800","151700","151600","151500","151400","151300","151200","151100","151000","150900","511","183","446","199","6","307","306","147","102","82","37","137","401","244","143","199","26","114","201","46","2289","1548","0","0","0","0","0","-153500","5","-100.00","7492","0","5","0","0","","0","0","0","","",""
"080440","0003","0","152000","152100","152200","152500","152800","152900","153000","153200","153300","153400","151800","151700","151600","151500","151400","151300","151200","151100","151000","150900","511","183","446","199","6","307","306","147","102","82","38","137","401","244","143","199","26","114","201","46","2289","1549","0","0","0","0","0","-153500","5","-100.00","7492","0","1","0","0","","0","0","0","","",""
