"time","millisec","HOUR_CLS_CODE","ASKP1","ASKP2","ASKP3","ASKP4","ASKP5","ASKP6","ASKP7","ASKP8","ASKP9","ASKP10","BIDP1","BIDP2","BIDP3","BIDP4","BIDP5","BIDP6","BIDP7","BIDP8","BIDP9","BIDP10","ASKP_RSQN1","ASKP_RSQN2","ASKP_RSQN3","ASKP_RSQN4","ASKP_RSQN5","ASKP_RSQN6","ASKP_RSQN7","ASKP_RSQN8","ASKP_RSQN9","ASKP_RSQN10","BIDP_RSQN1","BIDP_RSQN2","BIDP_RSQN3","BIDP_RSQN4","BIDP_RSQN5","BIDP_RSQN6","BIDP_RSQN7","BIDP_RSQN8","BIDP_RSQN9","BIDP_RSQN10","TOTAL_ASKP_RSQN","TOTAL_BIDP_RSQN","OVTM_TOTAL_ASKP_RSQN","OVTM_TOTAL_BIDP_RSQN","ANTC_CNPR","ANTC_CNQN","ANTC_VOL","ANTC_CNTG_VRSS","ANTC_CNTG_VRSS_SIGN","ANTC_CNTG_PRDY_CTRT","ACML_VOL","TOTAL_ASKP_RSQN_ICDC","TOTAL_BIDP_RSQN_ICDC","OVTM_TOTAL_ASKP_ICDC","OVTM_TOTAL_BIDP_ICDC","STCK_DEAL_CLS_CODE","KMID_PRC","KMID_TOTAL_RSQN","KMID_CLS_CODE","NMID_PRC","NMID_TOTAL_RSQN","NMID_CLS_CODE"
"080000","0000","0","730000","736000","740000","745000","750000","752000","765000","837000","0","0","728000","718000","709000","706000","705000","701000","691000","651000","516000","0","1","2","750","20","1","100","26","6","0","0","5","6","1","70","21","30","50","1","1","0","906","185","0","0","0","0","0","-728000","5","-100.00","0","0","0","0","0","","0","0","0","","",""
"080001","0000","0","730000","736000","740000","745000","750000","751000","752000","753000","760000","765000","728000","721000","718000","714000","712000","709000","706000","705000","701000","700000","1","2","750","20","1","1","101","1","10","26","5","2","6","13","50","1","70","21","30","8","913","206","0","0","0","0","0","-728000","5","-100.00","0","7","21","0","0","","0","0","0","","",""
"080001","0001","0","727000","728000","730000","736000","738000","740000","742000","745000","746000","748000","721000","720000","718000","714000","713000","712000","710000","709000","708000","706000","1","39","1","2","1","750","150","20","1","13","2","15","6","13","1","50","4","1","10","70","978","172","0","0","0","0","0","-728000","5","-100.00","11","65","-34","0","0","","0","0","0","","",""
"080002","0000","0","736000","737000","738000","739000","740000","742000","745000","746000","747000","748000","730000","721000","720000","718000","714000","713000","712000","710000","709000","708000","2","3","1","10","750","150","20","1","30","23","70","2","15","6","13","1","50","4","1","10","990","172","0","0","0","0","0","-728000","5","-100.00","71","12","0","0","0","","0","0","0","","",""
"080002","0001","0","736000","737000","738000","739000","740000","742000","745000","746000","747000","748000","730000","721000","720000","718000","714000","713000","712000","710000","709000","708000","2","3","1","10","750","150","20","1","30","23","59","2","15","6","13","1","50","4","1","10","990","161","0","0","0","0","0","-728000","5","-100.00","82","0","-11","0","0","","0","0","0","","",""
"080003","0000","0","736000","737000","738000","739000","740000","742000","745000","746000","747000","748000","730000","721000","720000","718000","714000","713000","712000","711000","710000","709000","3","3","1","69","750","150","20","1","30","23","58","2","15","6","13","6","55","5","9","6","1050","175","0","0","0","0","0","-728000","5","-100.00","83","60","14","0","0","","0","0","0","","",""
"080003","0001","0","736000","737000","738000","739000","740000","742000","745000","746000","747000","748000","730000","727000","721000","720000","718000","714000","713000","712000","711000","710000","3","3","1","69","750","150","20","1","30","23","58","77","2","15","6","13","6","55","8","9","1050","249","0","0","0","0","0","-728000","5","-100.00","83","0","74","0","0","","0","0","0","","",""
"080004","0000","0","736000","737000","738000","739000","740000","742000","745000","746000","747000","748000","730000","727000","721000","720000","718000","714000","713000","712000","711000","710000","3","3","1","69","750","150","20","1","30","23","59","77","2","15","6","13","6","55","8","9","1050","250","0","0","0","0","0","-728000","5","-100.00","83","0","1","0","0","","0","0","0","","",""
"080005","0000","0","736000","737000","738000","739000","740000","742000","745000","746000","747000","748000","730000","728000","727000","721000","720000","718000","714000","713000","712000","711000","3","3","1","69","750","150","20","1","30","23","59","1","77","2","15","6","13","6","55","8","1050","242","0","0","0","0","0","-728000","5","-100.00","83","0","-8","0","0","","0","0","0","","",""
"080005","0001","0","736000","737000","738000","739000","740000","742000","743000","745000","746000","747000","730000","728000","727000","721000","720000","718000","714000","713000","712000","711000","3","3","1","69","750","150","1","20","1","30","59","1","77","2","15","6","13","6","55","8","1028","242","0","0","0","0","0","-728000","5","-100.00","83","-22","0","0","0","","0","0","0","","",""
"080006","0000","0","736000","737000","738000","739000","740000","742000","743000","745000","746000","747000","730000","728000","727000","721000","720000","718000","714000","713000","712000","711000","3","3","86","69","750","150","1","20","1","30","59","1","77","2","15","6","13","6","55","8","1113","242","0","0","0","0","0","-728000","5","-100.00","83","85","0","0","0","","0","0","0","","",""
"080006","0001","0","735000","736000","737000","738000","739000","740000","742000","743000","745000","746000","730000","728000","727000","721000","720000","718000","714000","713000","712000","711000","2","5","3","86","69","750","150","1","20","1","61","1","77","2","15","6","13","6","55","8","1087","244","0","0","0","0","0","-728000","5","-100.00","83","-26","2","0","0","","0","0","0","","",""
"080006","0002","0","734000","735000","736000","737000","738000","739000","740000","742000","743000","745000","730000","728000","727000","721000","720000","718000","714000","713000","712000","711000","2","5","3","3","86","79","750","150","1","20","61","6","77","2","15","6","13","6","55","8","1099","249","0","0","0","0","0","-728000","5","-100.00","84","12","5","0","0","","0","0","0","","",""
"080007","0000","0","734000","735000","736000","737000","738000","739000","740000","742000","743000","745000","730000","728000","727000","721000","720000","718000","714000","713000","712000","711000","2","5","103","3","86","79","750","150","1","20","55","6","77","52","15","6","13","6","55","8","1199","293","0","0","0","0","0","-728000","5","-100.00","90","100","44","0","0","","0","0","0","","",""
"080007","0001","0","734000","735000","736000","737000","738000","739000","740000","742000","743000","745000","730000","728000","727000","721000","720000","718000","714000","713000","712000","711000","2","5","106","3","86","79","750","150","1","20","55","6","77","52","15","6","13","6","55","8","1202","293","0","0","0","0","0","-728000","5","-100.00","90","3","0","0","0","","0","0","0","","",""
"080008","0000","0","734000","735000","736000","737000","738000","739000","740000","742000","743000","745000","730000","728000","727000","721000","720000","719000","718000","715000","714000","713000","2","5","106","3","86","79","750","150","1","20","55","6","77","52","15","1","6","1","13","7","1202","233","0","0","0","0","0","-728000","5","-100.00","90","0","-60","0","0","","0","0","0","","",""
"080008","0001","0","734000","735000","736000","737000","738000","739000","740000","742000","743000","745000","731000","730000","728000","727000","721000","720000","719000","718000","715000","714000","2","5","106","3","86","79","750","150","1","20","1","54","6","77","52","15","1","6","1","13","1202","226","0","0","0","0","0","-728000","5","-100.00","90","0","-7","0","0","","0","0","0","","",""
"080008","0002","0","732000","735000","736000","737000","738000","739000","740000","742000","743000","745000","731000","730000","728000","727000","721000","720000","719000","718000","715000","714000","2","3","106","4","86","79","750","151","1","20","1","54","6","77","52","15","1","6","1","13","1202","226","0","0","0","0","0","-728000","5","-100.00","90","0","0","0","0","","0","0","0","","",""
"080009","0000","0","731000","732000","735000","736000","737000","738000","739000","740000","742000","743000","730000","728000","721000","720000","719000","718000","715000","714000","713000","712000","1","1","3","106","4","86","79","750","151","1","74","6","52","15","1","6","1","13","7","56","1182","231","0","0","0","0","0","-728000","5","-100.00","156","-20","5","0","0","","0","0","0","","",""
"080009","0001","0","731000","732000","735000","736000","737000","738000","739000","740000","741000","742000","730000","728000","721000","720000","719000","718000","717000","715000","714000","713000","1","1","3","106","4","86","79","750","1","151","74","6","52","15","1","6","20","1","23","7","1182","205","0","0","0","0","0","-728000","5","-100.00","156","0","-26","0","0","","0","0","0","","",""
"080010","0000","0","731000","732000","735000","736000","737000","738000","739000","740000","741000","742000","730000","728000","722000","721000","720000","719000","718000","717000","715000","714000","1","1","3","106","4","86","79","750","1","151","74","6","10","52","15","1","6","20","1","23","1182","208","0","0","0","0","0","-728000","5","-100.00","156","0","3","0","0","","0","0","0","","",""
"080011","0000","0","731000","732000","735000","736000","737000","738000","739000","740000","741000","742000","730000","728000","722000","721000","720000","719000","718000","717000","715000","714000","1","1","2","106","4","86","79","750","1","151","76","6","10","52","15","1","6","20","1","23","1181","210","0","0","0","0","0","-728000","5","-100.00","156","-1","2","0","0","","0","0","0","","",""
"080011","0001","0","731000","732000","733000","734000","735000","736000","737000","738000","739000","740000","730000","728000","727000","722000","721000","720000","719000","718000","717000","715000","1","1","1","3","2","106","4","86","79","750","76","6","1","10","52","15","1","6","20","1","1033","188","0","0","0","0","0","-728000","5","-100.00","156","-148","-22","0","0","","0","0","0","","",""
"080011","0002","0","731000","732000","733000","734000","735000","736000","737000","738000","739000","740000","730000","728000","727000","722000","721000","720000","719000","718000","717000","715000","1","1","1","3","2","106","4","86","79","755","76","6","1","10","52","15","1","6","20","1","1038","188","0","0","0","0","0","-728000","5","-100.00","156","5","0","0","0","","0","0","0","","",""
"080012","0000","0","731000","732000","733000","734000","735000","736000","737000","738000","739000","740000","730000","728000","727000","722000","721000","720000","719000","718000","717000","715000","1","1","1","3","3","106","4","86","79","755","76","6","1","10","52","17","1","6","20","1","1039","190","0","0","0","0","0","-728000","5","-100.00","156","1","2","0","0","","0","0","0","","",""
"080012","0001","0","731000","732000","733000","734000","735000","736000","737000","738000","739000","740000","730000","728000","727000","722000","721000","720000","719000","718000","717000","715000","1","2","1","3","3","106","4","86","79","805","75","43","1","10","52","17","1","6","20","1","1090","226","0","0","0","0","0","-728000","5","-100.00","157","51","36","0","0","","0","0","0","","",""
"080013","0000","0","731000","732000","733000","734000","735000","736000","737000","738000","739000","740000","730000","728000","727000","722000","721000","720000","719000","718000","717000","715000","1","2","1","3","3","106","8","86","79","805","75","43","1","10","52","17","1","6","20","1","1094","226","0","0","0","0","0","-728000","5","-100.00","157","4","0","0","0","","0","0","0","","",""
"080013","0001","0","731000","732000","733000","734000","735000","736000","737000","738000","739000","740000","730000","728000","727000","722000","721000","720000","719000","718000","717000","715000","1","2","1","3","3","106","8","86","79","805","73","43","1","10","52","17","1","6","20","1","1094","224","0","0","0","0","0","-728000","5","-100.00","159","0","-2","0","0","","0","0","0","","",""
"080013","0002","0","731000","732000","733000","734000","735000","736000","737000","738000","739000","740000","730000","728000","727000","725000","722000","721000","720000","719000","718000","717000","1","2","1","3","3","106","8","86","79","805","73","43","1","1","10","52","17","1","7","20","1094","225","0","0","0","0","0","-728000","5","-100.00","159","0","1","0","0","","0","0","0","","",""
"080013","0003","0","731000","732000","733000","734000","735000","736000","737000","738000","739000","740000","730000","728000","727000","725000","722000","721000","720000","719000","718000","717000","1","2","1","4","3","106","8","86","79","805","73","43","1","1","10","52","7","1","7","20","1095","215","0","0","0","0","0","-728000","5","-100.00","159","1","-10","0","0","","0","0","0","","",""
"080014","0000","0","731000","732000","733000","734000","735000","736000","737000","738000","739000","740000","730000","728000","727000","725000","722000","721000","720000","719000","718000","717000","1","2","1","4","3","106","8","86","79","805","13","38","1","1","10","52","7","1","7","20","1095","150","0","0","0","0","0","-728000","5","-100.00","219","0","-65","0","0","","0","0","0","","",""
"080014","0001","0","731000","732000","733000","734000","735000","736000","737000","738000","739000","740000","730000","728000","727000","725000","722000","721000","720000","719000","718000","717000","1","2","1","4","3","106","8","86","79","805","12","38","1","1","10","52","7","1","7","20","1095","149","0","0","0","0","0","-728000","5","-100.00","220","0","-1","0","0","","0","0","0","","",""
"080014","0002","0","731000","732000","733000","734000","735000","736000","737000","738000","739000","740000","730000","728000","727000","725000","722000","721000","720000","719000","718000","717000","101","2","1","4","3","106","8","86","79","805","12","38","1","1","10","52","7","1","7","20","1195","149","0","0","0","0","0","-728000","5","-100.00","220","100","0","0","0","","0","0","0","","",""
"080014","0003","0","731000","732000","733000","734000","735000","736000","737000","738000","739000","740000","730000","728000","727000","725000","722000","721000","720000","719000","718000","717000","101","2","1","4","3","106","8","86","81","805","12","38","1","1","10","52","7","1","7","20","1197","149","0","0","0","0","0","-728000","5","-100.00","220","2","0","0","0","","0","0","0","","",""
"080015","0000","0","731000","732000","733000","734000","735000","736000","737000","738000","739000","740000","730000","728000","727000","725000","722000","721000","720000","719000","718000","717000","102","2","1","4","3","106","8","86","81","805","11","38","1","1","10","52","7","1","7","20","1198","148","0","0","0","0","0","-728000","5","-100.00","223","1","-1","0","0","","0","0","0","","",""
"080016","0000","0","731000","732000","733000","734000","735000","736000","737000","738000","739000","740000","730000","728000","727000","726000","725000","722000","721000","720000","719000","718000","102","2","1","4","3","106","8","86","81","805","1","38","1","1","1","10","52","7","1","7","1198","119","0","0","0","0","0","-728000","5","-100.00","233","0","-29","0","0","","0","0","0","","",""
"080016","0001","0","730000","731000","732000","733000","734000","735000","736000","737000","738000","739000","728000","727000","726000","725000","722000","721000","720000","719000","718000","717000","12","102","2","1","4","3","106","8","86","81","38","1","1","1","10","52","7","1","7","20","405","138","0","0","0","0","0","-728000","5","-100.00","244","-793","19","0","0","","0","0","0","","",""
"080016","0002","0","730000","731000","732000","733000","734000","735000","736000","737000","738000","739000","728000","727000","726000","725000","722000","721000","720000","719000","718000","717000","12","102","2","1","54","3","106","8","86","81","38","1","1","1","10","52","7","1","7","20","455","138","0","0","0","0","0","-728000","5","-100.00","244","50","0","0","0","","0","0","0","","",""
"080017","0000","0","731000","732000","733000","734000","735000","736000","737000","738000","739000","740000","730000","728000","727000","726000","725000","722000","721000","720000","719000","718000","102","2","1","54","83","106","8","86","81","805","122","38","1","1","1","10","52","7","1","7","1328","240","0","0","0","0","0","-728000","5","-100.00","272","873","102","0","0","","0","0","0","","",""
"080017","0001","0","731000","732000","733000","734000","735000","736000","737000","738000","739000","740000","730000","728000","727000","726000","725000","722000","721000","720000","719000","718000","102","2","1","54","83","106","8","86","95","805","122","38","1","1","1","10","52","7","1","7","1342","240","0","0","0","0","0","-728000","5","-100.00","272","14","0","0","0","","0","0","0","","",""
"080017","0002","0","732000","733000","734000","735000","736000","737000","738000","739000","740000","741000","731000","730000","728000","727000","726000","725000","722000","721000","720000","719000","3","1","54","83","106","8","86","95","805","1","105","122","38","1","1","1","10","52","7","1","1242","338","0","0","0","0","0","-728000","5","-100.00","382","-100","98","0","0","","0","0","0","","",""
"080017","0003","0","732000","733000","734000","735000","736000","737000","738000","739000","740000","741000","731000","730000","728000","727000","726000","725000","722000","721000","720000","719000","3","1","54","83","106","8","86","95","805","1","106","122","38","1","1","1","10","52","7","1","1242","339","0","0","0","0","0","-728000","5","-100.00","382","0","1","0","0","","0","0","0","","",""
"080018","0000","0","732000","733000","734000","735000","736000","737000","738000","739000","740000","741000","731000","730000","728000","727000","726000","725000","722000","721000","720000","719000","3","1","55","83","106","8","86","95","805","1","106","122","38","1","1","1","10","52","7","1","1243","339","0","0","0","0","0","-728000","5","-100.00","382","1","0","0","0","","0","0","0","","",""
"080018","0001","0","732000","733000","734000","735000","736000","737000","738000","739000","740000","741000","730000","728000","727000","726000","725000","722000","721000","720000","719000","718000","3","1","55","83","106","8","86","95","805","1","99","38","1","1","1","10","52","7","1","7","1243","217","0","0","0","0","0","-728000","5","-100.00","511","0","-122","0","0","","0","0","0","","",""
"080018","0002","0","732000","733000","734000","735000","736000","737000","738000","739000","740000","741000","730000","728000","727000","726000","725000","722000","721000","720000","719000","718000","3","1","55","83","106","8","86","95","805","1","99","38","1","1","1","10","52","10","1","7","1243","220","0","0","0","0","0","-728000","5","-100.00","511","0","3","0","0","","0","0","0","","",""
"080018","0003","0","732000","733000","734000","735000","736000","737000","738000","739000","740000","741000","730000","728000","727000","726000","725000","722000","721000","720000","719000","718000","3","1","55","83","106","8","86","95","805","1","100","38","1","1","1","10","52","10","1","7","1243","221","0","0","0","0","0","-728000","5","-100.00","511","0","1","0","0","","0","0","0","","",""
"080019","0000","0","732000","733000","734000","735000","736000","737000","738000","739000","740000","741000","730000","728000","727000","726000","725000","722000","721000","720000","719000","718000","3","1","55","83","106","8","86","95","805","1","101","38","1","1","1","10","52","10","1","7","1243","222","0","0","0","0","0","-728000","5","-100.00","511","0","1","0","0","","0","0","0","","",""
"080019","0001","0","732000","733000","734000","735000","736000","737000","738000","739000","740000","741000","730000","728000","727000","726000","725000","722000","721000","720000","719000","718000","3","1","55","83","106","8","86","95","805","1","101","39","1","1","1","10","52","10","1","7","1243","223","0","0","0","0","0","-728000","5","-100.00","511","0","1","0","0","","0","0","0","","",""
"080019","0002","0","732000","733000","734000","735000","736000","737000","738000","739000","740000","741000","730000","728000","727000","726000","725000","722000","721000","720000","719000","718000","3","1","55","83","106","8","86","95","805","1","100","39","1","1","1","10","52","10","1","7","1243","222","0","0","0","0","0","-728000","5","-100.00","512","0","-1","0","0","","0","0","0","","",""
"080020","0000","0","732000","733000","734000","735000","736000","737000","738000","739000","740000","741000","730000","728000","727000","726000","725000","722000","721000","720000","719000","718000","3","1","55","83","106","8","86","95","805","1","100","39","1","1","1","10","52","10","1","107","1243","322","0","0","0","0","0","-728000","5","-100.00","512","0","100","0","0","","0","0","0","","",""
"080020","0001","0","732000","733000","734000","735000","736000","737000","738000","739000","740000","741000","730000","728000","727000","726000","725000","722000","721000","720000","719000","718000","3","22","55","83","106","8","86","95","805","1","100","39","1","1","1","10","52","10","1","107","1264","322","0","0","0","0","0","-728000","5","-100.00","512","21","0","0","0","","0","0","0","","",""
"080021","0000","0","732000","733000","734000","735000","736000","737000","738000","739000","740000","741000","730000","728000","727000","726000","725000","722000","721000","720000","719000","718000","3","22","55","83","106","8","86","95","805","1","100","39","1","1","2","10","52","10","1","107","1264","323","0","0","0","0","0","-728000","5","-100.00","512","0","1","0","0","","0","0","0","","",""
"080021","0001","0","732000","733000","734000","735000","736000","737000","738000","739000","740000","741000","730000","728000","727000","726000","725000","722000","721000","720000","719000","718000","3","22","55","83","107","8","86","95","805","1","100","39","1","1","2","10","52","10","1","107","1265","323","0","0","0","0","0","-728000","5","-100.00","512","1","0","0","0","","0","0","0","","",""
"080021","0002","0","732000","733000","734000","735000","736000","737000","738000","739000","740000","741000","730000","728000","727000","726000","725000","722000","721000","720000","719000","718000","3","22","55","83","107","8","86","95","805","1","101","39","1","1","2","10","52","10","1","107","1265","324","0","0","0","0","0","-728000","5","-100.00","512","0","1","0","0","","0","0","0","","",""
"080021","0003","0","732000","733000","734000","735000","736000","737000","738000","739000","740000","741000","730000","728000","727000","726000","725000","722000","721000","720000","719000","718000","3","22","55","84","107","8","86","95","805","4","93","39","1","1","2","10","52","10","1","107","1269","316","0","0","0","0","0","-728000","5","-100.00","520","4","-8","0","0","","0","0","0","","",""
"080022","0000","0","732000","733000","734000","735000","736000","737000","738000","739000","740000","741000","730000","728000","727000","726000","725000","722000","721000","720000","719000","718000","3","22","55","84","107","8","86","95","805","4","88","39","1","1","2","10","52","10","1","107","1269","311","0","0","0","0","0","-728000","5","-100.00","525","0","-5","0","0","","0","0","0","","",""
"080022","0001","0","732000","733000","734000","735000","736000","737000","738000","739000","740000","741000","730000","728000","727000","726000","725000","722000","721000","720000","719000","718000","3","23","55","84","107","8","86","95","805","4","76","39","1","1","2","10","52","10","1","107","1270","299","0","0","0","0","0","-728000","5","-100.00","537","1","-12","0","0","","0","0","0","","",""
"080022","0002","0","732000","733000","734000","735000","736000","737000","738000","739000","740000","741000","730000","728000","727000","726000","725000","722000","721000","720000","719000","718000","3","23","55","84","107","8","86","95","805","4","75","39","1","1","2","10","52","10","1","107","1270","298","0","0","0","0","0","-728000","5","-100.00","538","0","-1","0","0","","0","0","0","","",""
"080023","0000","0","732000","733000","734000","735000","736000","737000","738000","739000","740000","741000","730000","728000","727000","726000","725000","722000","721000","720000","719000","718000","4","23","55","84","107","8","86","95","805","4","81","39","1","1","2","10","52","10","1","109","1271","306","0","0","0","0","0","-728000","5","-100.00","538","1","8","0","0","","0","0","0","","",""
"080023","0001","0","732000","733000","734000","735000","736000","737000","738000","739000","740000","741000","730000","728000","727000","726000","725000","722000","721000","720000","719000","718000","4","23","55","84","107","8","86","95","805","4","63","39","1","1","2","10","52","10","1","109","1271","288","0","0","0","0","0","-728000","5","-100.00","557","0","-18","0","0","","0","0","0","","",""
"080023","0002","0","731000","732000","733000","734000","735000","736000","737000","738000","739000","740000","730000","728000","727000","726000","725000","722000","721000","720000","719000","718000","2","4","23","55","84","105","8","86","95","805","68","39","1","1","2","10","52","10","1","109","1267","293","0","0","0","0","0","-728000","5","-100.00","557","-4","5","0","0","","0","0","0","","",""
"080024","0000","0","731000","732000","733000","734000","735000","736000","737000","738000","739000","740000","730000","728000","727000","726000","725000","722000","721000","720000","719000","718000","2","24","23","55","84","105","8","86","95","805","68","39","1","1","2","10","52","10","1","109","1287","293","0","0","0","0","0","-728000","5","-100.00","557","20","0","0","0","","0","0","0","","",""
"080024","0001","0","731000","732000","733000","734000","735000","736000","737000","738000","739000","740000","730000","728000","727000","726000","725000","722000","721000","720000","719000","718000","7","24","23","55","84","105","8","86","115","805","68","39","1","1","2","10","52","10","1","109","1312","293","0","0","0","0","0","-728000","5","-100.00","557","25","0","0","0","","0","0","0","","",""
"080024","0002","0","731000","732000","733000","734000","735000","736000","737000","738000","739000","740000","730000","728000","727000","726000","725000","722000","721000","720000","719000","718000","7","24","23","56","84","105","8","86","115","805","51","39","1","1","2","10","52","10","1","109","1313","276","0","0","0","0","0","-728000","5","-100.00","574","1","-17","0","0","","0","0","0","","",""
"080025","0000","0","731000","732000","733000","734000","735000","736000","737000","738000","739000","740000","730000","728000","727000","726000","725000","722000","721000","720000","719000","718000","15","24","23","56","84","105","8","86","115","805","51","39","1","1","2","10","52","10","1","109","1321","276","0","0","0","0","0","-728000","5","-100.00","574","8","0","0","0","","0","0","0","","",""
"080026","0000","0","731000","732000","733000","734000","735000","736000","737000","738000","739000","740000","730000","728000","727000","726000","725000","722000","721000","720000","719000","718000","15","24","23","57","84","105","8","86","115","805","51","39","1","1","2","10","52","10","1","109","1322","276","0","0","0","0","0","-728000","5","-100.00","574","1","0","0","0","","0","0","0","","",""
"080026","0001","0","731000","732000","733000","734000","735000","736000","737000","738000","739000","740000","730000","728000","727000","726000","725000","722000","721000","720000","719000","718000","15","24","23","57","84","105","8","86","115","805","59","39","1","1","2","10","52","10","1","109","1322","284","0","0","0","0","0","-728000","5","-100.00","574","0","8","0","0","","0","0","0","","",""
"080026","0002","0","731000","732000","733000","734000","735000","736000","737000","738000","739000","740000","730000","728000","727000","726000","725000","722000","721000","720000","719000","718000","45","24","23","57","84","105","8","86","115","805","59","39","1","1","2","10","52","10","1","109","1352","284","0","0","0","0","0","-728000","5","-100.00","574","30","0","0","0","","0","0","0","","",""
"080027","0000","0","731000","732000","733000","734000","735000","736000","737000","738000","739000","740000","730000","728000","727000","726000","725000","722000","721000","720000","719000","718000","45","24","23","57","84","105","8","86","115","805","69","66","1","1","2","10","52","10","1","109","1352","321","0","0","0","0","0","-728000","5","-100.00","574","0","37","0","0","","0","0","0","","",""
"080027","0001","0","731000","732000","733000","734000","735000","736000","737000","738000","739000","740000","730000","728000","727000","726000","725000","722000","721000","720000","719000","718000","45","25","23","57","84","105","8","86","115","805","69","66","1","1","2","10","52","10","1","109","1353","321","0","0","0","0","0","-728000","5","-100.00","574","1","0","0","0","","0","0","0","","",""
"080027","0002","0","731000","732000","733000","734000","735000","736000","737000","738000","739000","740000","730000","728000","727000","726000","725000","722000","721000","720000","719000","718000","46","25","23","57","84","105","8","86","115","805","69","66","1","1","2","10","52","10","1","109","1354","321","0","0","0","0","0","-728000","5","-100.00","574","1","0","0","0","","0","0","0","","",""
"080028","0000","0","731000","732000","733000","734000","735000","736000","737000","738000","739000","740000","730000","728000","727000","726000","725000","724000","722000","721000","720000","719000","82","25","23","57","85","105","8","86","115","805","68","66","1","1","2","1","10","52","10","1","1391","212","0","0","0","0","0","-728000","5","-100.00","575","37","-109","0","0","","0","0","0","","",""
"080028","0001","0","731000","732000","733000","734000","735000","736000","737000","738000","739000","740000","730000","728000","727000","726000","725000","724000","722000","721000","720000","719000","182","25","23","57","85","105","8","86","115","805","68","66","1","1","2","1","10","52","10","1","1491","212","0","0","0","0","0","-728000","5","-100.00","575","100","0","0","0","","0","0","0","","",""
"080028","0002","0","731000","732000","733000","734000","735000","736000","737000","738000","739000","740000","730000","728000","727000","726000","725000","724000","722000","721000","720000","719000","192","25","23","57","85","105","8","86","115","805","32","66","1","1","2","1","10","52","10","1","1501","176","0","0","0","0","0","-728000","5","-100.00","611","10","-36","0","0","","0","0","0","","",""
"080028","0003","0","731000","732000","733000","734000","735000","736000","737000","738000","739000","740000","730000","728000","727000","726000","725000","724000","722000","721000","720000","719000","192","25","23","57","85","105","8","86","115","805","28","66","1","1","2","1","10","52","10","1","1501","172","0","0","0","0","0","-728000","5","-100.00","615","0","-4","0","0","","0","0","0","","",""
"080029","0000","0","731000","732000","733000","734000","735000","736000","737000","738000","739000","740000","730000","728000","727000","726000","725000","724000","722000","721000","720000","719000","193","25","23","57","85","105","8","86","115","805","28","66","1","1","2","1","10","52","10","1","1502","172","0","0","0","0","0","-728000","5","-100.00","615","1","0","0","0","","0","0","0","","",""
"080029","0001","0","731000","732000","733000","734000","735000","736000","737000","738000","739000","740000","728000","727000","726000","725000","724000","722000","721000","720000","719000","718000","193","25","23","57","85","105","8","86","115","805","66","1","1","2","1","10","52","10","1","109","1502","253","0","0","0","0","0","-728000","5","-100.00","743","0","81","0","0","","0","0","0","","",""
"080030","0000","0","730000","731000","732000","733000","734000","735000","736000","737000","738000","739000","728000","727000","726000","725000","724000","722000","721000","720000","719000","718000","1","193","25","23","57","85","105","8","86","115","66","1","1","2","1","10","52","10","1","109","698","253","0","0","0","0","0","-728000","5","-100.00","743","-804","0","0","0","","0","0","0","","",""
"080030","0001","0","730000","731000","732000","733000","734000","735000","736000","737000","738000","739000","728000","727000","726000","725000","724000","722000","721000","720000","719000","718000","1","193","25","23","57","85","105","8","86","128","66","1","1","2","1","10","52","10","1","109","711","253","0","0","0","0","0","-728000","5","-100.00","743","13","0","0","0","","0","0","0","","",""
"080030","0002","0","730000","731000","732000","733000","734000","735000","736000","737000","738000","739000","728000","727000","726000","725000","724000","722000","721000","720000","719000","718000","1","193","25","23","57","85","105","9","86","128","66","1","1","2","1","10","52","10","1","109","712","253","0","0","0","0","0","-728000","5","-100.00","743","1","0","0","0","","0","0","0","","",""
"080030","0003","0","730000","731000","732000","733000","734000","735000","736000","737000","738000","739000","728000","727000","726000","725000","724000","722000","721000","720000","719000","718000","1","184","25","23","57","85","105","9","86","128","66","1","1","2","1","10","52","10","1","109","703","253","0","0","0","0","0","-728000","5","-100.00","753","-9","0","0","0","","0","0","0","","",""
"080030","0004","0","730000","731000","732000","733000","734000","735000","736000","737000","738000","739000","728000","727000","726000","725000","724000","722000","721000","720000","719000","718000","1","184","30","23","57","85","105","9","86","128","66","1","1","2","1","10","52","10","1","109","708","253","0","0","0","0","0","-728000","5","-100.00","753","5","0","0","0","","0","0","0","","",""
"080031","0000","0","730000","731000","732000","733000","734000","735000","736000","737000","738000","739000","728000","727000","726000","725000","724000","722000","721000","720000","719000","718000","156","184","30","23","57","85","105","9","86","128","55","1","1","2","1","10","52","10","1","109","863","242","0","0","0","0","0","-728000","5","-100.00","764","155","-11","0","0","","0","0","0","","",""
"080031","0001","0","730000","731000","732000","733000","734000","735000","736000","737000","738000","739000","728000","727000","726000","725000","724000","722000","721000","720000","719000","718000","295","184","30","23","57","85","105","9","86","128","55","1","1","2","1","10","52","10","1","109","1002","242","0","0","0","0","0","-728000","5","-100.00","764","139","0","0","0","","0","0","0","","",""
"080031","0002","0","730000","731000","732000","733000","734000","735000","736000","737000","738000","739000","728000","727000","726000","725000","724000","722000","721000","720000","719000","718000","295","184","30","24","57","85","105","10","86","128","55","1","1","2","1","10","52","10","17","109","1004","258","0","0","0","0","0","-728000","5","-100.00","764","2","16","0","0","","0","0","0","","",""
"080031","0003","0","730000","731000","732000","733000","734000","735000","736000","737000","738000","739000","728000","727000","726000","725000","724000","722000","721000","720000","719000","718000","495","184","30","24","57","85","105","10","86","128","55","1","1","2","1","10","52","10","17","109","1204","258","0","0","0","0","0","-728000","5","-100.00","764","200","0","0","0","","0","0","0","","",""
"080032","0000","0","730000","731000","732000","733000","734000","735000","736000","737000","738000","739000","728000","727000","726000","725000","724000","723000","722000","721000","720000","719000","495","184","30","24","57","85","105","10","86","128","56","1","1","2","1","1","10","52","10","17","1204","151","0","0","0","0","0","-728000","5","-100.00","764","0","-107","0","0","","0","0","0","","",""
"080032","0001","0","730000","731000","732000","733000","734000","735000","736000","737000","738000","739000","728000","727000","726000","725000","724000","723000","722000","721000","720000","719000","495","184","30","24","57","85","105","10","86","128","20","1","1","2","1","1","10","52","10","17","1204","115","0","0","0","0","0","-728000","5","-100.00","800","0","-36","0","0","","0","0","0","","",""
"080032","0002","0","730000","731000","732000","733000","734000","735000","736000","737000","738000","739000","728000","727000","726000","725000","724000","723000","722000","721000","720000","719000","486","184","30","24","57","85","105","10","86","128","20","1","1","2","1","2","10","52","10","17","1195","116","0","0","0","0","0","-728000","5","-100.00","809","-9","1","0","0","","0","0","0","","",""
"080033","0000","0","730000","731000","732000","733000","734000","735000","736000","737000","738000","739000","728000","727000","726000","725000","724000","723000","722000","721000","720000","719000","488","184","30","24","57","85","105","10","86","128","20","1","1","2","1","2","10","52","10","17","1197","116","0","0","0","0","0","-728000","5","-100.00","809","2","0","0","0","","0","0","0","","",""
"080033","0001","0","730000","731000","732000","733000","734000","735000","736000","737000","738000","739000","728000","727000","726000","725000","724000","723000","722000","721000","720000","719000","488","184","30","24","57","85","105","10","86","128","22","1","1","2","1","2","10","52","10","17","1197","118","0","0","0","0","0","-728000","5","-100.00","809","0","2","0","0","","0","0","0","","",""
"080033","0002","0","730000","731000","732000","733000","734000","735000","736000","737000","738000","739000","728000","727000","726000","725000","724000","723000","722000","721000","720000","719000","490","184","30","24","57","86","105","10","86","128","22","1","1","2","1","2","10","52","10","17","1200","118","0","0","0","0","0","-728000","5","-100.00","809","3","0","0","0","","0","0","0","","",""
"080034","0000","0","730000","731000","732000","733000","734000","735000","736000","737000","738000","739000","728000","727000","726000","725000","724000","723000","722000","721000","720000","719000","490","184","30","24","57","86","105","10","86","128","22","1","1","2","1","2","11","52","10","17","1200","119","0","0","0","0","0","-728000","5","-100.00","809","0","1","0","0","","0","0","0","","",""
"080034","0001","0","730000","731000","732000","733000","734000","735000","736000","737000","738000","739000","728000","727000","726000","725000","724000","723000","722000","721000","720000","719000","489","184","30","24","57","86","105","10","86","129","22","1","1","2","1","2","11","52","10","17","1200","119","0","0","0","0","0","-728000","5","-100.00","810","0","0","0","0","","0","0","0","","",""
"080034","0002","0","730000","731000","732000","733000","734000","735000","736000","737000","738000","739000","728000","727000","726000","725000","724000","723000","722000","721000","720000","719000","522","184","30","24","57","86","105","10","110","129","19","1","1","2","1","2","11","52","10","17","1257","116","0","0","0","0","0","-728000","5","-100.00","815","57","-3","0","0","","0","0","0","","",""
"080035","0000","0","730000","731000","732000","733000","734000","735000","736000","737000","738000","739000","728000","727000","726000","725000","724000","723000","722000","721000","720000","719000","542","184","30","4","57","86","105","10","110","129","13","1","1","2","1","2","11","52","10","17","1257","110","0","0","0","0","0","-728000","5","-100.00","821","0","-6","0","0","","0","0","0","","",""
"080035","0001","0","730000","731000","732000","733000","734000","735000","736000","737000","738000","739000","728000","727000","726000","725000","724000","723000","722000","721000","720000","719000","542","184","30","4","57","86","105","10","110","129","15","1","1","2","1","2","11","52","10","17","1257","112","0","0","0","0","0","-728000","5","-100.00","821","0","2","0","0","","0","0","0","","",""
"080035","0002","0","730000","731000","732000","733000","734000","735000","736000","737000","738000","739000","728000","727000","726000","725000","724000","723000","722000","721000","720000","719000","557","184","30","4","57","86","105","10","110","129","15","1","1","2","1","2","11","52","10","17","1272","112","0","0","0","0","0","-728000","5","-100.00","821","15","0","0","0","","0","0","0","","",""
"080035","0003","0","730000","731000","732000","733000","734000","735000","736000","737000","738000","739000","728000","727000","726000","725000","724000","723000","722000","721000","720000","719000","557","184","30","4","57","86","105","10","110","129","17","1","1","2","1","2","11","52","10","17","1272","114","0","0","0","0","0","-728000","5","-100.00","821","0","2","0","0","","0","0","0","","",""
"080035","0004","0","730000","731000","732000","733000","734000","735000","736000","737000","738000","739000","728000","727000","726000","725000","724000","723000","722000","721000","720000","719000","557","184","30","4","57","86","105","10","110","129","27","1","1","2","1","2","11","52","10","37","1272","144","0","0","0","0","0","-728000","5","-100.00","821","0","30","0","0","","0","0","0","","",""
"080036","0000","0","730000","731000","732000","733000","734000","735000","736000","737000","738000","739000","728000","727000","726000","725000","724000","723000","722000","721000","720000","719000","557","184","30","4","57","86","105","10","110","129","28","1","1","2","1","2","11","52","10","37","1272","145","0","0","0","0","0","-728000","5","-100.00","821","0","1","0","0","","0","0","0","","",""
"080036","0001","0","730000","731000","732000","733000","734000","735000","736000","737000","738000","739000","728000","727000","726000","725000","724000","723000","722000","721000","720000","719000","550","184","30","9","57","86","105","10","110","129","28","1","1","2","1","2","11","52","10","37","1270","145","0","0","0","0","0","-728000","5","-100.00","828","-2","0","0","0","","0","0","0","","",""
"080036","0002","0","730000","731000","732000","733000","734000","735000","736000","737000","738000","739000","728000","727000","726000","725000","724000","723000","722000","721000","720000","719000","550","184","30","9","57","86","105","10","110","129","25","1","1","2","1","2","11","52","10","37","1270","142","0","0","0","0","0","-728000","5","-100.00","831","0","-3","0","0","","0","0","0","","",""
"080036","0003","0","730000","731000","732000","733000","734000","735000","736000","737000","738000","739000","728000","727000","726000","725000","724000","723000","722000","721000","720000","719000","500","184","30","9","57","86","105","10","110","129","24","1","1","2","1","2","11","52","10","37","1220","141","0","0","0","0","0","-728000","5","-100.00","882","-50","-1","0","0","","0","0","0","","",""
"080037","0000","0","730000","731000","732000","733000","734000","735000","736000","737000","738000","739000","728000","727000","726000","725000","724000","723000","722000","721000","720000","719000","500","184","30","9","57","86","105","10","111","129","24","1","1","2","1","2","11","52","10","37","1221","141","0","0","0","0","0","-728000","5","-100.00","882","1","0","0","0","","0","0","0","","",""
"080037","0001","0","730000","731000","732000","733000","734000","735000","736000","737000","738000","739000","728000","727000","726000","725000","724000","723000","722000","721000","720000","719000","500","184","30","9","57","86","105","10","111","129","34","1","1","2","1","2","11","52","10","37","1221","151","0","0","0","0","0","-728000","5","-100.00","882","0","10","0","0","","0","0","0","","",""
"080038","0000","0","730000","731000","732000","733000","734000","735000","736000","737000","738000","739000","728000","727000","726000","725000","724000","723000","722000","721000","720000","719000","500","184","30","9","57","86","105","10","111","129","34","1","1","2","1","2","12","52","10","37","1221","152","0","0","0","0","0","-728000","5","-100.00","882","0","1","0","0","","0","0","0","","",""
"080038","0001","0","730000","731000","732000","733000","734000","735000","736000","737000","738000","739000","728000","727000","726000","725000","724000","723000","722000","721000","720000","719000","501","184","30","9","57","90","105","10","111","129","34","1","1","2","1","2","12","52","10","37","1226","152","0","0","0","0","0","-728000","5","-100.00","882","5","0","0","0","","0","0","0","","",""
"080038","0002","0","730000","731000","732000","733000","734000","735000","736000","737000","738000","739000","728000","727000","726000","725000","724000","723000","722000","721000","720000","719000","501","184","30","9","57","90","105","10","111","130","34","1","1","2","1","2","12","52","10","37","1227","152","0","0","0","0","0","-728000","5","-100.00","882","1","0","0","0","","0","0","0","","",""
"080039","0000","0","730000","731000","732000","733000","734000","735000","736000","737000","738000","739000","728000","727000","726000","725000","724000","723000","722000","721000","720000","719000","501","184","30","9","57","90","105","10","111","130","34","4","1","12","1","2","12","52","10","37","1227","165","0","0","0","0","0","-728000","5","-100.00","882","0","13","0","0","","0","0","0","","",""
"080039","0001","0","730000","731000","732000","733000","734000","735000","736000","737000","738000","739000","728000","727000","726000","725000","724000","723000","722000","721000","720000","719000","508","184","30","9","57","90","105","10","111","130","34","4","1","12","1","2","12","52","10","37","1234","165","0","0","0","0","0","-728000","5","-100.00","882","7","0","0","0","","0","0","0","","",""
"080039","0002","0","730000","731000","732000","733000","734000","735000","736000","737000","738000","739000","728000","727000","726000","725000","724000","723000","722000","721000","720000","719000","523","184","90","9","57","90","105","10","111","130","34","4","1","12","1","2","12","52","10","37","1309","165","0","0","0","0","0","-728000","5","-100.00","882","75","0","0","0","","0","0","0","","",""
"080039","0003","0","730000","731000","732000","733000","734000","735000","736000","737000","738000","739000","728000","727000","726000","725000","724000","723000","722000","721000","720000","719000","523","184","90","9","57","90","105","10","111","130","34","4","1","12","1","2","12","52","30","37","1309","185","0","0","0","0","0","-728000","5","-100.00","882","0","20","0","0","","0","0","0","","",""
"080040","0000","0","730000","731000","732000","733000","734000","735000","736000","737000","738000","739000","728000","727000","726000","725000","724000","723000","722000","721000","720000","719000","523","184","90","9","58","90","105","10","111","130","33","4","1","12","1","2","12","52","30","37","1310","184","0","0","0","0","0","-728000","5","-100.00","883","1","-1","0","0","","0","0","0","","",""
"080040","0001","0","730000","731000","732000","733000","734000","735000","736000","737000","738000","739000","728000","727000","726000","725000","724000","723000","722000","721000","720000","719000","522","184","90","9","58","90","105","10","111","130","33","4","1","12","1","2","12","52","30","37","1309","184","0","0","0","0","0","-728000","5","-100.00","884","-1","0","0","0","","0","0","0","","",""
"080040","0002","0","730000","731000","732000","733000","734000","735000","736000","737000","738000","739000","728000","727000","726000","725000","724000","723000","722000","721000","720000","719000","520","189","90","9","59","90","105","10","111","130","33","4","1","12","1","2","12","52","30","37","1313","184","0","0","0","0","0","-728000","5","-100.00","884","4","0","0","0","","0","0","0","","",""
"080040","0003","0","730000","731000","732000","733000","734000","735000","736000","737000","738000","739000","728000","727000","726000","725000","724000","723000","722000","721000","720000","719000","520","189","90","9","59","93","105","10","111","130","33","4","1","12","1","2","12","52","31","37","1316","185","0","0","0","0","0","-728000","5","-100.00","884","3","1","0","0","","0","0","0","","",""
"080041","0000","0","730000","731000","732000","733000","734000","735000","736000","737000","738000","739000","728000","727000","726000","725000","724000","723000","722000","721000","720000","719000","519","189","90","9","59","93","105","10","111","130","33","4","1","12","1","2","12","52","31","37","1315","185","0","0","0","0","0","-728000","5","-100.00","885","-1","0","0","0","","0","0","0","","",""
"080041","0001","0","730000","731000","732000","733000","734000","735000","736000","737000","738000","739000","728000","727000","726000","725000","724000","723000","722000","721000","720000","719000","539","189","90","9","59","93","105","10","111","130","33","4","1","12","1","2","12","52","31","37","1335","185","0","0","0","0","0","-728000","5","-100.00","885","20","0","0","0","","0","0","0","","",""
"080041","0002","0","730000","731000","732000","733000","734000","735000","736000","737000","738000","739000","729000","728000","727000","726000","725000","724000","723000","722000","721000","720000","539","189","90","9","59","93","105","10","111","130","1","31","4","1","12","1","2","12","52","31","1335","147","0","0","0","0","0","-728000","5","-100.00","885","0","-38","0","0","","0","0","0","","",""
"080041","0003","0","730000","731000","732000","733000","734000","735000","736000","737000","738000","739000","729000","728000","727000","726000","725000","724000","723000","722000","721000","720000","539","189","90","9","59","93","105","10","111","130","1","32","4","1","12","1","2","12","52","31","1335","148","0","0","0","0","0","-728000","5","-100.00","885","0","1","0","0","","0","0","0","","",""
"080042","0000","0","730000","731000","732000","733000","734000","735000","736000","737000","738000","739000","729000","728000","727000","726000","725000","724000","723000","722000","721000","720000","604","189","90","9","59","93","105","10","111","130","1","32","4","1","12","1","2","12","52","31","1400","148","0","0","0","0","0","-728000","5","-100.00","885","65","0","0","0","","0","0","0","","",""
"080042","0001","0","730000","731000","732000","733000","734000","735000","736000","737000","738000","739000","729000","728000","727000","726000","725000","724000","723000","722000","721000","720000","604","189","90","9","59","93","105","10","111","130","1","32","5","1","12","1","2","12","52","31","1400","149","0","0","0","0","0","-728000","5","-100.00","885","0","1","0","0","","0","0","0","","",""
"080042","0002","0","730000","731000","732000","733000","734000","735000","736000","737000","738000","739000","729000","728000","727000","726000","725000","724000","723000","722000","721000","720000","604","189","90","9","59","93","105","10","111","130","1","32","5","1","12","1","2","12","53","31","1400","150","0","0","0","0","0","-728000","5","-100.00","885","0","1","0","0","","0","0","0","","",""
"080043","0000","0","730000","731000","732000","733000","734000","735000","736000","737000","738000","739000","729000","728000","727000","726000","725000","724000","723000","722000","721000","720000","604","189","90","9","59","103","105","10","111","130","1","62","5","2","12","1","2","12","53","31","1410","181","0","0","0","0","0","-728000","5","-100.00","885","10","31","0","0","","0","0","0","","",""
"080043","0001","0","730000","731000","732000","733000","734000","735000","736000","737000","738000","739000","729000","728000","727000","726000","725000","724000","723000","722000","721000","720000","609","189","90","9","59","104","105","10","111","130","1","62","5","2","12","1","2","12","53","31","1416","181","0","0","0","0","0","-728000","5","-100.00","885","6","0","0","0","","0","0","0","","",""
"080043","0002","0","730000","731000","732000","733000","734000","735000","736000","737000","738000","739000","729000","728000","727000","726000","725000","724000","723000","722000","721000","720000","609","189","90","9","59","104","105","10","111","130","1","62","5","2","13","1","2","12","53","31","1416","182","0","0","0","0","0","-728000","5","-100.00","885","0","1","0","0","","0","0","0","","",""
"080043","0003","0","729000","730000","731000","732000","733000","734000","735000","736000","737000","738000","728000","727000","726000","725000","724000","723000","722000","721000","720000","719000","3","609","190","90","9","59","104","105","10","111","62","5","2","13","1","2","12","53","31","37","1290","218","0","0","0","0","0","-728000","5","-100.00","886","-126","36","0","0","","0","0","0","","",""
"080043","0004","0","729000","730000","731000","732000","733000","734000","735000","736000","737000","738000","728000","727000","726000","725000","724000","723000","722000","721000","720000","719000","3","609","190","90","9","59","104","105","10","111","61","5","2","13","1","2","12","53","31","37","1290","217","0","0","0","0","0","-728000","5","-100.00","887","0","-1","0","0","","0","0","0","","",""
"080044","0000","0","729000","730000","731000","732000","733000","734000","735000","736000","737000","738000","728000","727000","726000","725000","724000","723000","722000","721000","720000","719000","3","609","190","90","9","59","104","105","10","111","71","5","2","13","1","2","12","53","31","37","1290","227","0","0","0","0","0","-728000","5","-100.00","887","0","10","0","0","","0","0","0","","",""
"080044","0001","0","729000","730000","731000","732000","733000","734000","735000","736000","737000","738000","728000","727000","726000","725000","724000","723000","722000","721000","720000","719000","3","609","190","90","9","59","104","105","10","111","71","5","2","18","2","2","12","53","31","37","1290","233","0","0","0","0","0","-728000","5","-100.00","887","0","6","0","0","","0","0","0","","",""
"080044","0002","0","729000","730000","731000","732000","733000","734000","735000","736000","737000","738000","728000","727000","726000","725000","724000","723000","722000","721000","720000","719000","39","669","190","90","9","59","104","105","10","111","71","5","2","18","2","2","12","53","31","37","1386","233","0","0","0","0","0","-728000","5","-100.00","887","96","0","0","0","","0","0","0","","",""
"080044","0003","0","729000","730000","731000","732000","733000","734000","735000","736000","737000","738000","728000","727000","726000","725000","724000","723000","722000","721000","720000","719000","39","670","190","90","9","59","104","105","10","111","71","5","2","18","2","3","12","53","31","37","1387","234","0","0","0","0","0","-728000","5","-100.00","887","1","1","0","0","","0","0","0","","",""
"080045","0000","0","729000","730000","731000","732000","733000","734000","735000","736000","737000","738000","728000","727000","726000","725000","724000","723000","722000","721000","720000","719000","39","670","190","90","9","59","104","105","10","111","71","5","2","18","2","3","13","53","31","37","1387","235","0","0","0","0","0","-728000","5","-100.00","887","0","1","0","0","","0","0","0","","",""
"080045","0001","0","729000","730000","731000","732000","733000","734000","735000","736000","737000","738000","728000","727000","726000","725000","724000","723000","722000","721000","720000","719000","40","706","154","90","9","59","104","105","10","111","71","5","2","18","2","3","13","54","31","37","1388","236","0","0","0","0","0","-728000","5","-100.00","887","1","1","0","0","","0","0","0","","",""
"080046","0000","0","729000","730000","731000","732000","733000","734000","735000","736000","737000","738000","728000","727000","726000","725000","724000","723000","722000","721000","720000","719000","40","746","154","90","9","59","104","105","10","111","71","5","2","18","2","3","13","54","31","37","1428","236","0","0","0","0","0","-728000","5","-100.00","887","40","0","0","0","","0","0","0","","",""
"080046","0001","0","729000","730000","731000","732000","733000","734000","735000","736000","737000","738000","728000","727000","726000","725000","724000","723000","722000","721000","720000","719000","60","726","154","90","9","59","104","105","10","111","71","5","2","18","2","3","13","54","32","37","1428","237","0","0","0","0","0","-728000","5","-100.00","887","0","1","0","0","","0","0","0","","",""
"080046","0002","0","729000","730000","731000","732000","733000","734000","735000","736000","737000","738000","728000","727000","726000","725000","724000","723000","722000","721000","720000","719000","60","726","154","90","9","59","104","105","10","111","71","5","2","18","2","3","13","66","32","39","1428","251","0","0","0","0","0","-728000","5","-100.00","887","0","14","0","0","","0","0","0","","",""
"080047","0000","0","729000","730000","731000","732000","733000","734000","735000","736000","737000","738000","728000","727000","726000","725000","724000","723000","722000","721000","720000","719000","60","726","154","90","9","59","104","105","10","111","71","5","2","18","2","3","13","66","32","40","1428","252","0","0","0","0","0","-728000","5","-100.00","887","0","1","0","0","","0","0","0","","",""
"080047","0001","0","729000","730000","731000","732000","733000","734000","735000","736000","737000","738000","728000","727000","726000","725000","724000","723000","722000","721000","720000","719000","60","726","154","90","9","59","104","105","10","111","66","5","2","18","2","3","13","66","32","50","1428","257","0","0","0","0","0","-728000","5","-100.00","892","0","5","0","0","","0","0","0","","",""
"080048","0000","0","729000","730000","731000","732000","733000","734000","735000","736000","737000","738000","728000","727000","726000","725000","724000","723000","722000","721000","720000","719000","60","711","154","90","9","59","104","105","10","111","66","5","2","18","2","3","13","66","32","50","1413","257","0","0","0","0","0","-728000","5","-100.00","892","-15","0","0","0","","0","0","0","","",""
"080048","0001","0","729000","730000","731000","732000","733000","734000","735000","736000","737000","738000","728000","727000","726000","725000","724000","723000","722000","721000","720000","719000","75","711","154","90","9","59","104","105","10","111","76","5","2","18","2","3","13","66","32","50","1428","267","0","0","0","0","0","-728000","5","-100.00","892","15","10","0","0","","0","0","0","","",""
"080048","0002","0","729000","730000","731000","732000","733000","734000","735000","736000","737000","738000","728000","727000","726000","725000","724000","723000","722000","721000","720000","719000","75","722","154","90","9","59","104","105","10","111","76","5","2","18","2","3","13","66","32","50","1439","267","0","0","0","0","0","-728000","5","-100.00","893","11","0","0","0","","0","0","0","","",""
"080049","0000","0","729000","730000","731000","732000","733000","734000","735000","736000","737000","738000","728000","727000","726000","725000","724000","723000","722000","721000","720000","719000","279","723","154","90","9","59","104","105","10","111","91","5","2","18","2","3","13","66","32","50","1644","282","0","0","0","0","0","-728000","5","-100.00","893","205","15","0","0","","0","0","0","","",""
"080049","0001","0","729000","730000","731000","732000","733000","734000","735000","736000","737000","738000","728000","727000","726000","725000","724000","723000","722000","721000","720000","719000","279","723","154","90","9","59","104","105","10","111","90","5","2","18","2","3","13","66","32","50","1644","281","0","0","0","0","0","-728000","5","-100.00","894","0","-1","0","0","","0","0","0","","",""
"080050","0000","0","729000","730000","731000","732000","733000","734000","735000","736000","737000","738000","728000","727000","726000","725000","724000","723000","722000","721000","720000","719000","279","724","154","90","9","59","104","105","10","111","90","5","2","18","2","3","13","66","32","50","1645","281","0","0","0","0","0","-728000","5","-100.00","894","1","0","0","0","","0","0","0","","",""
"080050","0001","0","729000","730000","731000","732000","733000","734000","735000","736000","737000","738000","728000","727000","726000","725000","724000","723000","722000","721000","720000","719000","279","724","154","90","9","59","104","105","10","111","91","5","2","18","2","3","13","66","32","50","1645","282","0","0","0","0","0","-728000","5","-100.00","894","0","1","0","0","","0","0","0","","",""
"080050","0002","0","729000","730000","731000","732000","733000","734000","735000","736000","737000","738000","728000","727000","726000","725000","724000","723000","722000","721000","720000","719000","279","724","154","90","9","59","104","105","10","111","90","5","2","18","2","3","13","66","32","50","1645","281","0","0","0","0","0","-728000","5","-100.00","895","0","-1","0","0","","0","0","0","","",""
"080051","0000","0","729000","730000","731000","732000","733000","734000","735000","736000","737000","738000","728000","727000","726000","725000","724000","723000","722000","721000","720000","719000","279","724","154","90","9","59","104","105","10","111","89","5","2","18","2","3","13","66","32","50","1645","280","0","0","0","0","0","-728000","5","-100.00","896","0","-1","0","0","","0","0","0","","",""
"080051","0001","0","729000","730000","731000","732000","733000","734000","735000","736000","737000","738000","728000","727000","726000","725000","724000","723000","722000","721000","720000","719000","278","724","154","90","9","59","104","105","10","111","89","5","2","18","2","3","13","66","32","50","1644","280","0","0","0","0","0","-728000","5","-100.00","897","-1","0","0","0","","0","0","0","","",""
"080051","0002","0","729000","730000","731000","732000","733000","734000","735000","736000","737000","738000","728000","727000","726000","725000","724000","723000","722000","721000","720000","719000","278","729","154","90","14","59","104","105","10","111","89","5","2","18","2","3","13","66","32","50","1654","280","0","0","0","0","0","-728000","5","-100.00","897","10","0","0","0","","0","0","0","","",""
"080051","0003","0","729000","730000","731000","732000","733000","734000","735000","736000","737000","738000","728000","727000","726000","725000","724000","723000","722000","721000","720000","719000","278","809","154","90","14","59","24","105","10","111","89","5","2","18","3","3","13","66","32","50","1654","281","0","0","0","0","0","-728000","5","-100.00","897","0","1","0","0","","0","0","0","","",""
"080052","0000","0","729000","730000","731000","732000","733000","734000","735000","736000","737000","738000","728000","727000","726000","725000","724000","723000","722000","721000","720000","719000","291","809","154","90","14","59","24","105","10","111","99","5","2","18","3","3","13","66","32","50","1667","291","0","0","0","0","0","-728000","5","-100.00","897","13","10","0","0","","0","0","0","","",""
"080052","0001","0","729000","730000","731000","732000","733000","734000","735000","736000","737000","738000","728000","727000","726000","725000","724000","723000","722000","721000","720000","719000","291","709","154","90","14","59","24","105","10","111","99","5","2","18","3","3","13","66","32","50","1567","291","0","0","0","0","0","-728000","5","-100.00","897","-100","0","0","0","","0","0","0","","",""
"080052","0002","0","729000","730000","731000","732000","733000","734000","735000","736000","737000","738000","728000","727000","726000","725000","724000","723000","722000","721000","720000","719000","291","694","154","90","14","59","24","105","10","111","83","5","2","18","3","3","13","66","32","50","1552","275","0","0","0","0","0","-728000","5","-100.00","913","-15","-16","0","0","","0","0","0","","",""
"080052","0003","0","729000","730000","731000","732000","733000","734000","735000","736000","737000","738000","728000","727000","726000","725000","724000","723000","722000","721000","720000","719000","292","694","154","90","14","59","24","105","10","111","84","5","2","18","3","3","13","66","33","50","1553","277","0","0","0","0","0","-728000","5","-100.00","913","1","2","0","0","","0","0","0","","",""
"080053","0000","0","729000","730000","731000","732000","733000","734000","735000","736000","737000","738000","728000","727000","726000","725000","724000","723000","722000","721000","720000","719000","292","694","154","90","14","59","24","105","10","111","85","5","2","18","3","3","13","66","34","50","1553","279","0","0","0","0","0","-728000","5","-100.00","913","0","2","0","0","","0","0","0","","",""
"080053","0001","0","729000","730000","731000","732000","733000","734000","735000","736000","737000","738000","728000","727000","726000","725000","724000","723000","722000","721000","720000","719000","292","694","154","90","14","59","124","105","10","111","85","5","4","38","3","4","13","66","34","50","1653","302","0","0","0","0","0","-728000","5","-100.00","913","100","23","0","0","","0","0","0","","",""
"080053","0002","0","729000","730000","731000","732000","733000","734000","735000","736000","737000","738000","728000","727000","726000","725000","724000","723000","722000","721000","720000","719000","292","694","154","90","14","59","124","105","10","111","85","5","4","38","3","4","13","66","35","50","1653","303","0","0","0","0","0","-728000","5","-100.00","913","0","1","0","0","","0","0","0","","",""
"080053","0003","0","729000","730000","731000","732000","733000","734000","735000","736000","737000","738000","728000","727000","726000","725000","724000","723000","722000","721000","720000","719000","272","694","154","90","14","59","124","105","10","111","85","5","4","38","3","4","13","66","35","50","1633","303","0","0","0","0","0","-728000","5","-100.00","933","-20","0","0","0","","0","0","0","","",""
"080053","0004","0","729000","730000","731000","732000","733000","734000","735000","736000","737000","738000","728000","727000","726000","725000","724000","723000","722000","721000","720000","719000","271","694","154","90","14","59","124","105","11","111","85","5","4","39","3","4","13","66","35","50","1633","304","0","0","0","0","0","-728000","5","-100.00","934","0","1","0","0","","0","0","0","","",""
"080054","0000","0","729000","730000","731000","732000","733000","734000","735000","736000","737000","738000","728000","727000","726000","725000","724000","723000","722000","721000","720000","719000","271","694","154","90","14","64","124","105","11","111","85","5","4","39","3","4","13","66","35","50","1638","304","0","0","0","0","0","-728000","5","-100.00","934","5","0","0","0","","0","0","0","","",""
"080054","0001","0","729000","730000","731000","732000","733000","734000","735000","736000","737000","738000","728000","727000","726000","725000","724000","723000","722000","721000","720000","719000","271","694","154","90","14","64","125","105","11","111","86","5","4","39","3","4","13","66","35","50","1639","305","0","0","0","0","0","-728000","5","-100.00","934","1","1","0","0","","0","0","0","","",""
"080054","0002","0","729000","730000","731000","732000","733000","734000","735000","736000","737000","738000","728000","727000","726000","725000","724000","723000","722000","721000","720000","719000","271","684","154","90","14","64","125","105","11","111","76","5","4","39","3","4","13","66","35","50","1629","295","0","0","0","0","0","-728000","5","-100.00","944","-10","-10","0","0","","0","0","0","","",""
"080055","0000","0","729000","730000","731000","732000","733000","734000","735000","736000","737000","738000","728000","727000","726000","725000","724000","723000","722000","721000","720000","719000","271","684","154","90","14","64","125","105","11","111","79","6","4","39","3","4","13","66","35","50","1629","299","0","0","0","0","0","-728000","5","-100.00","944","0","4","0","0","","0","0","0","","",""
"080055","0001","0","729000","730000","731000","732000","733000","734000","735000","736000","737000","738000","728000","727000","726000","725000","724000","723000","722000","721000","720000","719000","310","645","154","90","14","64","125","105","11","111","79","6","4","39","3","4","13","66","35","50","1629","299","0","0","0","0","0","-728000","5","-100.00","944","0","0","0","0","","0","0","0","","",""
"080056","0000","0","729000","730000","731000","732000","733000","734000","735000","736000","737000","738000","728000","727000","726000","725000","724000","723000","722000","721000","720000","719000","310","645","154","90","14","14","125","105","11","111","79","6","4","39","3","4","13","66","35","50","1579","299","0","0","0","0","0","-728000","5","-100.00","944","-50","0","0","0","","0","0","0","","",""
"080056","0001","0","729000","730000","731000","732000","733000","734000","735000","736000","737000","738000","728000","727000","726000","725000","724000","723000","722000","721000","720000","719000","309","645","154","90","14","14","125","105","11","111","79","6","4","39","3","4","13","66","35","50","1578","299","0","0","0","0","0","-728000","5","-100.00","945","-1","0","0","0","","0","0","0","","",""
"080056","0002","0","729000","730000","731000","732000","733000","734000","735000","736000","737000","738000","728000","727000","726000","725000","724000","723000","722000","721000","720000","719000","309","645","154","90","14","14","125","105","11","111","78","6","4","39","3","4","13","66","35","50","1578","298","0","0","0","0","0","-728000","5","-100.00","946","0","-1","0","0","","0","0","0","","",""
"080056","0003","0","729000","730000","731000","732000","733000","734000","735000","736000","737000","738000","728000","727000","726000","725000","724000","723000","722000","721000","720000","719000","309","645","154","90","14","14","129","105","11","111","78","6","4","39","3","4","13","66","35","50","1582","298","0","0","0","0","0","-728000","5","-100.00","946","4","0","0","0","","0","0","0","","",""
"080057","0000","0","729000","730000","731000","732000","733000","734000","735000","736000","737000","738000","728000","727000","726000","725000","724000","723000","722000","721000","720000","719000","309","645","154","90","14","14","129","105","11","111","77","6","4","39","3","4","13","66","35","51","1582","298","0","0","0","0","0","-728000","5","-100.00","947","0","0","0","0","","0","0","0","","",""
"080057","0001","0","729000","730000","731000","732000","733000","734000","735000","736000","737000","738000","728000","727000","726000","725000","724000","723000","722000","721000","720000","719000","309","645","154","90","14","14","129","105","11","111","77","6","4","39","3","4","13","66","35","52","1582","299","0","0","0","0","0","-728000","5","-100.00","947","0","1","0","0","","0","0","0","","",""
"080058","0000","0","729000","730000","731000","732000","733000","734000","735000","736000","737000","738000","728000","727000","726000","725000","724000","723000","722000","721000","720000","719000","309","605","154","90","14","14","129","105","11","111","77","6","4","39","3","4","13","66","35","52","1542","299","0","0","0","0","0","-728000","5","-100.00","947","-40","0","0","0","","0","0","0","","",""
"080058","0001","0","729000","730000","731000","732000","733000","734000","735000","736000","737000","738000","728000","727000","726000","725000","724000","723000","722000","721000","720000","719000","309","605","154","90","14","14","134","105","11","111","77","6","4","39","3","4","13","66","35","52","1547","299","0","0","0","0","0","-728000","5","-100.00","947","5","0","0","0","","0","0","0","","",""
"080058","0002","0","729000","730000","731000","732000","733000","734000","735000","736000","737000","738000","728000","727000","726000","725000","724000","723000","722000","721000","720000","719000","314","605","154","90","14","14","134","105","11","111","97","6","4","39","3","4","13","66","35","52","1552","319","0","0","0","0","0","-728000","5","-100.00","947","5","20","0","0","","0","0","0","","",""
"080058","0003","0","729000","730000","731000","732000","733000","734000","735000","736000","737000","738000","728000","727000","726000","725000","724000","723000","722000","721000","720000","719000","246","605","154","90","14","14","134","105","11","111","97","6","4","39","3","4","13","66","35","52","1484","319","0","0","0","0","0","-728000","5","-100.00","1015","-68","0","0","0","","0","0","0","","",""
"080058","0004","0","729000","730000","731000","732000","733000","734000","735000","736000","737000","738000","728000","727000","726000","725000","724000","723000","722000","721000","720000","719000","246","605","154","90","14","14","134","105","11","111","98","6","4","39","3","4","13","66","35","52","1484","320","0","0","0","0","0","-728000","5","-100.00","1015","0","1","0","0","","0","0","0","","",""
"080059","0000","0","729000","730000","731000","732000","733000","734000","735000","736000","737000","738000","728000","727000","726000","725000","724000","723000","722000","721000","720000","719000","246","599","154","90","14","14","134","105","11","111","98","6","4","39","3","4","13","66","35","52","1478","320","0","0","0","0","0","-728000","5","-100.00","1015","-6","0","0","0","","0","0","0","","",""
"080059","0001","0","729000","730000","731000","732000","733000","734000","735000","736000","737000","738000","728000","727000","726000","725000","724000","723000","722000","721000","720000","719000","246","599","154","90","14","14","134","105","11","111","108","6","4","39","3","4","13","66","35","52","1478","330","0","0","0","0","0","-728000","5","-100.00","1015","0","10","0","0","","0","0","0","","",""
"080059","0002","0","729000","730000","731000","732000","733000","734000","735000","736000","737000","738000","728000","727000","726000","725000","724000","723000","722000","721000","720000","719000","247","599","154","90","14","14","134","105","11","111","108","6","4","39","3","4","13","66","35","52","1479","330","0","0","0","0","0","-728000","5","-100.00","1015","1","0","0","0","","0","0","0","","",""
"080100","0000","0","729000","730000","731000","732000","733000","734000","735000","736000","737000","738000","728000","727000","726000","725000","724000","723000","722000","721000","720000","719000","247","599","154","90","14","14","134","105","11","111","113","6","4","34","3","4","13","66","35","52","1479","330","0","0","0","0","0","-728000","5","-100.00","1015","0","0","0","0","","0","0","0","","",""
"080100","0001","0","729000","730000","731000","732000","733000","734000","735000","736000","737000","738000","728000","727000","726000","725000","724000","723000","722000","721000","720000","719000","248","599","154","90","14","14","134","105","11","111","114","6","4","34","3","4","13","66","35","52","1480","331","0","0","0","0","0","-728000","5","-100.00","1015","1","1","0","0","","0","0","0","","",""
"080100","0002","0","729000","730000","731000","732000","733000","734000","735000","736000","737000","738000","728000","727000","726000","725000","724000","723000","722000","721000","720000","719000","248","599","144","90","14","14","134","105","11","111","113","6","4","34","3","4","13","66","35","52","1470","330","0","0","0","0","0","-728000","5","-100.00","1016","-10","-1","0","0","","0","0","0","","",""
"080100","0003","0","729000","730000","731000","732000","733000","734000","735000","736000","737000","738000","728000","727000","726000","725000","724000","723000","722000","721000","720000","719000","248","599","144","90","14","14","134","110","11","111","113","6","4","34","3","4","13","66","35","52","1475","330","0","0","0","0","0","-728000","5","-100.00","1016","5","0","0","0","","0","0","0","","",""
"080100","0004","0","729000","730000","731000","732000","733000","734000","735000","736000","737000","738000","728000","727000","726000","725000","724000","723000","722000","721000","720000","719000","250","599","144","90","14","14","134","110","11","111","113","7","4","34","3","4","13","66","35","52","1477","331","0","0","0","0","0","-728000","5","-100.00","1016","2","1","0","0","","0","0","0","","",""
"080101","0000","0","729000","730000","731000","732000","733000","734000","735000","736000","737000","738000","728000","727000","726000","725000","724000","723000","722000","721000","720000","719000","250","599","144","91","14","14","134","110","11","111","113","7","4","34","3","4","13","66","35","52","1478","331","0","0","0","0","0","-728000","5","-100.00","1016","1","0","0","0","","0","0","0","","",""
"080101","0001","0","729000","730000","731000","732000","733000","734000","735000","736000","737000","738000","728000","727000","726000","725000","724000","723000","722000","721000","720000","719000","240","599","144","91","14","14","134","110","11","111","113","7","4","34","3","4","13","66","35","52","1468","331","0","0","0","0","0","-728000","5","-100.00","1026","-10","0","0","0","","0","0","0","","",""
"080101","0002","0","729000","730000","731000","732000","733000","734000","735000","736000","737000","738000","728000","727000","726000","725000","724000","723000","722000","721000","720000","719000","240","599","144","91","14","14","134","110","11","111","118","7","4","34","3","4","13","66","35","52","1468","336","0","0","0","0","0","-728000","5","-100.00","1026","0","5","0","0","","0","0","0","","",""
"080102","0000","0","729000","730000","731000","732000","733000","734000","735000","736000","737000","738000","728000","727000","726000","725000","724000","723000","722000","721000","720000","719000","240","579","144","91","14","14","134","110","11","111","98","7","4","34","3","4","13","66","35","52","1448","316","0","0","0","0","0","-728000","5","-100.00","1046","-20","-20","0","0","","0","0","0","","",""
"080102","0001","0","729000","730000","731000","732000","733000","734000","735000","736000","737000","738000","728000","727000","726000","725000","724000","723000","722000","721000","720000","719000","239","579","144","91","14","14","134","110","11","111","98","7","4","34","3","4","13","66","35","52","1447","316","0","0","0","0","0","-728000","5","-100.00","1047","-1","0","0","0","","0","0","0","","",""
"080103","0000","0","729000","730000","731000","732000","733000","734000","735000","736000","737000","738000","728000","727000","726000","725000","724000","723000","722000","721000","720000","719000","240","578","144","91","14","14","134","110","11","111","98","7","4","34","3","4","13","66","35","52","1447","316","0","0","0","0","0","-728000","5","-100.00","1047","0","0","0","0","","0","0","0","","",""
"080103","0001","0","729000","730000","731000","732000","733000","734000","735000","736000","737000","738000","728000","727000","726000","725000","724000","723000","722000","721000","720000","719000","240","578","144","91","14","14","134","110","11","111","98","7","5","34","3","4","13","66","35","52","1447","317","0","0","0","0","0","-728000","5","-100.00","1047","0","1","0","0","","0","0","0","","",""
"080103","0002","0","729000","730000","731000","732000","733000","734000","735000","736000","737000","738000","728000","727000","726000","725000","724000","723000","722000","721000","720000","719000","240","578","144","91","14","14","134","110","16","111","98","7","5","34","3","4","13","66","35","52","1452","317","0","0","0","0","0","-728000","5","-100.00","1047","5","0","0","0","","0","0","0","","",""
"080104","0000","0","729000","730000","731000","732000","733000","734000","735000","736000","737000","738000","728000","727000","726000","725000","724000","723000","722000","721000","720000","719000","240","578","144","91","14","14","134","110","16","111","99","7","5","34","3","4","13","66","35","52","1452","318","0","0","0","0","0","-728000","5","-100.00","1048","0","1","0","0","","0","0","0","","",""
"080104","0001","0","729000","730000","731000","732000","733000","734000","735000","736000","737000","738000","728000","727000","726000","725000","724000","723000","722000","721000","720000","719000","250","578","144","91","14","14","134","110","16","111","99","7","5","34","3","4","13","66","35","52","1462","318","0","0","0","0","0","-728000","5","-100.00","1048","10","0","0","0","","0","0","0","","",""
"080104","0002","0","729000","730000","731000","732000","733000","734000","735000","736000","737000","738000","728000","727000","726000","725000","724000","723000","722000","721000","720000","719000","250","671","144","91","14","14","134","110","16","111","99","7","5","34","3","4","13","66","35","52","1555","318","0","0","0","0","0","-728000","5","-100.00","1048","93","0","0","0","","0","0","0","","",""
"080105","0000","0","729000","730000","731000","732000","733000","734000","735000","736000","737000","738000","728000","727000","726000","725000","724000","723000","722000","721000","720000","719000","250","671","144","91","44","14","134","110","16","111","101","7","5","34","3","4","13","66","35","52","1585","320","0","0","0","0","0","-728000","5","-100.00","1048","30","2","0","0","","0","0","0","","",""
"080105","0001","0","729000","730000","731000","732000","733000","734000","735000","736000","737000","738000","728000","727000","726000","725000","724000","723000","722000","721000","720000","719000","250","671","144","91","44","14","134","110","16","111","100","7","5","34","3","4","13","66","35","53","1585","320","0","0","0","0","0","-728000","5","-100.00","1049","0","0","0","0","","0","0","0","","",""
"080339","0000","0","731000","732000","733000","734000","735000","736000","737000","738000","739000","740000","730000","729000","728000","727000","726000","725000","724000","723000","722000","721000","85","24","82","361","1890","37","35","69","376","1234","95","35","665","102","33","37","29","38","248","174","4193","1456","0","0","0","0","0","-728000","5","-100.00","6152","1","5","0","0","","0","0","0","","",""
"080339","0001","0","731000","732000","733000","734000","735000","736000","737000","738000","739000","740000","730000","729000","728000","727000","726000","725000","724000","723000","722000","721000","85","24","82","361","1890","37","35","69","376","1234","95","35","865","102","33","37","29","38","248","174","4193","1656","0","0","0","0","0","-728000","5","-100.00","6152","0","200","0","0","","0","0","0","","",""
"080339","0002","0","731000","732000","733000","734000","735000","736000","737000","738000","739000","740000","730000","729000","728000","727000","726000","725000","724000","723000","722000","721000","85","24","82","361","1890","37","35","69","376","1234","95","36","865","102","33","37","29","38","248","174","4193","1657","0","0","0","0","0","-728000","5","-100.00","6152","0","1","0","0","","0","0","0","","",""
"080339","0003","0","731000","732000","733000","734000","735000","736000","737000","738000","739000","740000","730000","729000","728000","727000","726000","725000","724000","723000","722000","721000","84","24","82","361","1890","37","35","69","376","1234","94","36","865","102","33","37","29","38","248","175","4192","1657","0","0","0","0","0","-728000","5","-100.00","6153","-1","0","0","0","","0","0","0","","",""
"080340","0000","0","731000","732000","733000","734000","735000","736000","737000","738000","739000","740000","730000","729000","728000","727000","726000","725000","724000","723000","722000","721000","84","24","82","361","1890","37","35","69","376","1234","94","36","865","101","33","37","29","38","248","175","4192","1656","0","0","0","0","0","-728000","5","-100.00","6153","0","-1","0","0","","0","0","0","","",""
"080340","0001","0","731000","732000","733000","734000","735000","736000","737000","738000","739000","740000","730000","729000","728000","727000","726000","725000","724000","723000","722000","721000","83","24","82","361","1890","37","35","69","376","1234","95","36","865","101","33","37","29","38","248","175","4191","1657","0","0","0","0","0","-728000","5","-100.00","6154","-1","1","0","0","","0","0","0","","",""
"080341","0000","0","731000","732000","733000","734000","735000","736000","737000","738000","739000","740000","730000","729000","728000","727000","726000","725000","724000","723000","722000","721000","83","24","82","361","1890","37","35","69","376","1234","95","36","863","101","33","37","29","38","248","175","4191","1655","0","0","0","0","0","-728000","5","-100.00","6154","0","-2","0","0","","0","0","0","","",""
"080341","0001","0","731000","732000","733000","734000","735000","736000","737000","738000","739000","740000","730000","729000","728000","727000","726000","725000","724000","723000","722000","721000","63","24","82","361","1890","37","35","69","376","1234","95","36","863","101","33","37","29","38","248","175","4171","1655","0","0","0","0","0","-728000","5","-100.00","6154","-20","0","0","0","","0","0","0","","",""
"080342","0000","0","731000","732000","733000","734000","735000","736000","737000","738000","739000","740000","730000","729000","728000","727000","726000","725000","724000","723000","722000","721000","63","24","82","361","1890","37","35","69","376","1234","98","36","863","101","33","37","29","38","248","175","4171","1658","0","0","0","0","0","-728000","5","-100.00","6154","0","3","0","0","","0","0","0","","",""
"080342","0001","0","731000","732000","733000","734000","735000","736000","737000","738000","739000","740000","730000","729000","728000","727000","726000","725000","724000","723000","722000","721000","63","24","82","361","1890","37","35","69","376","1244","98","36","863","101","33","37","29","38","248","175","4181","1658","0","0","0","0","0","-728000","5","-100.00","6154","10","0","0","0","","0","0","0","","",""
"080343","0000","0","731000","732000","733000","734000","735000","736000","737000","738000","739000","740000","730000","729000","728000","727000","726000","725000","724000","723000","722000","721000","63","24","82","361","1890","37","35","69","376","1244","103","36","863","101","33","37","29","38","248","175","4181","1663","0","0","0","0","0","-728000","5","-100.00","6154","0","5","0","0","","0","0","0","","",""
"080343","0001","0","731000","732000","733000","734000","735000","736000","737000","738000","739000","740000","730000","729000","728000","727000","726000","725000","724000","723000","722000","721000","53","24","82","361","1890","37","35","69","376","1244","103","36","863","101","33","37","29","38","248","175","4171","1663","0","0","0","0","0","-728000","5","-100.00","6164","-10","0","0","0","","0","0","0","","",""
"080343","0002","0","731000","732000","733000","734000","735000","736000","737000","738000","739000","740000","730000","729000","728000","727000","726000","725000","724000","723000","722000","721000","54","24","82","361","1890","37","35","69","376","1244","103","36","863","101","33","37","29","38","248","175","4172","1663","0","0","0","0","0","-728000","5","-100.00","6164","1","0","0","0","","0","0","0","","",""
"080343","0003","0","731000","732000","733000","734000","735000","736000","737000","738000","739000","740000","730000","729000","728000","727000","726000","725000","724000","723000","722000","721000","54","24","82","361","1890","37","45","69","376","1244","103","36","863","101","33","37","29","38","248","175","4182","1663","0","0","0","0","0","-728000","5","-100.00","6164","10","0","0","0","","0","0","0","","",""
"080344","0000","0","731000","732000","733000","734000","735000","736000","737000","738000","739000","740000","730000","729000","728000","727000","726000","725000","724000","723000","722000","721000","52","24","82","361","1890","37","45","69","376","1244","100","36","863","101","33","37","29","38","248","175","4180","1660","0","0","0","0","0","-728000","5","-100.00","6168","-1","-3","0","0","","0","0","0","","",""
"080344","0001","0","731000","732000","733000","734000","735000","736000","737000","738000","739000","740000","730000","729000","728000","727000","726000","725000","724000","723000","722000","721000","52","28","82","361","1890","37","45","69","376","1244","101","36","863","101","33","37","28","38","248","175","4184","1660","0","0","0","0","0","-728000","5","-100.00","6168","4","0","0","0","","0","0","0","","",""
"080344","0002","0","731000","732000","733000","734000","735000","736000","737000","738000","739000","740000","730000","729000","728000","727000","726000","725000","724000","723000","722000","721000","52","28","82","361","1890","37","45","69","376","1244","101","36","863","101","33","37","28","39","248","175","4184","1661","0","0","0","0","0","-728000","5","-100.00","6168","0","1","0","0","","0","0","0","","",""
"080345","0000","0","731000","732000","733000","734000","735000","736000","737000","738000","739000","740000","730000","729000","728000","727000","726000","725000","724000","723000","722000","721000","52","28","82","361","1890","37","45","69","376","1244","101","46","863","101","33","37","28","39","248","175","4184","1671","0","0","0","0","0","-728000","5","-100.00","6168","0","10","0","0","","0","0","0","","",""
"080345","0001","0","731000","732000","733000","734000","735000","736000","737000","738000","739000","740000","730000","729000","728000","727000","726000","725000","724000","723000","722000","721000","67","28","82","361","1890","37","45","69","376","1244","101","47","863","101","33","37","28","39","248","175","4199","1672","0","0","0","0","0","-728000","5","-100.00","6168","15","1","0","0","","0","0","0","","",""
"080345","0002","0","731000","732000","733000","734000","735000","736000","737000","738000","739000","740000","730000","729000","728000","727000","726000","725000","724000","723000","722000","721000","67","28","82","371","1890","37","45","69","376","1244","101","47","863","101","33","37","28","39","248","175","4209","1672","0","0","0","0","0","-728000","5","-100.00","6168","10","0","0","0","","0","0","0","","",""
"080346","0000","0","731000","732000","733000","734000","735000","736000","737000","738000","739000","740000","730000","729000","728000","727000","726000","725000","724000","723000","722000","721000","67","28","82","371","1890","37","45","69","376","1244","101","47","873","101","33","37","28","39","248","175","4209","1682","0","0","0","0","0","-728000","5","-100.00","6168","0","10","0","0","","0","0","0","","",""
"080346","0001","0","731000","732000","733000","734000","735000","736000","737000","738000","739000","740000","730000","729000","728000","727000","726000","725000","724000","723000","722000","721000","67","28","82","371","1890","37","45","69","376","1244","102","47","873","101","33","37","28","39","248","175","4209","1683","0","0","0","0","0","-728000","5","-100.00","6168","0","1","0","0","","0","0","0","","",""
"080346","0002","0","731000","732000","733000","734000","735000","736000","737000","738000","739000","740000","730000","729000","728000","727000","726000","725000","724000","723000","722000","721000","57","28","82","371","1890","37","45","69","376","1244","107","47","873","101","33","37","28","39","248","175","4199","1688","0","0","0","0","0","-728000","5","-100.00","6178","-10","5","0","0","","0","0","0","","",""
"080347","0000","0","731000","732000","733000","734000","735000","736000","737000","738000","739000","740000","730000","729000","728000","727000","726000","725000","724000","723000","722000","721000","57","28","147","371","1890","37","45","69","376","1244","107","47","873","101","33","37","28","39","248","175","4264","1688","0","0","0","0","0","-728000","5","-100.00","6178","65","0","0","0","","0","0","0","","",""
"080347","0001","0","731000","732000","733000","734000","735000","736000","737000","738000","739000","740000","730000","729000","728000","727000","726000","725000","724000","723000","722000","721000","58","28","147","371","1890","37","45","69","376","1244","107","47","874","101","33","37","28","39","248","175","4265","1689","0","0","0","0","0","-728000","5","-100.00","6178","0","1","0","0","","0","0","0","","",""
"080347","0002","0","731000","732000","733000","734000","735000","736000","737000","738000","739000","740000","730000","729000","728000","727000","726000","725000","724000","723000","722000","721000","58","28","147","371","1890","37","45","69","386","1244","107","47","874","101","33","37","28","39","248","175","4275","1689","0","0","0","0","0","-728000","5","-100.00","6178","10","0","0","0","","0","0","0","","",""
"080349","0000","0","731000","732000","733000","734000","735000","736000","737000","738000","739000","740000","730000","729000","728000","727000","726000","725000","724000","723000","722000","721000","57","28","147","371","1890","37","45","69","386","1244","107","47","874","101","33","37","28","39","248","175","4274","1689","0","0","0","0","0","-728000","5","-100.00","6179","-1","0","0","0","","0","0","0","","",""
"080350","0000","0","731000","732000","733000","734000","735000","736000","737000","738000","739000","740000","730000","729000","728000","727000","726000","725000","724000","723000","722000","721000","57","28","147","373","1891","40","45","69","386","1244","107","47","874","101","33","37","28","39","248","175","4280","1689","0","0","0","0","0","-728000","5","-100.00","6179","4","0","0","0","","0","0","0","","",""
"080350","0001","0","731000","732000","733000","734000","735000","736000","737000","738000","739000","740000","730000","729000","728000","727000","726000","725000","724000","723000","722000","721000","58","28","147","373","1891","40","45","69","386","1244","107","47","874","101","33","37","28","39","248","175","4281","1689","0","0","0","0","0","-728000","5","-100.00","6179","1","0","0","0","","0","0","0","","",""
"080350","0002","0","731000","732000","733000","734000","735000","736000","737000","738000","739000","740000","730000","729000","728000","727000","726000","725000","724000","723000","722000","721000","58","28","147","378","1891","40","45","69","386","1244","107","47","874","101","33","37","28","39","248","175","4286","1689","0","0","0","0","0","-728000","5","-100.00","6179","5","0","0","0","","0","0","0","","",""
"080351","0000","0","731000","732000","733000","734000","735000","736000","737000","738000","739000","740000","730000","729000","728000","727000","726000","725000","724000","723000","722000","721000","59","16","147","378","1891","40","45","69","386","1244","107","47","874","101","33","37","28","39","248","175","4275","1689","0","0","0","0","0","-728000","5","-100.00","6179","-11","0","0","0","","0","0","0","","",""
"080351","0001","0","731000","732000","733000","734000","735000","736000","737000","738000","739000","740000","730000","729000","728000","727000","726000","725000","724000","723000","722000","721000","58","16","147","378","1891","40","45","69","386","1244","107","47","874","101","33","37","28","39","248","175","4274","1689","0","0","0","0","0","-728000","5","-100.00","6180","-1","0","0","0","","0","0","0","","",""
"080351","0002","0","731000","732000","733000","734000","735000","736000","737000","738000","739000","740000","730000","729000","728000","727000","726000","725000","724000","723000","722000","721000","89","16","147","378","1891","40","45","69","386","1244","107","47","862","101","33","37","28","39","248","175","4305","1677","0","0","0","0","0","-728000","5","-100.00","6180","31","-12","0","0","","0","0","0","","",""
"080351","0003","0","731000","732000","733000","734000","735000","736000","737000","738000","739000","740000","730000","729000","728000","727000","726000","725000","724000","723000","722000","721000","89","16","147","378","1891","40","45","69","386","1244","107","47","863","101","33","37","28","39","248","175","4305","1678","0","0","0","0","0","-728000","5","-100.00","6180","0","1","0","0","","0","0","0","","",""
"080352","0000","0","731000","732000","733000","734000","735000","736000","737000","738000","739000","740000","730000","729000","728000","727000","726000","725000","724000","723000","722000","721000","88","16","147","378","1891","40","45","69","386","1244","107","46","863","101","33","37","28","39","248","175","4304","1677","0","0","0","0","0","-728000","5","-100.00","6181","-1","-1","0","0","","0","0","0","","",""
"080352","0001","0","731000","732000","733000","734000","735000","736000","737000","738000","739000","740000","730000","729000","728000","727000","726000","725000","724000","723000","722000","721000","87","16","147","378","1892","40","45","79","386","1244","107","46","863","101","33","37","28","39","248","175","4314","1677","0","0","0","0","0","-728000","5","-100.00","6182","1","0","0","0","","0","0","0","","",""
"080352","0002","0","731000","732000","733000","734000","735000","736000","737000","738000","739000","740000","730000","729000","728000","727000","726000","725000","724000","723000","722000","721000","87","16","147","378","1892","40","45","79","386","1244","97","46","863","101","33","37","28","39","248","175","4314","1667","0","0","0","0","0","-728000","5","-100.00","6192","0","-10","0","0","","0","0","0","","",""
"080353","0000","0","731000","732000","733000","734000","735000","736000","737000","738000","739000","740000","730000","729000","728000","727000","726000","725000","724000","723000","722000","721000","87","16","147","378","1892","40","45","79","386","1244","97","46","863","101","33","37","28","39","249","175","4314","1668","0","0","0","0","0","-728000","5","-100.00","6192","0","1","0","0","","0","0","0","","",""
"080353","0001","0","731000","732000","733000","734000","735000","736000","737000","738000","739000","740000","730000","729000","728000","727000","726000","725000","724000","723000","722000","721000","89","16","147","378","1892","40","45","79","386","1244","97","46","863","101","33","37","28","39","249","175","4316","1668","0","0","0","0","0","-728000","5","-100.00","6192","2","0","0","0","","0","0","0","","",""
"080354","0000","0","731000","732000","733000","734000","735000","736000","737000","738000","739000","740000","730000","729000","728000","727000","726000","725000","724000","723000","722000","721000","88","16","147","378","1892","40","45","79","386","1244","97","46","863","101","33","37","28","39","249","175","4315","1668","0","0","0","0","0","-728000","5","-100.00","6193","-1","0","0","0","","0","0","0","","",""
"080355","0000","0","731000","732000","733000","734000","735000","736000","737000","738000","739000","740000","730000","729000","728000","727000","726000","725000","724000","723000","722000","721000","88","16","147","378","1892","40","46","79","386","1244","97","46","863","101","33","37","28","39","249","175","4316","1668","0","0","0","0","0","-728000","5","-100.00","6193","1","0","0","0","","0","0","0","","",""
"080355","0001","0","731000","732000","733000","734000","735000","736000","737000","738000","739000","740000","730000","729000","728000","727000","726000","725000","724000","723000","722000","721000","87","16","147","378","1892","40","46","79","386","1244","97","46","863","101","33","37","28","39","249","175","4315","1668","0","0","0","0","0","-728000","5","-100.00","6194","-1","0","0","0","","0","0","0","","",""
"080355","0002","0","731000","732000","733000","734000","735000","736000","737000","738000","739000","740000","730000","729000","728000","727000","726000","725000","724000","723000","722000","721000","88","16","147","378","1892","40","46","79","386","1244","97","46","863","101","33","37","28","39","249","175","4316","1668","0","0","0","0","0","-728000","5","-100.00","6194","1","0","0","0","","0","0","0","","",""
"080355","0003","0","731000","732000","733000","734000","735000","736000","737000","738000","739000","740000","730000","729000","728000","727000","726000","725000","724000","723000","722000","721000","87","16","147","378","1892","40","46","79","386","1244","96","46","863","101","33","37","28","39","249","175","4315","1667","0","0","0","0","0","-728000","5","-100.00","6195","-1","-1","0","0","","0","0","0","","",""
"080355","0004","0","731000","732000","733000","734000","735000","736000","737000","738000","739000","740000","730000","729000","728000","727000","726000","725000","724000","723000","722000","721000","87","16","147","378","1892","40","49","79","386","1244","98","44","863","101","33","37","28","39","249","175","4318","1667","0","0","0","0","0","-728000","5","-100.00","6195","3","0","0","0","","0","0","0","","",""
"080356","0000","0","731000","732000","733000","734000","735000","736000","737000","738000","739000","740000","730000","729000","728000","727000","726000","725000","724000","723000","722000","721000","89","16","147","378","1892","40","49","79","386","1244","98","44","863","101","33","37","28","39","249","175","4320","1667","0","0","0","0","0","-728000","5","-100.00","6195","2","0","0","0","","0","0","0","","",""
